4706 5818
108 305 197 378 tots
421 289 425 306 ⁴
474 295 506 313 ··
578 308 582 321 ·
659 297 687 378 t
737 265 1033 374 erroneos·
1054 289 1304 375 santonis.
1351 267 1477 372 rans
1501 295 1554 376 11.
2012 299 2113 377 mse

104 471 271 566 etipssiu
284 469 696 541 convivio-obtruncatus
714 480 776 542 cst.
827 465 916 542 Mor
936 479 973 538 ct
995 487 1075 537 suo-
1127 466 1269 539 'l'otilae
1292 467 1542 558 patefecerunt.
1594 467 1697 544 Cotti
1715 469 1871 562 ingressi
1885 473 2013 542 urbem
2025 493 2107 564 pas·

104 597 210 647 osssor
235 570 541 662 eius-inserturus
569 584 630 642 est.
689 568 743 641 lta
765 569 860 639 intra
887 566 1075 640 biennium
1125 569 1192 640 sim
1220 567 1347 639 obvios
1374 569 1609 659 interficiunt,
1640 573 1680 645 lit
1708 573 1882 665 direptio,
1915 585 1949 644 el
1979 595 2107 662 magna

102 678 187 750 ¹dttos
203 668 418 762 regesGotti
432 667 694 743 interimerunt.
1125 692 1207 762 pars
1236 669 1479 740 aedificiorum
1507 671 1673 744 incendio
1700 673 1802 766 perit.
1861 671 1963 744 lubet
1985 669 2107 742 Totila

197 771 289 846 Cum
310 772 420 860 igitur
443 785 480 843 et
492 768 666 843 Romanis
690 768 796 840 bellis
817 783 853 841 et
875 768 1077 841 domesticis
1125 783 1161 842 et
1180 791 1303 840 muros
1323 770 1431 841 dirui.
1484 769 1645 866 Cumque
1664 786 1773 844 totam
1803 775 1929 845 urbem
1949 771 2105 844 Romam

105 874 286 946 discordiis
299 872 459 964 potentia
476 869 617 942 Gottica
639 871 859 960 languelacta
881 883 989 955 esset,
1014 891 1076 939 rex
1126 869 1228 942 Gotti
1251 871 1369 941 delere
1392 871 1525 944 vellent
1535 871 1679 965 Pelagio
1694 873 1864 946 Pontifice
1884 876 2104 964 deprecante,

105 973 292 1047 Gottornm
311 971 437 1044 Totila
458 972 570 1043 laetus
588 985 660 1058 est,
693 972 757 1064 qui
777 970 878 1042 brevi
910 979 1075 1060 magnam
1124 964 1309 1066 prohibuit
1342 969 1462 1042 Totila
1491 976 1612 1045 caedes
1640 989 1674 1046 et
1706 975 1881 1047 incendia.
1931 970 2010 1045 Etsi
2036 973 2109 1046 luit

104 1089 231 1167 partem
247 1071 372 1145 ltaliae
392 1071 541 1162 recepit,
563 1095 644 1144 cum
665 1071 773 1143 initio
795 1073 936 1160 exiguas
958 1070 1076 1162 copias
1124 1085 1207 1145 aute
1220 1070 1338 1147 Roma
1352 1073 1398 1142 ab
1412 1068 1555 1144 Alarico
1572 1088 1606 1145 ct
1620 1071 1814 1148 Genserico
1837 1089 1936 1166 capta
1961 1089 1995 1145 et
2010 1074 2109 1144 dire·

102 1171 262 1259 haberet,
292 1174 378 1268 quia
395 1169 524 1244 Graeci
544 1174 651 1244 ducas
683 1186 718 1244 et
737 1173 904 1263 praelecti
926 1185 1076 1264 propter
1124 1186 1202 1266 pta,
1227 1184 1347 1244 tamen
1372 1174 1548 1246 destructa
1570 1199 1646 1245 non
1669 1175 1757 1260 luit,
1783 1180 1843 1248 sed
1869 1177 1909 1245 in
1920 1170 2107 1247 hactertia

101 1275 321 1368 rapacitatem
337 1273 377 1342 in
392 1273 476 1343 odio
492 1289 606 1356 erant,
626 1286 662 1346 et
675 1271 715 1344 in
729 1273 987 1364 gubernatione
1000 1295 1091 1344 nou.
1126 1275 1359 1364 occupatione
1372 1275 1547 1345 destructa
1565 1289 1635 1355 est,
1661 1277 1751 1346 sicut
1771 1279 1989 1368 praedictum
2002 1276 2070 1346 luit
2084 1297 2107 1345 a

101 1390 197 1450 erant
211 1375 418 1448 concordes.
464 1380 470 1400 ¹
1127 1374 1281 1470 Sibylla:
1306 1366 1411 1468 ῥώμη
1424 1368 1495 1466 μὲν
1508 1369 1606 1472 ῥύμη
1621 1373 1739 1448 ἔσεται
1755 1373 1818 1450 καὶ
1828 1373 1949 1470 δῆλος·
1962 1371 2105 1468 ἄδηλος.

1228 1471 1458 1546 Admoneant
1489 1491 1606 1548 autem
1636 1498 1703 1548 nos
1736 1477 1891 1568 exempla
1926 1474 2132 1562 ruentium·⁸

178 1565 345 1652 'Tottta
367 1569 590 1662 penultimus
604 1591 667 1642 rex
690 1567 895 1657 Gottorom,
916 1569 1078 1661 regnavit
1127 1576 1359 1668 imperiorum
1376 1588 1412 1647 et
1429 1597 1638 1668 magnarum
1662 1579 1807 1651 urbium
1823 1579 1868 1648 dc
1881 1575 2013 1647 indicio
2028 1573 2108 1650 Dei.

101 1696 210 1746 anuos
235 1674 370 1746 decem·
420 1668 494 1743 Res
509 1669 670 1744 Gottieas
689 1673 865 1763 singulari
887 1672 1018 1745 virtute
1043 1684 1077 1742 ct
1125 1676 1321 1770 Pleraeque
1348 1691 1498 1770 propter
1524 1679 1642 1765 idola,
1672 1679 1898 1774 tyrannidem
1931 1687 1965 1746 et
1984 1674 2107 1748 libidi-

100 1775 283 1846 loelicitate
297 1793 420 1843 rursus
435 1772 563 1854 erexit,
588 1775 669 1844 etsi
683 1775 828 1844 tandem
843 1773 1074 1865 ipsiusctisrn
1125 1801 1189 1849 nes
1209 1776 1388 1849 deleatur.
1437 1777 1576 1850 Rornae
1596 1781 1642 1850 ad
1664 1776 1750 1851 haec
1772 1780 1902 1850 scelera
1918 1787 2109 1846 accesserat
2146 1812 2149 1822 2

100 1876 239 1948 fortuna
264 1894 436 1944 conversa
459 1885 529 1958 cst,
557 1873 650 1944 sicut
670 1874 704 1944 ei
727 1872 942 1948 Benedictus
955 1868 1079 1950 auom
1125 1878 1274 1950 saevicia
1290 1881 1459 1949 adsersus
1467 1875 1689 1951 Christianos
1706 1881 1790 1949 inde
1803 1875 2107 1970 usqneaNerone.

100 1975 287 2068 praedixit,
314 1973 377 2068 qui
391 1973 510 2067 iuquit
526 1973 571 2044 ad
587 1995 686 2044 eum:
718 1973 837 2048 Multa
849 1973 943 2046 mala
957 1973 1076 2054 facia,
1126 1975 1288 2047 Tandem
1302 1973 1412 2066 igitur
1425 1977 1527 2048 Italia
1541 1980 1706 2049 universa
1729 1976 1953 2048 horribiliter
1973 1987 2112 2046 vastate

100 2073 251 2150 Romam
271 2072 498 2164 ingredieris,
519 2095 649 2145 noveru
670 2075 775 2144 annis
796 2075 978 2164 regnabis,
1009 2074 1077 2144 de·
1126 2090 1200 2161 est,
1234 2089 1269 2146 et
1290 2076 1330 2144 in
1359 2087 1556 2149 exterarum
1586 2079 1743 2169 gentium
1774 2090 1977 2168 potestatem
2000 2074 2108 2146 venit.

102 2176 191 2246 cimo
209 2174 381 2244 morieris.
431 2171 484 2244 Ac
500 2172 638 2244 licuisse
652 2197 733 2244 eum
742 2171 929 2244 Benedicti
941 2165 1075 2244 adhor-
1124 2173 1264 2270 Repeto
1276 2189 1393 2247 autem
1409 2189 1444 2248 et
1452 2189 1625 2270 tempora,
1639 2179 1811 2273 quibuset
1821 2191 1924 2250 antea
1939 2189 2038 2268 capta
2047 2187 2113 2246 est.

103 2275 349 2358 tatiodicitur,
369 2273 767 2344 ntminnscrndelisin
783 2271 942 2344 victoriis
956 2272 1078 2346 luerit.
1607 2351 1620 2368 ‚¹
1849 2352 1861 2372 .

79 2385 81 2388 ’
200 2373 311 2444 Initio
328 2373 371 2442 ad
387 2369 606 2442 Placentiam
619 2374 706 2444 vicit
716 2370 922 2446 Romanum
943 2372 1077 2444 exerci-
1354 2344 1476 2412 Bm
1501 2359 1663 2432 ‘lumi'
1688 2363 1803 2431 ”Pu
1828 2362 1889 2412 ³¹²·

100 2488 175 2546 tum
203 2473 314 2564 duplo
336 2469 506 2544 maiorem
533 2495 617 2558 suo,
659 2473 790 2562 insigni
820 2485 1074 2562 strategemate.
1227 2473 1257 2554 l,
1298 2473 1646 2568 Temporeflonorii
1661 2469 1826 2545 Alaricus
1842 2474 2032 2545 Gottornm
2047 2495 2113 2543 rer

98 2573 189 2646 Nam
209 2573 372 2646 Gotticus
390 2572 561 2645 exercitus
578 2584 804 2645 erattantum
819 2572 979 2667 quinque
992 2575 1077 2643 mil-
1125 2575 1280 2652 Romam
1302 2577 1450 2658 hiennio
1481 2577 1744 2646 circumsessam
1772 2573 1883 2666 cepit,
1915 2595 2010 2642 anno
2032 2569 2112 2642 Ro-

100 2675 188 2746 lium
204 2675 377 2749 virorum.
425 2671 566 2747 Deinde
584 2675 778 2766 procedens
800 2673 1077 2766 occuparitms-
1127 2702 1205 2749 mae
1229 2677 1418 2747 millesimo
1441 2675 1655 2768 sexagesimo
1679 2687 1825 2768 quarto,
1864 2697 1959 2743 anno
1978 2665 2114 2742 Christi

100 2797 205 2866 gnam
220 2773 345 2849 Italiae
368 2765 522 2864 partem,
548 2788 583 2846 et
607 2776 811 2869 ubicunqne
833 2775 925 2867 cepit
939 2776 1077 2846 nobiles
1127 2778 1474 2874 quadringentesimo
1500 2776 1779 2870 decimoquarto.

100 2893 299 2961 matronas,
339 2873 496 2964 virgines
518 2889 555 2947 et
581 2899 729 2968 pueros,
759 2877 857 2949 misit
886 2875 1078 2948 inviolatos
1117 2947 1123 2954 t
1228 2876 1277 2950 il.
1317 2875 1496 2968 Tempore
1510 2875 1683 2946 Martiani
1700 2875 1912 2946 Gensericus
1926 2869 2116 2942 Vandalus

98 2977 231 3050 additis
254 2975 439 3066 praesidiis
462 2977 508 3045 ad
524 2998 617 3047 suos.
669 2975 957 3072 ltaque-propter
973 2975 1078 3048 insti·
1127 2975 1281 3052 Romam
1294 2975 1462 3070 spoliavit
1477 2977 1626 3047 abducta
1642 2975 1728 3046 iude
1739 2973 1915 3059 Eudoxia,
1929 2993 2019 3065 qnae
2033 2973 2114 3039 lue-

99 3079 190 3148 ciam
214 3076 336 3169 plures
360 3079 404 3146 acl
427 3099 509 3146 enm
524 3077 743 3161 deficiebant.
794 3077 1080 3170 Neapolinsame
1128 3093 1183 3154 rat
1202 3079 1359 3150 coniunx
1371 3075 1630 3159 Valentiniani,
1656 3099 1750 3146 anno
1764 3073 1901 3146 Romae
1922 3071 2117 3140 millesimo
2165 3165 2168 3171 1
2269 3093 2273 3098 ·

98 3177 274 3267 coe'gitad
290 3175 520 3260 deditionem,
543 3199 650 3269 quam
663 3202 744 3272 cnm
759 3192 979 3276 occupasset,
998 3201 1081 3248 mox
1129 3180 1373 3252 ducentesimo
1402 3201 1524 3263 nono,
1559 3199 1660 3246 anno·
1678 3173 1812 3249 Christi
1839 3172 2116 3268 quadringente·

96 3280 316 3347 frumentum
334 3269 458 3351 invehi
473 3277 622 3356 escrevis,
648 3288 683 3345 et
696 3278 913 3357 praesidium
929 3278 1083 3360 addidit,
1129 3283 1221 3350 simo
1243 3278 1536 3370 quinquagesimo
1558 3301 1669 3347 nono.

97 3399 143 3446 ne
165 3374 324 3444 intanta
346 3371 440 3437 farne
462 3366 682 3436 frumentum
710 3366 830 3436 subito
852 3363 1083 3457 diriperetur,
1232 3367 1299 3437 lll.
1330 3371 1508 3459 Tempore
1524 3371 1716 3440 Iustiniani.
1737 3371 1861 3439 Totila
1879 3371 1971 3459 cepit
1992 3383 2025 3439 et
2048 3370 2118 3440 de·

98 3477 159 3546 sed
175 3487 219 3544 ut
233 3470 360 3542 ordine
380 3467 505 3550 vendi,
524 3478 560 3536 et
575 3464 759 3552 egentibus
771 3464 940 3536 distribui
955 3477 1087 3556 posset,
1131 3466 1258 3541 stroxit
1288 3467 1414 3536 urbem
1444 3467 1706 3539 circumsessam
1743 3469 1883 3538 circiter
1914 3469 2114 3553 biennium,

98 3571 290 3668 prohibuit
326 3568 427 3641 urbis
464 3565 720 3658 Neapolitanae
752 3565 1010 3657 direptionem,
1046 3578 1083 3637 et
1130 3591 1227 3639 anuo
1244 3562 1382 3639 Romae
1403 3567 1593 3638 millesimo
1615 3569 1857 3640 ducentesimo
1880 3569 2117 3656 nonagesimo

97 3674 318 3769 praesidium
331 3669 546 3743 ‘Romanum
568 3666 706 3738 dimisit
730 3667 862 3739 additis
886 3665 994 3738 etiam
1016 3688 1083 3736 na-
1131 3679 1240 3750 sexto,
1272 3691 1368 3738 anno
1382 3663 1518 3739 Christi
1541 3667 1823 3762 quingentesimo
1847 3669 2119 3761 quadragesi-mo

96 3777 204 3868 vigiis
217 3785 255 3846 et
269 3771 410 3842 viatico.
613 3809 615 3813 v
738 3791 742 3814 ²
1132 3782 1251 3855 sexto,
1289 3771 1335 3840 ab
1354 3763 1523 3859 Augusto
1541 3791 1639 3841 anno
1670 3768 1952 3862 quingentesimo
1976 3781 2119 3860 quarto,

202 3871 295 3946 Cum
317 3883 435 3942 autem
462 3867 683 3942 lastinianus
697 3868 934 3941 intellexisset
954 3865 1084 3940 Gottos
1131 3893 1230 3942 suno
1251 3883 1331 3962 post
1358 3869 1634 3940 destructionem
1660 3866 1884 3959 Carthaginis
1910 3869 2117 3960 septingen-

98 3998 223 4048 rursns
246 3973 446 4064 superiores
468 3993 542 4040 esse
564 3972 603 4040 in
628 3969 752 4056 ltalia,
776 3984 812 4042 et
833 3969 906 4040 iam
926 3967 1084 4040 aTotila
1131 3970 1271 4047 tesimo.
1323 3968 1433 4059 Quod
1447 3993 1488 4040 eo
1503 3971 1653 4058 adiieio,
1676 3971 1757 4064 'spoia
1775 3969 1894 4061 Scipio
1909 3968 2118 4040 incendium

96 4073 255 4166 Romam
279 4073 456 4153 obsideri,
481 4069 693 4141 Belisariom
716 4072 872 4142 secundo
888 4071 927 4140 iu
945 4067 1085 4141 ltaliam
1130 4068 1356 4162 Carthaginis
1371 4069 1544 4162 aspicieus
1559 4095 1600 4141 ac
1613 4073 1810 4164 lacrymans
1825 4071 1929 4138 dixit:
1956 4068 2003 4140 Se
2017 4067 2120 4156 cogi--

96 4177 222 4262 mittit,
243 4176 302 4246 scd
319 4193 434 4266 neque
448 4174 613 4244 secedere
628 4175 670 4240 ad
689 4174 866 4256 obsessam
882 4169 1085 4242 nrbemBe-
1132 4185 1208 4244 tare
1222 4171 1338 4242 simile
1354 4173 1430 4241 lore
1442 4171 1635 4266 aliquando
1649 4170 1821 4240 excidium
1830 4167 1978 4240 Romae
2001 4166 2122 4237 Dein·

97 4276 246 4350 licerius
261 4275 391 4366 potuit,
406 4297 472 4344 nec
490 4272 679 4342 eiercitum
697 4269 822 4342 habuit
835 4293 956 4364 parem
973 4264 1083 4340 hosti·
1132 4272 1177 4342 de
1198 4295 1278 4342 eum
1303 4269 1513 4351 Belisarius,
1538 4271 1603 4363 qui
1622 4267 1779 4343 Romam
1801 4269 1987 4340 destructis
2000 4267 2119 4337 muris

97 4377 181 4450 bus.
210 4374 449 4448 intercedam
462 4372 562 4444 urbis
578 4370 715 4444 Romae
730 4372 870 4442 obsidio
887 4372 962 4442 lere
977 4368 1084 4442 bien-
1132 4387 1332 4463 receperat,
1358 4371 1591 4456 discessisset,
1616 4369 1772 4442 triennio
1793 4381 1874 4461 post
1897 4369 2112 4439 destructio-

97 4479 163 4549 nio
179 4478 299 4561 ducat,
323 4475 430 4546 simul
447 4473 536 4544 alibi
549 4473 680 4546 multae
698 4474 808 4542 nrbes
834 4473 907 4542 iam
924 4469 1085 4557 a'l'otila,
1131 4497 1214 4544 nem
1230 4472 1350 4545 Totila
1374 4493 1496 4542 rursus
1521 4491 1603 4542 ean
1626 4471 1739 4564 cepit,
1759 4482 1797 4542 et
1817 4470 1934 4565 aliqua
1952 4479 2112 4560 exparte

93 4579 170 4650 iam
195 4575 414 4650 attellano
437 4588 475 4646 st
494 4573 542 4642 ab
565 4571 656 4644 sliis'
671 4574 824 4644 ducibus
852 4571 1085 4664 occupantur,
1131 4563 1356 4648 instauravit.

93 4678 205 4752 multi
223 4679 317 4750 brae
342 4689 380 4748 et
399 4675 621 4767 pestilentie,
650 4674 756 4746 multi
778 4674 817 4742 io
834 4672 1084 4766 praeliispsr·
1469 4743 1481 4762 ‚
1688 4743 1701 4760 ‚
1861 4745 1875 4762 ‚

97 4794 204 4864 eunt,
230 4790 265 4849 et
280 4778 320 4848 lit
336 4776 523 4868 universas
547 4773 865 4847 ltalisessstatio..
901 4771 1082 4843 Placentia
1329 4742 1504 4816 Imm
1528 4737 1656 4814 ΜΠ
1682 4761 1730 4814 ⁸²¹
1753 4741 1920 4815 mm·

97 4882 246 4952 undem
272 4876 394 4954 Goon
419 4875 543 4948 dedita
571 4888 645 4962 est,
680 4898 762 4944 cum
787 4872 1013 4968 praesidium
1031 4874 1084 4944 ibi
1232 4868 1427 4946 interiectu
1446 4885 1566 4944 autem
1587 4865 1723 4942 Tostta
1739 4884 1821 4962 post
1842 4867 2036 4944 biennium
2052 4893 2121 4941 re-·

96 4982 193 5052 vesei
207 4977 374 5052 humenis
397 4977 564 5050 carnibus
585 4975 767 5068 eoepluet
816 4973 957 5048 flomae
974 4973 1081 5045 etiam
1130 4971 1224 5068 capit
1247 4975 1373 5044 urbem
1397 4970 1551 5046 Romam
1564 4965 1712 5045 Nosses
1732 4983 1829 5042 auno
1850 4967 1988 5044 Christi
2009 4973 2116 5067 quin·
2216 5010 2221 5020 ·

97 5091 199 5152 taum
218 5083 330 5153 lenes
351 5078 447 5164 ns,
464 5089 505 5148 ut
526 5088 650 5167 pater,
674 5076 738 5171 qul
762 5075 894 5146 multos
908 5075 1000 5144 blios
1015 5071 1082 5145 ha·-
1129 5074 1330 5167 gentesimo
1346 5074 1642 5168 quinquagesies
1656 5075 1823 5144 secondo.
1872 5067 1956 5143 Post
1970 5071 2011 5144 id
2024 5084 2116 5139 tem-

96 5179 244 5267 buerat,
269 5177 513 5273 spectantibus
527 5177 747 5268 multissese
766 5177 814 5247 ds
827 5187 935 5268 ponte
949 5177 989 5244 in
1002 5173 1085 5268 Ty·
1129 5198 1201 5270 pos
1223 5197 1337 5270 usque
1359 5177 1405 5244 ad
1423 5170 1639 5270 Agilolsom
1659 5195 1777 5262 regem
1794 5167 2116 5263 longobardorum

96 5281 193 5356 bsirn
207 5267 508 5375 praecipitaverit,
530 5267 935 5372 rossmottss'peseates
959 5275 1078 5345 cibum
1132 5299 1254 5348 nomo
1274 5275 1482 5368 peregrinus
1510 5276 1635 5344 urbem
1657 5271 1810 5344 Romam
1843 5272 1993 5344 obsedit·
2041 5267 2118 5340 llas

97 5408 135 5458 ss
146 5385 266 5478 sequi.
285 5373 703 5474 lliilitesidtulssusici
717 5375 1078 5472 mambirniam
1135 5377 1234 5452 sices
1254 5376 1361 5449 siruul
1383 5374 1568 5466 complecti
1591 5368 1651 5444 hie
1674 5373 1773 5446 solui
1782 5421 1797 5455 ,
1818 5375 1860 5444 nt
1874 5369 2021 5462 cogitari
2035 5391 2123 5464 pos-

1769 5714 1909 5782 ,Α
