4604 5804
76 313 146 388 na
394 365 397 372 ,
574 261 577 272 ’
735 311 804 388 1.
841 253 1138 392 'canonicor
1168 309 1417 396 cantoris.
1492 380 1497 395 ,
2034 352 2109 430 aas

69 507 215 578 qnorum
232 484 270 554 fit
288 485 423 556 mentio
436 485 474 554 in
489 477 693 575 prophetica
709 477 875 570 historia,
903 507 1059 579 quorum
1112 507 1181 578 que
1194 487 1392 574 mundum,
1418 503 1453 561 et
1471 497 1677 572 nominatur
1690 499 2031 600 Melcumani,
2062 543 2105 594 ac

69 588 186 656 seriem
203 587 244 654 in
258 599 449 676 conspectu
464 581 594 658 habere
611 585 698 656 utile
713 599 775 659 cst.
1109 585 1199 657 rexit
1216 587 1409 677 oppidum,
1435 597 1532 684 qnod
1546 614 1664 690 postea
1680 606 1813 678 dictum
1831 627 1883 683 cst
1899 611 2100 700 Ierusalem.

821 764 829 782 ι
864 764 873 782 .
1099 681 1375 774 EtAbrabam,
1402 693 1463 785 qui
1488 712 1563 770 erat
1584 701 1623 772 iu
1645 703 1763 776 vicina
1784 712 1873 782 urbe
1892 714 2074 792 Hebron

156 766 217 832 De
239 764 471 852 atratum,
499 771 538 832 ²¹
561 763 961 834 111111111111011·
1107 809 1198 878 quac
1218 811 1237 858 a
1256 786 1470 887 lerosolyma
1492 799 1645 875 distabat
1666 805 1805 879 circiter
1830 815 1988 908 quinque
2005 777 2098 894 Gaas

159 889 209 961 Ut
233 890 506 978 patefactionum
531 889 737 958 divinarum
757 890 882 972 series,
923 901 958 960 et
980 900 1057 960 tota
1105 889 1426 965 manicamiliaria.
1478 895 1566 968 ltem
1583 899 1679 974 Loth
1694 921 1727 976 et
1742 904 1950 986 Abimelecb
1973 945 2032 991 rex
2056 927 2095 996 in

66 987 207 1062 historia
233 987 411 1060 Ecclesiae
434 991 655 1078 conspectior
676 1005 782 1072 essct,
814 987 910 1060 Deus
932 991 1055 1078 singu·-
1106 985 1260 1076 Germi
1285 1013 1375 1084 (11111
1391 995 1546 1069 (1111111111
1560 1002 1604 1072 111
1620 1001 1769 1080 1111111111
1784 1013 1922 1086 11111111
1937 1021 2009 1090 11110
2028 1027 2096 1094 1111-

63 1093 123 1160 lari
140 1090 289 1160 consilio
306 1083 529 1160 monarchias
545 1103 580 1160 et
596 1089 770 1176 instituit,
804 1105 838 1160 et
853 1102 955 1162 notas
978 1113 1052 1160 esse
1102 1087 1449 1172 liuriaGermanica.
1500 1095 1548 1170 Et
1561 1105 1666 1179 multi
1680 1110 1745 1179 alii
1760 1130 1974 1205 praestantes
1989 1122 2069 1200 viri.

63 1194 180 1262 velerit.
232 1190 353 1277 Quare
369 1206 554 1282 postquam
580 1192 777 1279 catalogum
804 1213 927 1280 regum
941 1187 1052 1262 Chal-

63 1295 224 1362 daeorum
241 1303 276 1360 et
293 1288 521 1384 Assyriorum
544 1292 700 1362 breviter
721 1293 898 1380 recensui,
925 1315 1049 1362 rursus
1374 1270 1435 1338 ”²
1460 1293 1589 1359 imm
1609 1281 1819 1359 *mm*

62 1393 231 1473 dicamus,
257 1413 348 1482 quur
363 1404 398 1462 et
410 1391 473 1462 ubi
489 1390 598 1461 luerit
611 1387 782 1466 Ecclesia.
833 1390 976 1462 Dictum
997 1408 1049 1463 est
1187 1389 1435 1463 simulantem
1451 1397 1652 1470 consideres
1668 1409 1867 1484 testimonia
1883 1423 2089 1507 patefactio-

62 1505 189 1576 mrem,
228 1487 398 1562 Abrahae
426 1491 674 1578 migrationem
696 1492 734 1562 in
756 1506 885 1562 terram
900 1489 1047 1563 Canaan
1098 1515 1184 1560 num
1206 1492 1422 1564 divinarum.
1472 1493 1608 1570 Eodem
1627 1526 1744 1593 anno,
1769 1536 1840 1604 quo
1857 1515 2016 1595 instituta
2037 1543 2090 1600 est

62 1593 211 1663 incidere
236 1592 276 1660 in
298 1606 454 1682 tempora
475 1592 540 1661 lilii
556 1592 826 1679 Semiramidos,
858 1594 942 1686 quia
962 1606 1047 1664 tunc
1096 1593 1334 1677 circumcisio,
1380 1607 1417 1666 et
1444 1599 1627 1672 manifesta
1656 1607 1825 1682 miracula
1848 1620 1967 1692 addita
1991 1643 2088 1705 sunt,

61 1693 120 1762 aab
132 1713 213 1784 rege
230 1693 360 1782 ignavo
375 1707 409 1763 et
431 1693 542 1784 impio
565 1708 750 1765 creverunt
770 1707 804 1764 et
823 1695 989 1765 tenebrae
1012 1708 1045 1765 et
1096 1691 1198 1762 Anus
1213 1693 1354 1777 effoeta,
1378 1709 1412 1766 et
1428 1721 1516 1789 quae
1532 1713 1633 1772 antea
1652 1705 1765 1780 iuerat
1780 1717 1926 1804 sterilis,
1951 1723 1988 1794 fit
2004 1747 2092 1814 grs··

61 1795 211 1886 tyrannis
227 1806 351 1862 contra
371 1793 458 1884 pios.
510 1791 564 1863 Ac
583 1789 729 1864 historia
751 1794 1045 1886 peregrinationis
1096 1793 1198 1873 vida,
1225 1807 1259 1864 et
1274 1795 1476 1868 confirmata
1491 1813 1543 1870 est
1558 1797 1715 1880 Ecclesia
1730 1813 1941 1890 dulcissimis
1957 1845 2083 1896 conso-

60 1894 187 1982 legatur
217 1896 258 1964 in
282 1893 394 1968 Mose.
461 1891 544 1964 Nos·
565 1895 720 1968 btsrsiter
746 1909 907 1988 tempora
929 1919 1046 1965 anno·
1094 1892 1298 1965 lectionibus.
1367 1895 1455 1967 Mox
1483 1901 1602 1972 addita
1632 1922 1715 1980 sunt
1744 1925 1778 1984 et
1805 1917 1873 1986 alia
1899 1923 2084 2014 miracula,

61 2006 180 2066 umus·
579 2050 588 2070 ι
1095 2017 1184 2088 quse
1200 2006 1282 2065 sunt
1297 1999 1454 2089 exempla
1475 2000 1548 2070 irae
1561 2000 1646 2089 Dei,
1678 2011 1808 2102 quibus
1822 2013 1918 2089 Deus
1938 2035 2082 2098 testatus

152 2097 263 2167 Anno
287 2093 414 2166 mundi
434 2093 490 2166 bis
516 2097 707 2166 millesimo
738 2097 906 2168 vicesimo
938 2095 1044 2168 tertio
1093 2108 1166 2182 est,
1191 2119 1228 2166 se
1243 2118 1383 2166 servare
1398 2095 1612 2189 Ecclesiam,
1637 2120 1673 2178 et
1687 2113 1895 2202 puniturum
1916 2143 1990 2194 esse
2011 2127 2082 2195 im-

61 2189 236 2264 abraham
261 2219 303 2266 ex
326 2195 468 2278 Haran,
507 2197 689 2266 notissima
710 2199 801 2268 urbe
824 2200 862 2266 in
885 2194 1043 2268 historiis
1093 2197 1182 2284 pios.
1235 2194 1340 2268 Tunc
1353 2199 1450 2268 enim
1466 2195 1686 2278 horribiliter
1699 2208 1795 2295 Deus
1814 2235 1956 2311 propter
1974 2237 2080 2300 tetras

62 2293 110 2386 (in
133 2297 265 2389 quibus
289 2297 495 2368 nominatur
516 2287 746 2381 Cleonae,
780 2311 815 2368 et
838 2299 970 2370 lactum
993 2311 1043 2369 est
1092 2298 1285 2366 libidinum
1301 2299 1525 2371 confusiones
1537 2303 1689 2378 flammis
1701 2313 1745 2381 de
1760 2319 1859 2388 coelo
1874 2326 2002 2413 sparsis
2019 2329 2083 2400 dc·

61 2419 183 2466 uomen
198 2398 246 2468 ab
263 2394 378 2490 aestu)
396 2398 493 2466 venit
508 2397 545 2465 in
560 2410 688 2468 terram
700 2395 863 2483 Canaan,
887 2400 952 2469 ubi
971 2400 1043 2489 pri·
1092 2398 1178 2468 levit
1198 2399 1304 2468 1111111
1325 2394 1359 2469 S
1367 2394 1595 2490 0110111111
1626 2401 1918 2510 6011011111,
1952 2419 1990 2495 Α
1996 2423 2081 2496 (1⁰-

60 2519 149 2566 mum
164 2499 244 2570 cius
255 2498 477 2568 domicilium
492 2497 561 2569 luit
576 2499 615 2566 in
628 2493 789 2583 sichem,
819 2523 910 2593 quae
925 2501 1040 2568 vicina
1092 2521 1225 2582 mam,
1249 2493 1431 2568 Seboim
1455 2517 1490 2575 et
1514 2499 1677 2599 Segor,
1706 2538 1857 2605 quarum
1881 2526 1996 2598 ruinis
2016 2531 2082 2600 de·

60 2595 121 2669 suit
139 2601 193 2669 iffi
214 2601 315 2679 loco,
348 2599 413 2668 ubi
435 2609 554 2689 ΡΜ,
575 2597 736 2670 samaria
759 2599 848 2679 fuit,
880 2614 915 2671 ct
936 2601 1042 2672 uber·
1092 2601 1216 2668 mersis
1229 2599 1268 2670 in
1282 2613 1429 2686 terram,
1453 2603 1492 2672 in
1507 2627 1628 2678 earum
1643 2611 1787 2684 urbium
1801 2622 2009 2698 sedet'sctus
2029 2643 2084 2702 est

61 2697 142 2786 rima
161 2699 259 2790 regio
275 2713 326 2768 est
341 2712 453 2770 terrae
466 2697 673 2769 Palestinae.
727 2698 781 2770 Ac
805 2714 891 2770 tunc
905 2697 1042 2771 Abram
1092 2700 1190 2770 lacus
1228 2696 1396 2772 exhalans
1431 2705 1647 2793 perniciosos
1681 2714 1798 2788 fumos
1821 2717 2078 2822 Ἀσφαλτίτης,

61 2813 128 2870 erat
164 2823 343 2872 annorum
383 2800 602 2890 septuaginta
636 2799 808 2894 quinque.
882 2799 970 2870 lndc
1003 2801 1040 2870 in
1093 2802 1155 2891 qui
1179 2801 1381 2872 extenditur
1401 2799 1623 2880 Germanicis
1653 2814 1851 2890 miliaribus
1882 2839 1971 2896 octo.
2030 2825 2081 2900 Et

61 2893 251 2993 Aegypgum
273 2914 418 2990 propter
435 2901 567 2970 famem
590 2901 766 2991 proiectus
789 2916 861 2988 est,
898 2925 939 2972 ac
963 2914 1044 2993 post
1092 2900 1222 2972 Strabo
1241 2901 1374 2994 inq‘uit:
1398 2901 1509 2977 πλέον
1530 2905 1568 2978 ci
1587 2905 1791 2990 διακοσίων
1804 2919 1978 3000 σταδίων.
2030 2924 2081 3002 Et

61 2997 187 3093 aliquot
201 3023 317 3074 annos
333 3002 450 3072 rediit.
981 3071 984 3078 ,
1093 3015 1212 3072 manet
1228 2997 1334 3070 bodie
1346 2996 1416 3072 huc*
1430 3005 1568 3078 illustre
1583 3013 1823 3090 testimonium
1840 3023 1913 3094 irae
1929 3025 2008 3104 Dei.

152 3101 263 3173 Anno
279 3098 447 3174 Abrabae
459 3101 687 3194 nonagesimo
702 3127 799 3174 nonu
816 3103 975 3174 instituta
992 3115 1043 3173 est
1194 3100 1343 3172 Prodest
1365 3116 1400 3175 11
1423 3107 1548 3178 11111111
1566 3132 1743 3186 1111111111
1767 3125 2008 3209 considerare,
2038 3145 2080 3204 111

62 3198 283 3284 circumcisio,
309 3227 390 3274 cum
403 3205 474 3274 iam
488 3203 675 3298 aliquoties
690 3207 839 3296 repetita
855 3219 943 3274 esset
960 3229 1043 3294 pro·
1091 3202 1273 3274 videamus
1289 3215 1488 3302 utrunque,
1514 3221 1549 3280 et
1568 3211 1692 3304 exiguo
1714 3231 1871 3312 tempore
1893 3219 2081 3300 bominum

62 3301 173 3372 missio
187 3308 233 3374 de
248 3318 396 3374 venturo
413 3305 564 3388 semine,
589 3317 735 3394 propter
748 3308 845 3398 qnod
860 3303 957 3374 Deus
973 3305 1043 3375 tol·
1091 3305 1221 3373 scelera
1237 3327 1362 3394 magua
1379 3305 1595 3382 incrementa
1609 3319 1799 3408 accepisse,
1824 3335 1857 3394 et
1865 3322 1980 3396 Deum
1996 3332 2082 3401 sub-

62 3398 99 3468 lit
122 3418 300 3492 peccatum
323 3417 358 3476 et
377 3415 543 3486 mortem,
582 3414 616 3470 et
635 3403 790 3472 restituit
809 3403 983 3473 iusticiam
1009 3417 1044 3472 et
1090 3403 1176 3470 inde
1208 3427 1301 3473 nova
1329 3407 1531 3478 testimonia
1552 3410 1591 3478 in
1609 3419 1733 3504 poenis
1754 3435 1788 3491 et
1809 3422 2081 3502 liberationibus

63 3499 160 3573 sitam
193 3517 384 3578 aeternam.
443 3499 497 3574 Ac
529 3515 618 3572 tunc
646 3527 741 3572 novo
773 3517 808 3574 et
838 3501 1042 3572 admirabili
1094 3502 1298 3574 ostendisse.
1370 3499 1516 3576 Deletae
1543 3523 1627 3582 sunt
1655 3509 1721 3585 bae
1748 3520 1870 3608 urbes,
1912 3525 2081 3617 Sodoma,

62 3601 174 3688 signo,
206 3605 372 3675 videlicet
395 3599 768 3685 circumcisione,
802 3604 968 3674 distincta
990 3616 1043 3674 cst
1094 3599 1288 3687 Gomorra,
1320 3615 1554 3690 1111111111.
1592 3633 1687 3684 inno
1709 3621 1978 3712 quadragesimo
2000 3645 2081 3722 post

63 3697 217 3776 Abrabae
233 3706 416 3796 posteritas
430 3731 449 3775 a
464 3705 608 3776 caeteris
623 3707 798 3794 gentibus,
821 3717 855 3774 et
871 3704 1042 3795 promissa
1092 3715 1243 3773 mortem
1256 3697 1395 3776 Nubae.
1451 3703 1501 3779 Et
1521 3722 1600 3800 post
1622 3714 1798 3788 diluvium
1822 3746 1918 3796 anno
1941 3742 2079 3800 trecen·

63 3804 151 3872 eaesi
166 3820 262 3877 certe
276 3806 393 3891 sedes,
417 3819 453 3878 et
468 3808 649 3877 decretum
665 3820 736 3890 est,
766 3807 806 3874 in
828 3827 869 3876 ea
892 3804 1042 3895 posteri·
1091 3804 1217 3874 tesinm
1238 3804 1486 3894 nonagesimo,
1511 3810 1651 3884 vivente
1669 3811 1786 3891 adbuc
1807 3818 1925 3908 Sem,
1954 3831 2016 3922 qui
2043 3845 2080 3904 et

63 3911 125 3971 tate
138 3924 275 4000 semper
290 3905 366 3977 lore
380 3903 574 3978 Ecclesiam
589 3903 657 3978 Dei
662 3956 675 3991 ,
703 3908 816 3976 donec
840 3918 1042 3976 nasceretur
1092 3903 1220 3975 diluvii
1241 3917 1277 3976 et
1292 3899 1397 4023 buius
1414 3905 1572 3980 incendii
1593 3930 1766 4005 spectatur
1788 3925 1872 4009 luit,
1912 3931 1975 4022 qui
1996 3935 2079 4025 qui-

63 3995 212 4079 Messias.
277 4006 370 4078 Fore
399 4008 505 4079 etiam
526 4008 685 4079 membra
707 4003 885 4086 Ecclesiae
907 4027 1041 4089 omnes,
1092 4007 1171 4074 dem
1188 4018 1227 4076 ut
1242 4017 1516 4079 testreetcustos
1530 4025 1618 4086 esset
1632 4039 1734 4090 verae
1756 4023 1958 4113 doctrinae,
1991 4034 2078 4106 vixit

65 4103 118 4191 qui
132 4107 328 4178 doctrinam
346 4109 420 4180 eius
437 4109 560 4200 populi
574 4109 879 4199 amplecterentur,
906 4107 1042 4178 etiamsi
1093 4119 1174 4196 post
1193 4101 1361 4176 Abrabae
1384 4121 1535 4180 mortem
1557 4135 1670 4186 annos
1685 4117 1747 4194 86.
1812 4122 1863 4196 lli
1888 4130 1973 4199 tales
1994 4133 2077 4220 viri,
2161 4213 2165 4218 ,

65 4203 162 4276 titum
179 4209 459 4280 circumcisionis
475 4231 549 4277 non
565 4222 782 4279 assumerent
798 4210 865 4292 illi,
889 4207 1042 4300 quinon
1091 4202 1211 4291 Sem,
1244 4199 1501 4291 Abrabam,
1540 4205 1683 4298 [willa
1724 4246 1802 4294 tum
1829 4228 1873 4296 de
1895 4229 2078 4304 volssnffle

66 4321 158 4379 trent
179 4309 256 4382 nati
278 4333 319 4380 ex
339 4310 473 4381 semine
492 4302 667 4382 Abrahae.
729 4309 791 4382 Sic
811 4309 927 4381 voluit
946 4304 1043 4380 Deus
1091 4303 1157 4378 Dei
1171 4308 1270 4378 illam
1285 4307 1450 4378 viciniam
1465 4313 1651 4402 docerent,
1675 4333 1710 4390 et
1724 4346 1803 4394 eum
1822 4323 2003 4400 Abrabam
2021 4355 2081 4403 re-·

65 4411 265 4494 certamin,
290 4434 379 4504 quae
395 4425 429 4482 et
445 4408 507 4482 ubi
521 4422 610 4480 esset
624 4406 780 4481 Ecclesia
790 4406 877 4493 Dei,
902 4423 937 4481 et
953 4433 1040 4480 con·
1090 4429 1173 4478 cens
1188 4408 1279 4478 cives
1288 4405 1525 4480 Sodomorum
1540 4415 1708 4491 abductos
1721 4425 1932 4514 reduxisset,
1958 4444 2077 4504 tamen

66 4505 146 4590 spici
164 4511 351 4582 discrimen
375 4507 553 4582 Ecclesiae
575 4532 596 4581 a
617 4509 761 4581 caeteris
780 4510 967 4598 gentibus,
1000 4533 1042 4580 ac
1090 4509 1136 4580 ab
1151 4509 1270 4600 impiis
1284 4509 1372 4578 adeo
1385 4509 1494 4600 spreti
1510 4525 1611 4596 suut,
1637 4532 1678 4591 ut
1699 4534 1796 4595 tauta
1819 4529 1947 4600 scelera
1971 4535 2081 4604 multi·

65 4599 224 4702 intelligi,
247 4637 370 4684 vocem
389 4609 634 4705 promissionis
649 4614 694 4682 de
707 4610 837 4682 Messia
854 4611 1038 4699 seiungere
1090 4611 1206 4700 palam
1222 4610 1393 4694 iacerent,
1419 4633 1483 4680 nec
1506 4633 1711 4690 vererentur
1726 4626 1847 4696 oculos
1872 4630 1996 4700 talium
2020 4634 2077 4704 vi-

65 4694 247 4784 Eoeqesqam
269 4715 315 4784 ,g
336 4713 504 4786 omnibu.
523 4711 701 4802 gentibus.
758 4710 861 4784 Hanc
881 4711 1039 4806 quinon
1090 4731 1233 4792 rorum,
1266 4708 1396 4802 quibus
1417 4734 1499 4782 vere
1523 4717 1641 4788 adesse
1654 4718 1771 4794 Qum
1794 4751 1834 4798 er
1857 4730 1977 4801 multis
1999 4757 2074 4808 non

68 4823 203 4900 norant,
227 4837 302 4884 non
325 4828 424 4886 erant
444 4813 603 4884 membru
617 4809 814 4896 Ecclesiae,
837 4812 930 4884 sicut
952 4811 1041 4881 seri·
1083 4809 1208 4881 dubiis
1224 4810 1433 4880 testimoniis
1447 4813 1614 4893 sciebant.

67 4914 156 4989 ptum
172 4928 236 4985 ω,
262 4911 444 4986 Abraham
459 4912 660 4986 viditdiem
676 4934 812 4993 cneum,
838 4926 873 4982 ct
892 4914 1040 4984 laetatus
1148 4957 1153 4966 -
1190 4908 1352 4980 Proiecto
1389 4907 1563 4984 horribile
1599 4921 1835 5008 spectaculum
1870 4940 1921 5003 est
1955 4947 2074 5007 tantus

69 5017 125 5079 aar,
170 5009 415 5098 Εῑρχῑῃῑωο,
438 5015 682 5104 ipsumfilium
696 5008 1040 5104 Deivisibilispecie
1088 5009 1189 5081 furor
1205 5009 1416 5100 impiorum,
1441 5037 1520 5084 cum
1543 5016 1695 5105 optimos
1711 5013 1882 5102 baberent
1902 5034 2074 5124 doctores,

71 5093 230 5198 hospitem
245 5108 557 5199 iuisseAbrabae‚
582 5116 622 5185 in
643 5137 770 5200 coena,
795 5137 886 5209 quae
908 5113 1040 5184 descri-
1090 5111 1305 5180 voluntatem
1322 5124 1356 5182 et
1372 5111 1544 5184 iudicium
1561 5109 1629 5186 Dei
1643 5124 1878 5200 ostendentes.
1916 5132 1987 5204 Sed
2005 5131 2073 5208 lsoc

70 5199 335 5308 biturincgpiqe
352 5212 584 5290 10,Genesis.
633 5215 908 5306 Cogitaautem,
932 5235 1039 5307 quarn
1089 5209 1227 5300 insigne
1241 5213 1438 5303 exemplum
1452 5228 1645 5304 monstrat,
1669 5231 1847 5314 quomodo
1860 5229 2018 5304 Ecclesia
2031 5237 2072 5306 in

72 5317 275 5391 venerandus
295 5329 414 5390 eoem.
427 5311 582 5386 Ecclesia
605 5314 734 5402 luerit,
758 5339 840 5388 curn
861 5315 913 5387 ibi
937 5336 1041 5406 saepe
1088 5306 1307 5382 boemundo
1322 5312 1415 5384 iuter
1431 5313 1559 5409 impios
1584 5336 1698 5413 spreta
1718 5345 1916 5420 prematur,
1941 5347 1976 5404 et
1997 5357 2072 5408 ser-

73 5411 299 5506 tunvenirent,
322 5409 661 5504 SembliusNolsae,
685 5415 1039 5511 quivideratutrun·
1090 5424 1193 5485 vetur
1211 5423 1340 5486 11111111·
1405 5483 1409 5492 -

117 5509 287 5592 huesca.
310 5523 415 5591 Orsa.
431 5521 516 5590 Ver..
528 5520 610 5592 xll.
1481 5515 1531 5594 4⁸
