4604 5804
183 193 260 271 Aba
431 180 640 262 SCRIPTA
664 182 741 263 PII.
765 178 885 261 MEL.
909 176 979 255 All
1002 177 1130 258 utar.
1154 173 1300 259 taor.
1325 175 1397 256 EI*
1416 175 1616 258 mltos,
1641 175 1967 260 SPEC'IANTIA.
2143 188 2218 262 864

186 359 367 442 Ecclesia,
413 359 454 428 in
485 380 555 451 qua
585 355 691 428 etiam
721 353 915 429 ornamina
940 349 1180 450 ambitionum
1229 348 1417 443 impmbo,
1440 349 1506 446 qni
1528 361 1602 426 tres
1622 372 1737 426 amos
1756 351 1948 442 adiiciunt,
1973 355 2035 426 aad
2057 355 2220 450 disputa·

188 467 285 538 iuter
306 463 469 532 domoras
490 469 725 548 corrumpunt
746 455 945 526 doctrina·
967 466 1004 525 et
1019 453 1182 545 discipli·
1230 451 1366 553 tionem
1380 451 1520 529 omitto.

189 587 287 636 nam·
341 558 504 654 Cumque
536 556 860 643 considerabimus,
893 579 1002 648 qnam
1030 553 1183 648 turpiter
1332 553 1498 624 Hemdes
1519 553 1613 626 lilios
1633 555 1882 649 Antiprtmm,
1913 556 2165 632 Aristobulum
2186 573 2224 632 et

191 662 485 755 degeneraverint
505 657 781 730 Macsbaeornm
809 654 962 750 posteri,
993 679 1068 727 non
1095 678 1184 726 con-
1232 653 1477 726 Alesandrnm
1502 665 1649 749 propter
1667 657 1905 748 suspicionem
1926 659 2140 732 insidiarum
2160 685 2225 732 oc-

193 767 344 838 fidamus
365 763 542 834 maiorum
563 759 702 834 meritis
723 772 786 831 aut
805 759 957 838 virtute,
988 757 1050 827 sed
1072 757 1184 828 simus
1232 755 1332 828 cidit.
1395 752 1649 828 &ornarunt
1667 759 1762 852 patri
1783 755 1923 830 Ilerodi
1944 773 2015 832 tres
2034 761 2120 847 lilii,
2151 763 2225 831 Ar-

121 876 124 890 '
194 890 237 939 eo
257 865 509 956 modestiores,
533 858 657 934 utllei
676 861 772 933 dona
788 857 1186 952 amaioribusacceptr,
1234 851 1395 941 cbelans,
1427 858 1492 950 qni
1517 855 1684 937 Iudaeam
1712 860 1829 932 tenuit
1854 859 1933 933 sine
1954 862 2103 933 nomine
2124 863 2226 954 regIo

98 957 102 964 ’
196 968 425 1044 retinemus,
764 1043 765 1046 Ἴ
1093 957 1097 962 ’
1234 977 1349 1028 anuos
1375 979 1519 1034 novem.
1579 955 1699 1032 Huius
1726 959 1862 1033 mentio
1890 962 1931 1035 bt
1959 962 1999 1032 in
2026 959 2229 1038 Mensam.

254 1071 260 1080 ·
1234 1055 1397 1129 Ilerodes
1427 1057 1581 1152 Antipss
1614 1083 1721 1154 quem
1753 1062 1981 1136 nominemus
2006 1062 2229 1158 Secundum,

1236 1159 1300 1254 qui
1318 1155 1516 1230 Galilaeam
1536 1158 1668 1248 tenuit,
1692 1183 1804 1256 aquo
1815 1162 2022 1236 interiectus
2035 1178 2088 1236 est
2104 1159 2230 1236 Ioan-

1082 1347 1086 1352 .
1237 1282 1301 1332 aas
1321 1254 1515 1356 Baptista.
1564 1256 1773 1356 Philippus,
1805 1263 1870 1357 qui
1890 1265 2009 1338 tennit
2023 1263 2231 1338 Trachoni-

302 1362 395 1439 Cnm
418 1361 534 1436 Iulios
554 1365 594 1433 in
608 1360 771 1458 Aegypto
792 1360 1031 1454 periculorum
1050 1358 1187 1432 bellm
1236 1362 1314 1436 tida
1332 1361 1409 1434 sive
1433 1359 1619 1438 Ituraeam.
1675 1361 1824 1436 'nomm
1845 1365 1996 1459 Antipas
2018 1367 2240 1440 mutilatum

201 1479 354 1560 gereret,
378 1467 531 1538 multum
543 1465 578 1536 ei
592 1463 727 1557 profuit
735 1459 917 1554 Antipatri
930 1459 1091 1534 Idumaei
1102 1484 1190 1556 pro-
1238 1475 1291 1534 est
1320 1485 1365 1534 ex
1386 1456 1636 1562 Ἀντίπατρος.
1693 1460 1922 1537 Trachonitis
1950 1463 2130 1540 Graecum
2163 1482 2230 1556 est,

202 1568 361 1639 videntia
383 1580 419 1638 et
441 1567 546 1650 fides,
569 1565 654 1658 quia
669 1564 831 1653 regiones
844 1563 928 1634 illae
943 1558 1029 1634 huic
1044 1561 1191 1634 notissi-
1238 1564 1465 1655 confragosa,
1495 1583 1619 1656 aspera
1644 1587 1706 1637 sen
1734 1567 1931 1660 scopulosa.
1989 1565 2088 1641 Idem
2113 1570 2231 1661 signi·

202 1692 283 1741 mae
303 1681 422 1754 erant,
446 1680 482 1738 et
496 1666 596 1737 flexit
609 1666 654 1736 ad
669 1665 862 1736 amicitiam
874 1661 960 1737 Iulii
972 1657 1191 1756 Memphites
1239 1666 1319 1738 licat
1333 1662 1471 1738 Ituraea
1484 1661 1635 1737 Ebraeis
1648 1688 1670 1738 a
1683 1666 1858 1738 vocabulo
1869 1665 1978 1755 Tira,
2002 1671 2099 1763 qnod
2114 1669 2232 1763 signi-

204 1785 239 1841 et
261 1770 360 1842 alios.
409 1766 494 1842 Ideo
507 1763 637 1838 Caesar
651 1760 844 1858 Antipatro
861 1765 1008 1838 tradidit
1021 1763 1190 1838 Iudaeam
1238 1765 1490 1853 bcstturrrm,
1514 1767 1645 1838 sivein
1659 1767 1844 1839 montibus
1856 1779 2022 1860 sngmm
2034 1771 2169 1847 lances.

124 1895 128 1902 ·
203 1872 393 1959 regendam
414 1869 492 1940 sine
505 1867 605 1957 regio
618 1865 783 1949 nomine,
808 1869 870 1938 sed
892 1865 1040 1938 nomine
1062 1867 1192 1958 gnber-
1342 1863 1539 1939 Archelaus
1557 1880 1592 1939 et
1613 1867 1940 1962 IlemdesAntipas
1961 1871 2106 1961 relegati
2129 1886 2232 1958 sunt,

202 1971 350 2044 natoris.
405 1967 581 2062 Deinceps
599 1968 709 2058 igitur
723 1965 853 2040 Iudaea
871 1967 1077 2060 peregrinos
1090 1967 1193 2058 prin·
1240 1990 1322 2040 cnm
1345 1968 1492 2063 quidem
1514 1967 1676 2041 Herodes
1699 1969 1851 2062 Antipas
1871 1967 2026 2043 Romam
2046 1974 2230 2062 profectus

205 2073 302 2163 cipes
316 2063 660 2153 exEthnIcisnatos,
683 2063 823 2140 habuit.
872 2067 979 2157 Quod
996 2089 1193 2158 cumaegre
1241 2082 1348 2151 erret,
1372 2083 1414 2142 ut
1433 2091 1582 2160 regnum
1598 2069 1821 2163 impetraret,
1846 2093 1919 2165 quo
1932 2093 2010 2141 non
2024 2071 2232 2166 impetrato,

205 2174 341 2244 ferrem
360 2171 506 2261 Iudaei,
537 2192 579 2242 ae
597 2168 836 2262 disputarent,
857 2166 989 2240 Tribni
1011 2162 1115 2240 Iuda
1135 2189 1194 2238 re·
1241 2169 1282 2238 iu
1303 2169 1421 2242 reditu
1434 2165 1596 2262 Philippi
1618 2169 1805 2261 coniugem
1826 2172 1929 2244 duxit
1944 2194 2103 2245 uxorem.
2156 2173 2231 2246 Po-

205 2297 317 2366 gnnm
340 2269 552 2361 promissum
577 2290 651 2340 esse
673 2271 788 2343 donec
808 2267 958 2342 Messias
980 2283 1193 2355 naceretur,
1242 2283 1315 2344 stea
1337 2270 1511 2360 relegatus
1532 2283 1693 2342 mortuns
1710 2284 1763 2343 est
1778 2269 1817 2340 in
1834 2269 1966 2351 Gallia.
2013 2271 2157 2345 Nomen
2174 2289 2231 2349 te-

207 2372 362 2444 subinde
383 2384 519 2442 atroces
540 2368 732 2442 seditiones
753 2384 952 2443 moverunt.
1008 2366 1062 2443 Ae
1084 2367 1193 2443 Anti·
1242 2371 1323 2441 nuit
1344 2363 1591 2461 Tetrarchae,
1624 2373 1721 2466 qnod
1742 2371 1914 2462 significat
1936 2372 2157 2468 Principem,
2192 2379 2232 2448 id

205 2487 325 2566 pater,
364 2471 428 2565 qni
460 2472 637 2565 sapienter
661 2485 697 2544 et
725 2473 906 2544 moderate
931 2473 1194 2556 dominabatur,
1242 2484 1313 2558 est,
1334 2495 1410 2542 nou
1433 2493 1572 2563 regem,
1598 2475 1659 2543 sed
1681 2467 1870 2544 habentem
1892 2475 1967 2564 regi
1988 2475 2141 2546 similem
2161 2501 2233 2569 gu-

206 2585 635 2646 tamenvenenonecatus
649 2569 880 2644 estaludaeo
896 2567 1062 2656 Malcho,
1086 2594 1194 2668 quem
1243 2572 1507 2659 bemationem,
1539 2573 1705 2647 videlicet
1726 2572 1929 2665 Agricolas,
1953 2571 2128 2666 Opifices,
2156 2579 2233 2652 Cu-

208 2688 328 2766 postea
345 2669 507 2744 Herodes
521 2695 632 2764 prope
647 2671 787 2768 Tyrum
801 2673 992 2746 interfecit.
1242 2673 1333 2744 riam
1354 2685 1392 2745 et
1412 2672 1607 2756 Militiam,
1634 2675 1697 2745 sed
1716 2673 1784 2764 ita,
1815 2689 1857 2748 nt
1879 2677 2055 2770 superiori
2078 2679 2231 2754 domino

311 2768 475 2844 Herodes
496 2771 656 2860 Primus,
683 2774 778 2844 filius
798 2769 997 2866 Antipatri,
1030 2797 1136 2868 quem
1160 2786 1195 2846 et
1243 2789 1392 2869 pareret.

442 1209 642 1285 Herodis
663 1211 944 1304 posteritas.

77 2885 83 2890 “
207 2871 440 2948 Ascaloniten
461 2875 668 2959 nominant,
691 2876 738 2946 ab
756 2868 933 2957 Ascalon,
958 2898 1047 2968 qnae
1069 2874 1138 2946 fuit
1155 2875 1195 2944 in
1344 2873 1505 2969 Herodes
1520 2874 1686 2962 Tertius,
1710 2876 1811 2948 cuius
1822 2893 2020 2970 cognomen
2036 2895 2087 2952 est
2096 2882 2234 2977 Agrip-

209 2973 398 3061 Idumaea,
423 2977 626 3068 vivopatre
643 2973 841 3046 Galilaeam
857 2975 1195 3065 magnacumlande
1243 2999 1306 3069 pa,
1329 2975 1425 3047 filins
1446 2976 1646 3050 Aristobnli
1671 2973 1863 3074 (interlecti
1884 3005 1906 3050 a
1926 2981 2044 3073 primo
2066 2981 2232 3078 Herode)

209 3075 353 3146 virtutis
381 3078 490 3159 rexit,
528 3088 564 3145 et
591 3076 801 3146 seditionem
828 3089 961 3146 momm
989 3098 1012 3144 a
1040 3077 1195 3168 quodam
1243 3076 1307 3170 qni
1327 3076 1505 3148 interiecit
1520 3075 1687 3148 Iacobum
1702 3078 1914 3170 Apostolum
1934 3082 2047 3154 lilium
2062 3083 2232 3158 Zebedei.

210 3171 363 3246 Ezechia
387 3175 572 3264 oppressit.
622 3173 787 3267 Cumque
813 3187 893 3265 post
919 3187 1071 3245 mortem
1088 3173 1196 3246 Anti·
1243 3175 1352 3247 Hunc
1375 3174 1555 3248 Herodem
1576 3178 1770 3270 Agrippam
1793 3175 1962 3252 Tiberius
1983 3180 2126 3255 Romae
2153 3210 2234 3256 car-

210 3274 305 3366 patri
321 3272 648 3368 spes-arentlndaei,
672 3274 784 3367 ipsius
797 3274 890 3344 filios
904 3276 1019 3346 menti
1032 3297 1195 3365 exregno
1244 3275 1317 3348 ceri
1341 3276 1505 3363 inclusit,
1536 3281 1635 3372 quod
1655 3278 1841 3352 familiaris
1863 3295 1953 3354 esset
1972 3280 2013 3355 C.
2034 3281 2232 3376 Caligulae,

209 3395 332 3467 posse,
348 3465 349 3468 Ἴ
367 3371 552 3446 attrahunt
579 3375 779 3447 exulantem
801 3375 896 3465 apud
916 3371 1068 3448 Parthos
1090 3374 1197 3450 Anti·
1244 3401 1350 3471 quem
1366 3376 1533 3448 Tiberius
1556 3379 1697 3471 imperii
1719 3402 1953 3452 successorem
1976 3405 2050 3454 esse
2072 3409 2150 3457 non
2169 3415 2234 3460 vo-

211 3497 365 3565 gonum,
392 3479 437 3545 de
459 3500 530 3569 quo
554 3499 680 3568 supra,
701 3475 763 3568 qui
784 3475 926 3572 adiutus
940 3499 960 3546 a
974 3469 1118 3548 Parthis
1133 3499 1196 3566 po-
1245 3478 1323 3554 luit.
1381 3476 1507 3549 Postea
1529 3477 1690 3570 Caligula
1716 3503 1798 3551 eum
1824 3481 1991 3554 liberavit
2015 3507 2057 3555 ex
2079 3510 2233 3576 carcere,

133 3626 136 3630 -
211 3577 300 3648 titur
323 3579 410 3646 urbe
426 3576 653 3672 lerosolyma.
703 3575 773 3648 Sed
797 3599 877 3647 cum
897 3575 1035 3670 aliquot
1055 3576 1197 3668 praelim
1244 3591 1280 3650 et
1306 3576 1406 3648 dedit
1431 3579 1466 3648 ei
1485 3575 1799 3667 Trachonitidem,
1830 3606 1938 3676 quam
1960 3579 2154 3678 Philippus
2182 3605 2234 3663 te·

212 3673 354 3748 vicisset
368 3675 544 3756 Herodes,
568 3677 773 3748 nominatus
788 3678 897 3748 estab
913 3676 1073 3748 Antonio
1089 3676 1198 3749 totius
1245 3690 1383 3762 onerat,
1407 3694 1443 3752 et
1454 3680 1618 3753 attribuit
1631 3681 1767 3771 regium
1783 3706 1927 3755 nomeu.
1979 3683 2152 3760 Claudius
2168 3697 2233 3762 ad-

213 3775 365 3850 ludaeae
380 3773 585 3848 Tetrarcha.
635 3775 723 3848 Post
743 3800 873 3868 paucos
895 3801 1009 3848 annos
1025 3801 1105 3847 rum
1119 3775 1198 3850 Ro-
1245 3778 1339 3850 didit
1353 3777 1547 3852 Samariam
1565 3794 1599 3853 et
1615 3777 1793 3856 Iudaeam.
1845 3780 1897 3855 Ita
1914 3807 2037 3858 rursus
2052 3811 2149 3862 unus
2166 3795 2236 3865 luit

213 3899 309 3948 mam
333 3877 506 3963 venisset,
530 3872 681 3948 Octavio
697 3891 730 3949 et
745 3878 905 3949 Antonio
920 3878 1199 3963 dominantibus,
1245 3905 1307 3952 rex
1325 3877 1487 3953 Herodes
1508 3881 1683 3974 Agrippa,
1706 3879 1875 3970 Iudaeae,
1899 3884 2080 3960 Samariae
2103 3905 2138 3963 et
2155 3891 2234 3964 Ga·

215 3978 314 4068 regio
343 3967 489 4047 nominc
510 3991 657 4049 ornatus
678 3990 747 4060 est,
781 3992 816 4049 et
836 4001 898 4050 rex
920 3979 1030 4051 totius
1049 3977 1199 4050 Iudaeae
1246 3981 1389 4071 litasse,
1414 3983 1475 4075 qni
1491 3983 1652 4073 regnavit
1665 4005 1778 4053 annos
1792 3998 1945 4076 septem,
1970 3990 2119 4080 punitus
2133 4010 2234 4083 post.

214 4079 413 4168 appellatus
435 4079 474 4148 in
488 4076 704 4170 Capitolium
718 4080 844 4151 duetus
859 4092 930 4165 est,
955 4079 1200 4151 mediusinter
1246 4105 1353 4176 qnam
1394 4083 1535 4155 necant
1561 4081 1748 4170 Iacobum,
1798 4085 1890 4160 sicut
1924 4106 2090 4163 narratur
2120 4094 2234 4167 Aeto-

216 4175 408 4252 Octavium
444 4193 479 4250 et
507 4179 725 4267 Antonium,
764 4175 982 4276 OlympIade
1010 4180 1198 4253 centesima
1246 4185 1402 4258 rnm12.
2006 4249 2014 4256 .

214 4280 449 4369 octuagesima
467 4281 603 4374 quinta.
702 4297 703 4300 ’
858 4307 861 4314 ·
1348 4281 1434 4355 Post
1463 4278 1571 4355 huius
1592 4282 1747 4357 llerodis
1771 4285 1951 4382 Agrippae
1975 4291 2131 4366 mortem
2151 4322 2234 4370 cum

321 4379 443 4452 Tertio
475 4405 570 4452 anno
600 4394 697 4474 post,
733 4404 813 4452 cum
842 4381 1022 4456 Antonius
1046 4382 1201 4456 venisset
1246 4385 1343 4458 filius
1364 4383 1523 4476 Agrippa
1551 4401 1640 4458 esset
1666 4387 1887 4473 adolescens,
1918 4404 1955 4462 et
1975 4388 2105 4465 Iudaea
2125 4399 2235 4489 plena

216 4476 464 4563 Antiochiam,
498 4484 612 4552 securi
639 4483 809 4574 percussit
831 4483 1063 4576 Antigonum.
1127 4480 1200 4555 De-
1247 4486 1465 4558 seditionum
1487 4500 1596 4574 esset,
1619 4509 1742 4559 rursus
1760 4510 1825 4579 per
1842 4485 2028 4564 Romanos
2040 4492 2236 4587 Magistra-

217 4582 303 4654 inde
331 4579 510 4655 Herodem
539 4582 706 4654 adsiduae
737 4583 928 4656 seditiones
956 4598 1200 4670 exercuerunt,
1248 4603 1304 4661 tus
1325 4586 1572 4660 administrata
1593 4599 1655 4658 en.
1705 4587 1776 4661 Sed
1790 4587 2131 4681 Claudiustradidit
2147 4595 2234 4673 hnic

218 4685 278 4751 sed
305 4685 419 4758 victor
444 4684 575 4756 occidit
595 4704 774 4756 summum
796 4683 967 4758 Senatum
990 4686 1115 4779 populi
1139 4683 1200 4757 lu·
1248 4688 1425 4780 Agrippae
1440 4682 1647 4759 Chalcidem
1668 4689 1708 4758 iu
1725 4687 1848 4783 Syria,
1872 4705 1907 4762 et
1927 4694 2063 4782 regium
2084 4687 2233 4784 nomen,

218 4781 330 4869 dalei,
370 4810 476 4880 quem
509 4785 744 4858 nominabant
773 4785 999 4880 septuagirata·
1023 4787 1114 4857 duos
1145 4808 1200 4857 se-
1248 4805 1283 4862 st
1304 4782 1608 4860 Trachonitidem.
1673 4787 1767 4859 Nero
1796 4792 1935 4864 addidit
1956 4795 2074 4891 aliqua
2097 4804 2233 4892 oppida

216 4883 348 4956 niores.
1248 4891 1288 4960 in
1306 4890 1449 4962 Iudaea.
1500 4887 1618 4958 Huius
1639 4887 1818 4982 Agrippae
1838 4905 1998 4986 tempore
2015 4896 2234 4996 Iemsolyma

318 4983 428 5058 Anno
446 4990 624 5062 tricssImo
646 4987 747 5077 regni
767 4986 921 5060 Herodis
942 4994 1056 5058 natas
1077 4993 1130 5058 est
1153 5009 1201 5059 aa
1247 4993 1361 5063 deleta
1376 4999 1439 5060 est.
1487 4986 1547 5060 Fit
1560 4989 1637 5059 eius
1653 4989 1787 5062 mentio
1800 4986 1973 5066 Actorum
1988 4999 2049 5072 st.
2087 4999 2234 5091 Regna.

217 5081 360 5160 Maria
377 5087 517 5183 virgine
527 5083 642 5182 filins
655 5084 748 5175 Dei,
772 5085 961 5161 Dominus
976 5096 1099 5160 noster
1124 5083 1154 5159 I
1158 5111 1201 5158 e·
1247 5091 1299 5164 vit
1327 5088 1597 5179 annosviginti
1625 5103 1770 5182 septem.
1833 5090 1941 5166 Philo
1972 5099 2111 5185 scribit,
2147 5100 2233 5176 hnic

75 5230 81 5240 ·
216 5213 297 5262 sus
316 5182 544 5263 Christos.
591 5188 1199 5263 Hicnumernsanniamultlttra·
1246 5189 2234 5288 AgrippaefiliumfuitsealinmAgrippamsociumse-

218 5293 313 5365 ditos
336 5309 407 5381 est,
432 5312 522 5387 quos
542 5311 682 5382 sequor.
730 5289 803 5364 Nec
817 5291 1036 5386 diligentiam
1052 5289 1196 5364 illorum
1245 5293 1367 5367 didon
1401 5289 1493 5379 viri,
1537 5289 1602 5388 qni
1639 5306 1797 5389 tempore
1826 5296 1981 5371 Adriani
2006 5299 2231 5397 imperatorIs
