4696 5820
93 251 166 326 adt
383 235 544 322 nucu
575 233 652 316 DE
689 225 1149 314 oxrntctrtotstt
1189 225 1535 307 tenontsttt
1572 229 1707 311 XLll.
1738 252 1820 308 ern
2033 239 2109 316 θῦε

93 420 202 504 vuar,
227 415 268 488 in
281 411 604 486 communicatione
616 423 738 489 mutos
749 403 980 487 benamarim
995 407 1076 480 ufb-
1128 401 1291 476 membra
1302 401 1416 474 motui
1430 424 1472 476 sc
1488 403 1607 476 ιοιιιιιί
1624 405 1797 478 destinata
1821 405 1936 478 traiici
1958 399 2110 502 nequeat

93 522 229 592 ciorum
244 530 276 590 et
295 514 552 588 sententiarum
564 511 679 586 amica
691 509 892 596 collatione,
916 509 1077 600 singulo·
1126 499 1200 599 (vel
1222 497 1287 577 dod
1307 497 1555 601 pisystoruidq
1576 501 1662 578 τίνα
1682 499 1856 580 διάθεσιν
1877 506 1919 580 ἐν
1934 503 2038 606 αὐτῷ
2052 517 2109 608 aqi

93 647 172 694 rum
187 618 354 711 privatim
371 637 451 704 erga
468 638 524 686 me
540 614 705 688 eximiam
720 612 1003 686 benevolentiam
1017 633 1077 682 ar·
1122 597 1318 702 ἐγκεφάλῳ
1343 595 1601 698 (νοστήσασαν,
1634 607 1692 678 vel
1714 603 1841 682 αὐτῶν
1862 614 1941 682 cuir
1959 616 2108 687 κοιλιῶν

91 721 270 814 gumeutis
287 741 361 792 non
377 715 538 791 obscuris
551 714 732 808 perspexi,
756 728 793 787 et
816 713 929 806 reipsa
942 713 1076 784 multo-
1123 701 1439 798 ἐμπιμπλαμένων
1459 699 1665 804 ὑγρόιηιοὲ
1685 703 1994 810 φλιγμοτώδους)
2013 713 2107 796 scili-

92 828 156 896 ties
182 845 263 892 sum
283 831 467 910 expertus,
500 817 602 887 cuius
624 839 682 886 me
702 814 885 906 opinionis
911 813 1075 887 devehis
1124 821 1179 881 ret
1192 808 1358 891 cerebro,
1384 807 1441 878 vel
1456 813 1600 880 obsesso
1621 809 1750 884 alfccm
1772 826 1911 906 practer
1933 814 2106 903 naturam,

90 927 247 995 fructum
260 933 300 994 ut
311 919 491 1012 percipere
505 917 639 1002 sinatis,
654 930 690 994 et
704 917 836 988 referre
852 938 893 990 ex
906 910 977 988 hox
987 938 1077 986 con·
1124 909 1187 1002 qui
1204 907 1250 980 sit
1264 908 1541 981 inflammationi
1556 911 1703 999 similis,
1725 915 1782 984 vel
1796 915 1939 1005 oppleto
1961 915 2105 987 obtura·

91 1045 189 1097 sessu
203 1018 333 1108 hodie,
360 1042 424 1092 vor
439 1014 668 1092 vehementer
682 1041 749 1109 pro
765 1039 844 1091 rnea
860 1039 940 1108 erga
954 1016 1077 1107 singu-
1124 1021 1232 1104 toque
1247 1005 1491 1100 phlegmaticis
1507 1005 1718 1085 humoribus
1744 1016 1858 1101 intus,
1882 1039 1954 1110 qua
1973 1016 2108 1086 ventri-

89 1128 146 1198 los
166 1122 393 1195 observantia
419 1143 496 1192 oro.
552 1117 646 1192 Cum
664 1131 783 1191 autem
806 1141 923 1212 neque
942 1139 1007 1207 ego
1028 1117 1074 1189 ad
1125 1113 1288 1182 culorum
1306 1109 1418 1196 alvei,
1441 1123 1478 1182 et
1495 1113 1719 1186 anfractuum
1743 1117 1956 1210 multiplices
1975 1139 2017 1188 sc
2038 1115 2109 1187 rni-

90 1227 282 1298 dicendum
300 1224 366 1296 sim
382 1222 592 1302 instructus,
618 1232 655 1292 et
675 1233 923 1311 argumentum
944 1221 1075 1312 dequo
1125 1213 1240 1282 raudo
1258 1223 1424 1284 contextu
1439 1211 1605 1305 impliciti
1630 1217 1777 1303 ductus,
1802 1232 1836 1291 et
1856 1243 1921 1291 ceu
1941 1216 2047 1290 incisi
2067 1217 2110 1293 iu

91 1326 219 1401 disseri
234 1320 443 1396 scholastico
459 1345 557 1392 more
571 1333 731 1412 oportet,
756 1343 831 1391 uon
846 1332 915 1392 lam
930 1343 1076 1412 eompo-
1125 1312 1360 1386 substantiam
1375 1311 1486 1404 ipsius
1503 1327 1625 1387 tenues
1641 1317 1737 1409 pori,
1763 1320 1792 1390 si
1806 1322 1852 1391 ab
1869 1321 2022 1392 infarctu
2039 1313 2124 1408 ltu·x

90 1430 180 1500 sitae
194 1425 367 1504 orationis
386 1421 487 1514 copia
510 1436 545 1496 et
565 1423 755 1514 splendore
777 1421 950 1493 illustrari
970 1433 1076 1515 atque
1124 1438 1266 1515 prorum
1291 1413 1397 1486 liberi
1419 1415 1508 1498 sint,
1541 1428 1664 1509 patent
1685 1419 1897 1512 agitatorum
1916 1423 2110 1517 spirituum

90 1528 286 1613 ostentari,
310 1547 418 1620 quam
442 1524 645 1594 orationum
668 1522 911 1596 fundamentis
937 1521 1076 1608 discuti,
1125 1515 1302 1588 discursui
1322 1528 1356 1586 et
1371 1516 1582 1591 traiectioui.

90 1644 124 1701 et
147 1630 283 1720 absque
302 1627 423 1698 ocioso
449 1638 580 1696 ornatu
601 1623 755 1715 simplici
776 1623 938 1696 oratione
960 1623 1074 1714 expli·
1224 1612 1303 1688 Hae
1318 1639 1441 1688 causae
1454 1618 1544 1692 liunt
1561 1620 1793 1715 illustriores,
1818 1647 1898 1699 cum
1919 1638 1955 1698 et
1979 1625 2109 1698 discri-

89 1729 164 1801 cari
179 1730 287 1814 velit,
311 1740 353 1799 ut
366 1727 406 1798 lit
421 1725 461 1796 iu
473 1725 791 1820 disputationibus,
816 1747 893 1796 non
914 1747 1075 1823 eropro-
1124 1739 1207 1788 men
1222 1739 1264 1812 qc
1278 1719 1385 1790 series
1402 1733 1637 1808 caeterarum,
1662 1748 1753 1818 quae
1769 1722 1833 1796 has
1847 1728 2025 1820 proximas
2039 1751 2109 1802 an·

89 1833 198 1904 lixus.
1124 1819 1308 1903 letaldum,
1337 1821 1506 1910 gignunt,
1536 1823 1650 1909 cient,
1684 1827 1895 1919 impellunt,
1932 1843 1969 1901 et
1991 1829 2104 1921 ipsius

192 1925 320 2000 Dicam
336 1947 419 2016 ergo
436 1945 547 2017 pauca
562 1927 607 1996 de
627 1924 896 2020 quadragesimo
917 1925 1072 1996 seeundo
1126 1919 1243 1990 morbi
1265 1919 1366 2011 origo
1387 1923 1632 1998 consideratur
1655 1950 1696 1997 ac
1720 1941 1858 2000 natura.
1907 1926 2108 2024 Apoplexia

90 2025 314 2125 Aphorismo
337 2027 446 2119 partis
477 2028 670 2113 secundae,
710 2026 811 2098 cuius
838 2025 946 2098 verba
974 2037 1073 2096 suut:
1121 2019 1164 2089 in
1189 2020 1336 2092 illorum
1361 2035 1414 2093 est
1437 2026 1644 2098 morborum
1669 2050 1838 2113 numero,
1864 2054 1955 2125 quos
1974 2054 2015 2102 ex
2037 2030 2108 2100 im-

89 2131 237 2206 Fortem
246 2126 479 2226 Apoplexiam
493 2127 631 2200 solvere
645 2127 865 2217 impossibile
879 2139 942 2214 est,
961 2125 1077 2196 imbe·
1125 2119 1232 2212 pulsu
1254 2120 1377 2217 aliquo
1401 2123 1557 2212 incitati,
1583 2151 1624 2200 ac
1647 2154 1727 2202 curn
1746 2133 1960 2206 defluxionis
1973 2132 2109 2223 impetu

89 2235 211 2306 sillem
225 2231 340 2306 facile.
390 2223 624 2302 Occasionem
639 2229 684 2301 de
698 2229 881 2322 apoplexia
896 2227 1075 2320 cogitandi
1124 2234 1267 2296 ruentes
1290 2219 1478 2314 humores,
1511 2252 1618 2324 saque
1646 2231 1687 2304 iu
1703 2234 1887 2306 cerebrum
1906 2233 2110 2314 inferentes,

89 2332 310 2418 acmratius,
341 2329 583 2425 praebuerunt
603 2323 712 2415 mibi,
750 2353 840 2424 quae
872 2340 1076 2421 grassamur
1125 2337 1160 2400 et
1175 2323 1277 2416 lapsu
1293 2325 1469 2399 concitato
1483 2351 1523 2401 ac
1538 2332 1658 2404 subito
1673 2334 1730 2405 vel
1744 2333 1783 2404 in
1799 2359 1884 2407 cava
1900 2336 1976 2406 eius
1989 2334 2108 2429 spacia

89 2437 219 2525 vulgo,
251 2447 286 2506 et
308 2432 482 2524 plurimos
503 2443 683 2523 correptos
700 2430 931 2513 interimunt,
964 2430 1075 2522 epile-
1124 2427 1260 2497 excussi
1281 2439 1387 2521 atque
1406 2427 1555 2520 ingesti,
1591 2435 1648 2504 vel
1670 2436 1805 2507 detrusi
1828 2436 2041 2532 impactique
2067 2435 2110 2506 in

15 2613 18 2622 ‚
90 2537 255 2628 pticaeet
269 2532 503 2626 apoplecticae
518 2533 732 2618 affectiones,
751 2555 901 2626 quarum
919 2545 954 2604 et
972 2533 1076 2630 inva-
1122 2549 1233 2599 venas
1256 2541 1291 2600 et
1313 2529 1477 2623 arterias,
1512 2535 1642 2627 quibus
1663 2548 1699 2608 et
1718 2539 1943 2608 membraneo
1971 2535 2109 2609 cerebri

92 2637 212 2706 sioues
225 2648 311 2720 sunt
326 2648 397 2706 tam
413 2633 621 2724 praecipites
637 2656 678 2704 ac
697 2634 852 2718 subitae,
878 2648 912 2706 et
925 2633 1076 2725 impres·
1128 2627 1312 2702 involucra
1334 2630 1467 2704 intexta
1488 2649 1590 2720 sunt,
1629 2651 1665 2710 ct
1685 2651 1881 2729 pertextam
1905 2652 1958 2709 est
1978 2659 2108 2732 corpus

89 2739 211 2809 siones
236 2749 309 2808 tam
334 2729 559 2805 vehementes
582 2755 623 2803 ac
645 2756 783 2815 saevae,
817 2747 858 2804 ut
886 2733 1076 2803 videantur
1125 2728 1253 2820 ipsum,
1279 2753 1403 2821 parere
1417 2735 1721 2811 consueverunt·
1744 2738 1940 2812 Causarum
1956 2739 2105 2830 gignen-

89 2840 190 2912 velut
213 2829 388 2930 ἐπιδήμια
415 2827 630 2928 νοσήματα,
672 2859 693 2905 a
723 2833 892 2926 peculiari
923 2833 1013 2904 cosli
1041 2846 1076 2904 et
1125 2830 1216 2900 tium
1238 2853 1310 2902 una
1330 2846 1383 2905 est
1405 2847 1547 2908 externa
1578 2851 1612 2910 et
1640 2841 1798 2912 evidens:
1831 2842 1942 2914 altera
1966 2841 2108 2912 interna

90 2941 183 3015 atris
202 2937 456 3010 constitutione
479 2936 695 3008 commoveri
719 2936 759 3008 iu
788 2935 831 3007 iis
854 2935 1074 3028 corporibus,
1126 2943 1160 3004 et
1192 2932 1401 3022 corporibus
1433 2935 1560 3008 insita:
1598 2941 1719 3028 tertia,
1759 2965 1867 3037 quam
1900 2943 2035 3036 συνεχῆ
2071 2951 2108 3010 et

90 3043 224 3136 quibus
254 3039 347 3110 inest
371 3038 532 3128 aptitudo
556 3038 730 3132 quaedam
754 3060 796 3109 ae
816 3039 1005 3130 propensio
1029 3039 1075 3107 ad
1124 3037 1308 3127 προσεχῆ,
1334 3036 1458 3121 idest,
1483 3040 1724 3115 continentem
1746 3057 1884 3116 vocant.
1934 3039 2110 3114 Externa-

90 3145 231 3214 easdem
247 3165 288 3210 ex
304 3139 520 3229 lunguefacta
536 3139 671 3209 cerebri
686 3138 817 3212 virtute
840 3150 875 3208 et
891 3161 1075 3210 coacerva-
1125 3157 1206 3202 rum
1222 3137 1395 3227 quaedam
1410 3161 1473 3228 pet·
1489 3163 1564 3212 sese
1577 3142 1655 3234 ipso
1672 3145 1809 3217 insultu
1832 3144 1889 3216 vel
1906 3145 2005 3215 illisu
2020 3165 2108 3234 apo·

89 3259 209 3316 torum
236 3243 342 3330 longo
368 3255 527 3329 tempore
553 3241 811 3329 superfluorum
838 3239 1075 3312 reduntantia.
1125 3235 1275 3326 plexiom
1301 3236 1455 3320 faciunt,
1482 3255 1521 3312 ut
1543 3267 1622 3314 cum
1645 3247 1816 3316 validiore
1840 3246 1912 3320 ictu
1932 3245 2052 3316 fractis
2074 3255 2110 3314 et

88 3343 215 3438 Neque
228 3341 392 3433 improbo
410 3339 628 3410 coniecturas
643 3363 779 3424 eorum,
805 3339 867 3432 qni
882 3341 995 3410 causis
1011 3335 1075 3408 ha·
1125 3335 1258 3404 collisis
1279 3338 1418 3408 ossibus
1439 3344 1560 3412 cranei
1585 3359 1620 3416 et
1642 3346 1778 3416 cerebri
1800 3369 1922 3438 ,massa
1944 3369 1984 3418 ea
2007 3350 2106 3416 iom-

89 3469 168 3516 rum
195 3442 459 3533 aegritudinum
482 3465 523 3510 ex
537 3439 685 3512 Saturni
707 3454 741 3512 et
757 3439 885 3510 Martis
911 3442 1076 3524 infausto,
1127 3437 1306 3526 pressione
1324 3453 1443 3510 coacta
1458 3453 1564 3536 atque
1579 3460 1764 3529 coarctata,
1780 3460 1841 3518 aut
1856 3448 1982 3543 laqueo
1996 3446 2110 3516 inter·
2187 3512 2197 3540 ⁸
2315 3535 2317 3542 y

89 3547 199 3618 noxio
215 3560 249 3616 et
265 3543 396 3614 minaci
412 3543 530 3635 positu
552 3541 692 3634 petitis,
717 3542 901 3634 aliquanto
925 3555 1007 3611 ante
1029 3543 1075 3611 de
1127 3537 1234 3606 clusis
1257 3539 1313 3607 vel
1337 3543 1545 3633 compressis
1565 3544 1611 3616 iis
1633 3547 1752 3633 venis,
1778 3570 1868 3642 quae
1890 3540 2109 3646 οφαγίτιδις
2161 3601 2165 3614 .

90 3671 214 3718 earrrm
247 3645 416 3737 periculis
444 3656 672 3714 monuerunt.
733 3641 804 3713 Sed
837 3636 1076 3732 prohdolor,
1127 3651 1161 3708 et
1174 3638 1353 3728 iugulares
1372 3643 1622 3732 nominantur,
1647 3649 1812 3739 protinus
1826 3662 1981 3721 cessante
1995 3660 2110 3730 motu,

90 3762 266 3844 quantum
292 3744 467 3836 ingluvie,
497 3744 667 3835 crapulis,
699 3743 957 3833 intempestivis
979 3766 1077 3812 com·
1126 3763 1188 3812 cor
1211 3741 1444 3831 respiratione
1465 3744 1629 3820 intercisa
1661 3749 1866 3824 suffocatur.
1922 3748 2110 3840 Quaedam

88 3848 385 3932 messalionibus,
417 3840 473 3914 his
494 3846 608 3914 causis
633 3843 787 3916 externis
810 3857 844 3918 et
866 3845 1075 3915 coelestibus
1126 3863 1248 3911 rursus
1264 3843 1422 3914 internas
1436 3867 1557 3918 causas
1576 3845 1632 3920 vel
1647 3850 1817 3941 gignunt,
1841 3865 1970 3941 augent
1985 3874 2027 3920 ac
2044 3873 2108 3920 co·

88 3949 300 4022 instruimus
315 3961 350 4018 et
367 3946 589 4018 cumulamus
603 3969 666 4015 ceu
684 3967 781 4038 penu
804 3945 972 4016 materiae
995 3945 1076 4014 ido·
1125 3956 1289 4014 acervant
1304 3943 1400 4017 velut
1414 3947 1554 4038 pabulo
1561 3953 1796 4045 suppeditato,
1809 3956 1906 4048 quod
1920 3953 1991 4025 rita
2006 3972 2109 4043 prae·

89 4077 175 4122 uene
199 4051 238 4117 in
260 4047 471 4141 corporibus
499 4046 658 4120 nostris?
709 4044 870 4136 Quantas
899 4047 1075 4132 addimus,
1127 4056 1195 4114 stat
1209 4042 1310 4114 luxui
1327 4047 1447 4120 dedito
1469 4062 1576 4144 atque
1597 4047 1896 4138 helluationibus,
1920 4056 1977 4126 vel
1998 4053 2109 4124 colle-

88 4177 166 4222 ruru
183 4164 369 4240 stupemus
385 4147 566 4233 ebrietate,
590 4159 652 4218 aut
667 4147 865 4220 insanimus
878 4148 1074 4219 ambitione
1125 4157 1196 4218 otas
1215 4159 1297 4217 aute
1324 4149 1574 4222 alterationum
1606 4156 1831 4247 quarundam
1861 4154 2109 4227 immutatione

89 4267 122 4324 et
140 4253 258 4336 odiis,
283 4266 345 4324 aut
371 4251 408 4320 in
431 4248 569 4338 magnis
593 4249 722 4320 animis
750 4250 937 4320 doloribus
961 4250 1075 4340 impa·
1125 4263 1356 4339 praeparant,
1395 4262 1437 4322 ut
1474 4274 1555 4334 curn
1592 4249 1806 4331 exhalitibus
1821 4256 1939 4328 crudis
1969 4251 2109 4326 densati

89 4355 233 4433 tientia,
266 4353 323 4422 vel
354 4353 391 4422 in
415 4351 543 4422 subitis
565 4348 865 4421 commotionibus
890 4349 1075 4441 praecipiti
1125 4347 1306 4441 coactique
1326 4345 1494 4422 humores
1516 4366 1551 4424 et
1571 4355 1665 4427 iutra
1685 4381 1852 4430 craneum
1865 4357 1999 4429 detenti
2015 4377 2108 4426 aca-

88 4480 127 4526 ar
141 4453 280 4526 fervida
299 4453 482 4524 iracundia
502 4464 597 4522 extra
611 4470 677 4523 nos
699 4451 881 4542 rapimur,
905 4464 991 4522 tunc
1016 4450 1074 4519 in·
1124 4449 1202 4519 lore
1218 4450 1391 4522 lentorem
1408 4454 1579 4545 paulatim
1594 4452 1813 4532 contrahunt
1826 4473 1861 4530 et
1875 4458 2109 4540 tenacitatem,

89 4580 195 4652 quarn
226 4568 375 4648 quantas
409 4552 677 4645 suppeditamus
716 4550 917 4623 occasiones
948 4550 1072 4620 iisdem
1125 4550 1181 4620 vel
1203 4550 1356 4641 genitas,
1387 4568 1571 4644 congestas
1600 4581 1641 4630 ae
1669 4573 1893 4652 praeparatas
1917 4560 2109 4652 impellunt

89 4658 223 4737 causis,
248 4669 289 4727 ut
306 4656 345 4726 in
362 4679 426 4726 uos
442 4656 615 4724 invadant
633 4653 776 4745 vimque
797 4664 1006 4746 expromaut
1021 4665 1075 4723 at·
1124 4651 1347 4746 agitantque,
1372 4667 1412 4726 ut
1425 4679 1509 4730 cum
1524 4659 1635 4751 quieti
1652 4653 1819 4732 humores
1839 4673 1900 4733 aut
1916 4645 2108 4731 vehemen-

90 4783 159 4853 que
174 4769 359 4828 exerceant
374 4755 500 4828 suam?
525 4753 596 4827 Sed
611 4753 821 4825 coelestibus
835 4753 950 4825 causis
965 4753 1074 4824 omis-
1124 4754 1171 4824 tis
1186 4754 1391 4825 iracundiae
1406 4759 1547 4838 fervore
1564 4761 1621 4831 vel
1634 4761 1728 4832 ais'ris
1743 4761 1947 4834 circumfusi
1968 4761 2110 4834 ardori·

97 4861 155 4946 sis,
180 4862 227 4932 de
245 4857 474 4950 propioribus
489 4871 525 4930 et
540 4856 649 4931 nobis
661 4855 777 4928 insitis
801 4858 975 4949 quaedam
998 4855 1073 4924 dis-
1122 4855 1192 4926 bus
1205 4855 1368 4928 dissoluti
1384 4881 1425 4930 ae
1438 4859 1530 4946 fusi,
1554 4875 1616 4936 aut
1630 4863 1784 4954 expressi
1800 4876 1838 4944 et
1859 4863 1957 4936 velut
1974 4863 2108 4936 exclusi

89 4983 261 5032 seramus.
314 4957 474 5032 Galenus
496 4971 590 5032 recte
615 4969 650 5030 et
678 4956 855 5030 concinne
886 4958 1073 5029 universas
1125 4955 1330 5030 astrictione
1346 4973 1527 5034 meatuum
1540 4961 1588 5034 ab
1601 4963 1778 5055 asperiore
1792 4963 1944 5054 frigore,
1968 4979 2030 5038 aut
2046 4989 2107 5036 co-

90 5085 193 5133 rerae
215 5061 420 5152 apoplexiae
442 5059 628 5152 proximas·
642 5079 764 5130 musas
793 5058 997 5150 complexus
1023 5071 1076 5129 est
1123 5055 1185 5148 pia
1208 5057 1287 5128 elisi
1307 5059 1452 5133 irruunt
1473 5062 1514 5132 in
1536 5064 1732 5140 cerebrum.
1790 5062 1956 5140 internae
1985 5089 2108 5140 causae

92 5163 230 5234 duobus
246 5161 453 5252 generibus,
476 5183 558 5230 cum
574 5159 709 5253 inquit:
735 5157 835 5230 Fieri
854 5159 1073 5252 apoplexiam
1123 5181 1212 5252 quas
1240 5159 1523 5260 προηγουμένας
1553 5177 1589 5235 et
1610 5167 1855 5240 antecedentes
1883 5171 2031 5249 vocant,
2072 5181 2109 5240 et

91 5285 133 5334 ex
147 5263 285 5335 defectu
301 5283 425 5334 sensam
440 5272 475 5332 et
489 5271 606 5332 motus
622 5261 823 5352 incorpore
836 5259 1017 5346 universo,
1031 5282 1073 5330 eo
1124 5283 1275 5354 quarum
1289 5263 1335 5332 ab
1348 5262 1503 5336 externis
1519 5263 1618 5355 origo
1633 5273 1705 5350 est,
1728 5280 1814 5342 sunt
1828 5265 2015 5360 humores,
2044 5265 2109 5361 qui

91 5365 188 5458 qnod
219 5363 333 5448 virtus
360 5361 537 5438 animalis
553 5360 711 5465 diffundi
734 5359 776 5435 in
795 5383 945 5446 nemos,
977 5358 1074 5436 etin
1123 5361 1181 5434 vel
1201 5361 1241 5440 iu
1261 5362 1350 5459 ipsis
1371 5363 1497 5440 rivulis
1516 5385 1693 5468 ,versuum
1711 5368 1857 5465 rapitis,
1888 5363 1946 5440 his
1975 5367 2109 5442 scilicet
