<?xml version="1.0" encoding="UTF-8"?>
<!DOCTYPE html PUBLIC "-//W3C//DTD XHTML 1.0 Transitional//EN"
    "http://www.w3.org/TR/xhtml1/DTD/xhtml1-transitional.dtd">
<html xmlns="http://www.w3.org/1999/xhtml" xml:lang="en" lang="en">
 <head>
  <title>
</title>
<meta http-equiv="Content-Type" content="text/html;charset=utf-8" />
  <meta name='ocr-system' content='tesseract 3.04.00' />
  <meta name='ocr-capabilities' content='ocr_page ocr_carea ocr_par ocr_line ocrx_word'/>
</head>
<body>
  <div class='ocr_page' id='page_1' title='image "./corpusreformato13melagoog_0183.png"; bbox 0 0 4696 5820; ppageno 0'>
   <div class='ocr_carea' id='block_1_1' title="bbox 200 302 275 384">
    <p class='ocr_par' dir='ltr' id='par_1_1' title="bbox 200 302 275 384">
     <span class='ocr_line' id='line_1_1' title="bbox 200 302 275 384; baseline -0.027 -1"><span class='ocrx_word' id='word_1_1' title='bbox 200 302 275 384; x_wconf 78' lang='lat' dir='ltr'>ete</span> 
     </span>
    </p>
   </div>
   <div class='ocr_carea' id='block_1_2' title="bbox 137 470 1199 1473">
    <p class='ocr_par' dir='ltr' id='par_1_2' title="bbox 137 470 1199 1473">
     <span class='ocr_line' id='line_1_2' title="bbox 207 470 1195 572; baseline -0.01 -22"><span class='ocrx_word' id='word_1_2' title='bbox 207 472 447 572; x_wconf 74' lang='lat' dir='ltr'><strong>eloquentiam</strong></span> <span class='ocrx_word' id='word_1_3' title='bbox 463 470 760 556; x_wconf 76' lang='lat' dir='ltr'>considerassent,</span> <span class='ocrx_word' id='word_1_4' title='bbox 786 481 823 540; x_wconf 92' lang='lat' dir='ltr'>et</span> <span class='ocrx_word' id='word_1_5' title='bbox 838 492 954 539; x_wconf 88' lang='lat' dir='ltr'>mores</span> <span class='ocrx_word' id='word_1_6' title='bbox 973 470 1105 540; x_wconf 89' lang='lat' dir='ltr'>scirent</span> <span class='ocrx_word' id='word_1_7' title='bbox 1128 471 1195 540; x_wconf 86' lang='lat' dir='ltr'>bo·</span> 
     </span>
     <span class='ocr_line' id='line_1_3' title="bbox 208 567 1197 666; baseline -0.01 -16"><span class='ocrx_word' id='word_1_8' title='bbox 208 580 265 650; x_wconf 90' lang='lat' dir='ltr'>nis</span> <span class='ocrx_word' id='word_1_9' title='bbox 281 576 365 648; x_wconf 86' lang='lat' dir='ltr'>viris</span> <span class='ocrx_word' id='word_1_10' title='bbox 380 573 544 666; x_wconf 91' lang='lat' dir='ltr'>probari,</span> <span class='ocrx_word' id='word_1_11' title='bbox 567 583 671 641; x_wconf 89' lang='lat' dir='ltr'>vocat</span> <span class='ocrx_word' id='word_1_12' title='bbox 685 594 765 640; x_wconf 91' lang='lat' dir='ltr'>cum</span> <span class='ocrx_word' id='word_1_13' title='bbox 781 572 867 641; x_wconf 85' lang='lat' dir='ltr'>Dux</span> <span class='ocrx_word' id='word_1_14' title='bbox 881 567 1055 641; x_wconf 73' lang='lat' dir='ltr'>Senoniae</span> <span class='ocrx_word' id='word_1_15' title='bbox 1069 569 1197 641; x_wconf 87' lang='lat' dir='ltr'>Fridc-</span> 
     </span>
     <span class='ocr_line' id='line_1_4' title="bbox 208 670 1196 761; baseline -0.009 -10"><span class='ocrx_word' id='word_1_16' title='bbox 208 682 304 752; x_wconf 88' lang='lat' dir='ltr'>ricus</span> <span class='ocrx_word' id='word_1_17' title='bbox 312 678 351 746; x_wconf 93' lang='lat' dir='ltr'>in</span> <span class='ocrx_word' id='word_1_18' title='bbox 360 676 489 761; x_wconf 91' lang='lat' dir='ltr'>aulam,</span> <span class='ocrx_word' id='word_1_19' title='bbox 504 670 758 744; x_wconf 91' lang='lat' dir='ltr'>etCancellarii</span> <span class='ocrx_word' id='word_1_20' title='bbox 772 695 902 742; x_wconf 89' lang='lat' dir='ltr'>munus</span> <span class='ocrx_word' id='word_1_21' title='bbox 914 672 946 740; x_wconf 91' lang='lat' dir='ltr'>ei</span> <span class='ocrx_word' id='word_1_22' title='bbox 960 674 1196 758; x_wconf 89' lang='lat' dir='ltr'>commendat,</span> 
     </span>
     <span class='ocr_line' id='line_1_5' title="bbox 211 773 1197 876; baseline -0.009 -24"><span class='ocrx_word' id='word_1_23' title='bbox 211 780 307 876; x_wconf 93' lang='lat' dir='ltr'>quod</span> <span class='ocrx_word' id='word_1_24' title='bbox 325 776 421 848; x_wconf 87' lang='lat' dir='ltr'>scitis</span> <span class='ocrx_word' id='word_1_25' title='bbox 435 775 666 868; x_wconf 89' lang='lat' dir='ltr'>praecipuum</span> <span class='ocrx_word' id='word_1_26' title='bbox 681 795 842 842; x_wconf 89' lang='lat' dir='ltr'>essenon</span> <span class='ocrx_word' id='word_1_27' title='bbox 865 773 980 844; x_wconf 89' lang='lat' dir='ltr'>solum</span> <span class='ocrx_word' id='word_1_28' title='bbox 997 774 1035 842; x_wconf 91' lang='lat' dir='ltr'>in</span> <span class='ocrx_word' id='word_1_29' title='bbox 1052 786 1197 866; x_wconf 87' lang='lat' dir='ltr'>praeto·</span> 
     </span>
     <span class='ocr_line' id='line_1_6' title="bbox 211 873 1196 969; baseline -0.008 -17"><span class='ocrx_word' id='word_1_30' title='bbox 211 882 273 954; x_wconf 89' lang='lat' dir='ltr'>riis</span> <span class='ocrx_word' id='word_1_31' title='bbox 282 878 449 969; x_wconf 86' lang='lat' dir='ltr'>negociis,</span> <span class='ocrx_word' id='word_1_32' title='bbox 464 876 637 946; x_wconf 81' lang='lat' dir='ltr'>sedetiam</span> <span class='ocrx_word' id='word_1_33' title='bbox 647 873 954 962; x_wconf 86' lang='lat' dir='ltr'>aliisgravioribus</span> <span class='ocrx_word' id='word_1_34' title='bbox 966 875 1196 944; x_wconf 90' lang='lat' dir='ltr'>deliberatio-</span> 
     </span>
     <span class='ocr_line' id='line_1_7' title="bbox 213 974 1198 1066; baseline -0.008 -12"><span class='ocrx_word' id='word_1_35' title='bbox 213 983 330 1055; x_wconf 84' lang='lat' dir='ltr'>nibus.</span> <span class='ocrx_word' id='word_1_36' title='bbox 381 974 529 1049; x_wconf 79' lang='lat' dir='ltr'>Constat</span> <span class='ocrx_word' id='word_1_37' title='bbox 551 989 666 1047; x_wconf 90' lang='lat' dir='ltr'>autern</span> <span class='ocrx_word' id='word_1_38' title='bbox 691 976 728 1042; x_wconf 95' lang='lat' dir='ltr'>in</span> <span class='ocrx_word' id='word_1_39' title='bbox 747 974 887 1044; x_wconf 91' lang='lat' dir='ltr'>iudiciis</span> <span class='ocrx_word' id='word_1_40' title='bbox 908 977 1072 1066; x_wconf 90' lang='lat' dir='ltr'>regendis</span> <span class='ocrx_word' id='word_1_41' title='bbox 1088 976 1198 1046; x_wconf 91' lang='lat' dir='ltr'>indu·</span> 
     </span>
     <span class='ocr_line' id='line_1_8' title="bbox 215 1075 1199 1172; baseline -0.009 -17"><span class='ocrx_word' id='word_1_42' title='bbox 215 1083 335 1155; x_wconf 81' lang='lat' dir='ltr'>striam</span> <span class='ocrx_word' id='word_1_43' title='bbox 359 1093 395 1153; x_wconf 87' lang='lat' dir='ltr'>et</span> <span class='ocrx_word' id='word_1_44' title='bbox 417 1079 628 1172; x_wconf 80' lang='lat' dir='ltr'>aequitatem</span> <span class='ocrx_word' id='word_1_45' title='bbox 651 1078 726 1147; x_wconf 92' lang='lat' dir='ltr'>eius</span> <span class='ocrx_word' id='word_1_46' title='bbox 748 1076 797 1145; x_wconf 91' lang='lat' dir='ltr'>ita</span> <span class='ocrx_word' id='word_1_47' title='bbox 819 1075 1003 1166; x_wconf 90' lang='lat' dir='ltr'>probatam</span> <span class='ocrx_word' id='word_1_48' title='bbox 1017 1078 1124 1146; x_wconf 87' lang='lat' dir='ltr'>fuisse</span> <span class='ocrx_word' id='word_1_49' title='bbox 1142 1101 1199 1146; x_wconf 89' lang='lat' dir='ltr'>sa-</span> 
     </span>
     <span class='ocr_line' id='line_1_9' title="bbox 137 1176 1199 1278; baseline -0.006 -24"><span class='ocrx_word' id='word_1_50' title='bbox 137 1267 140 1272; x_wconf 18' lang='lat'>,</span> <span class='ocrx_word' id='word_1_51' title='bbox 212 1182 394 1278; x_wconf 90' lang='lat' dir='ltr'>pientibus</span> <span class='ocrx_word' id='word_1_52' title='bbox 406 1205 446 1250; x_wconf 90' lang='lat' dir='ltr'>ac</span> <span class='ocrx_word' id='word_1_53' title='bbox 461 1180 563 1250; x_wconf 90' lang='lat' dir='ltr'>bonis</span> <span class='ocrx_word' id='word_1_54' title='bbox 571 1176 810 1266; x_wconf 90' lang='lat' dir='ltr'>Principibus,</span> <span class='ocrx_word' id='word_1_55' title='bbox 828 1177 1008 1248; x_wconf 87' lang='lat' dir='ltr'>nobilitati</span> <span class='ocrx_word' id='word_1_56' title='bbox 1024 1191 1057 1248; x_wconf 92' lang='lat' dir='ltr'>et</span> <span class='ocrx_word' id='word_1_57' title='bbox 1075 1177 1199 1248; x_wconf 90' lang='lat' dir='ltr'>eivita-</span> 
     </span>
     <span class='ocr_line' id='line_1_10' title="bbox 214 1278 1199 1370; baseline -0.008 -14"><span class='ocrx_word' id='word_1_58' title='bbox 214 1287 332 1369; x_wconf 87' lang='lat' dir='ltr'>tibus,</span> <span class='ocrx_word' id='word_1_59' title='bbox 357 1295 396 1352; x_wconf 93' lang='lat' dir='ltr'>ut</span> <span class='ocrx_word' id='word_1_60' title='bbox 412 1304 535 1351; x_wconf 88' lang='lat' dir='ltr'>omnes</span> <span class='ocrx_word' id='word_1_61' title='bbox 554 1303 634 1350; x_wconf 92' lang='lat' dir='ltr'>eum</span> <span class='ocrx_word' id='word_1_62' title='bbox 649 1279 780 1370; x_wconf 90' lang='lat' dir='ltr'>pariter</span> <span class='ocrx_word' id='word_1_63' title='bbox 796 1278 993 1368; x_wconf 78' lang='lat' dir='ltr'>diligerent,</span> <span class='ocrx_word' id='word_1_64' title='bbox 1018 1280 1079 1348; x_wconf 90' lang='lat' dir='ltr'>sed</span> <span class='ocrx_word' id='word_1_65' title='bbox 1097 1302 1199 1369; x_wconf 87' lang='lat' dir='ltr'>prae-</span> 
     </span>
     <span class='ocr_line' id='line_1_11' title="bbox 216 1375 1198 1473; baseline -0.01 -15"><span class='ocrx_word' id='word_1_66' title='bbox 216 1386 308 1458; x_wconf 88' lang='lat' dir='ltr'>toria</span> <span class='ocrx_word' id='word_1_67' title='bbox 327 1382 471 1473; x_wconf 83' lang='lat' dir='ltr'>negocia</span> <span class='ocrx_word' id='word_1_68' title='bbox 493 1381 631 1454; x_wconf 91' lang='lat' dir='ltr'>omitto.</span> <span class='ocrx_word' id='word_1_69' title='bbox 681 1375 762 1448; x_wconf 85' lang='lat' dir='ltr'>Dux</span> <span class='ocrx_word' id='word_1_70' title='bbox 778 1377 980 1450; x_wconf 85' lang='lat' dir='ltr'>Fridcricus</span> <span class='ocrx_word' id='word_1_71' title='bbox 1002 1404 1084 1449; x_wconf 93' lang='lat' dir='ltr'>eum</span> <span class='ocrx_word' id='word_1_72' title='bbox 1101 1379 1198 1449; x_wconf 89' lang='lat' dir='ltr'>colo·</span> 
     </span>
    </p>
   </div>
   <div class='ocr_carea' id='block_1_3' title="bbox 746 291 1706 376">
    <p class='ocr_par' dir='ltr' id='par_1_3' title="bbox 746 291 1706 376">
     <span class='ocr_line' id='line_1_12' title="bbox 746 291 1706 376; baseline 0.006 -7"><span class='ocrx_word' id='word_1_73' title='bbox 746 291 903 372; x_wconf 80' lang='lat' dir='ltr'>DECL.</span> <span class='ocrx_word' id='word_1_74' title='bbox 937 291 1014 372; x_wconf 83' lang='lat' dir='ltr'>DE·</span> <span class='ocrx_word' id='word_1_75' title='bbox 1052 291 1381 374; x_wconf 85' lang='lat' dir='ltr'>GREGORIO</span> <span class='ocrx_word' id='word_1_76' title='bbox 1412 293 1706 376; x_wconf 82' lang='lat' dir='ltr'>PONTANO.</span> 
     </span>
    </p>
   </div>
   <div class='ocr_carea' id='block_1_4' title="bbox 1247 309 2243 1277">
    <p class='ocr_par' dir='ltr' id='par_1_4' title="bbox 1247 309 2243 1168">
     <span class='ocr_line' id='line_1_13' title="bbox 2161 309 2239 385; baseline -0.038 0"><span class='ocrx_word' id='word_1_77' title='bbox 2161 309 2239 385; x_wconf 73' lang='lat'>5⁵6</span> 
     </span>
     <span class='ocr_line' id='line_1_14' title="bbox 1249 465 2241 560; baseline 0.013 -20"><span class='ocrx_word' id='word_1_78' title='bbox 1249 465 1330 540; x_wconf 91' lang='lat' dir='ltr'>chio</span> <span class='ocrx_word' id='word_1_79' title='bbox 1353 467 1699 560; x_wconf 85' lang='lat' dir='ltr'>Brandeburgensis,</span> <span class='ocrx_word' id='word_1_80' title='bbox 1740 467 1913 548; x_wconf 83' lang='lat' dir='ltr'>Ernestus</span> <span class='ocrx_word' id='word_1_81' title='bbox 1941 473 2023 548; x_wconf 89' lang='lat' dir='ltr'>Dux</span> <span class='ocrx_word' id='word_1_82' title='bbox 2043 473 2241 552; x_wconf 82' lang='lat' dir='ltr'>Lunebur·</span> 
     </span>
     <span class='ocr_line' id='line_1_15' title="bbox 1247 569 2241 668; baseline 0.012 -28"><span class='ocrx_word' id='word_1_83' title='bbox 1247 571 1375 660; x_wconf 79' lang='lat' dir='ltr'>gensis,</span> <span class='ocrx_word' id='word_1_84' title='bbox 1401 569 1703 663; x_wconf 85' lang='lat' dir='ltr'>etWolffgangus</span> <span class='ocrx_word' id='word_1_85' title='bbox 1717 571 1888 668; x_wconf 81' lang='lat' dir='ltr'>Princeps</span> <span class='ocrx_word' id='word_1_86' title='bbox 1903 573 2135 666; x_wconf 88' lang='lat' dir='ltr'>Anbaltinus,</span> <span class='ocrx_word' id='word_1_87' title='bbox 2159 582 2241 654; x_wconf 93' lang='lat' dir='ltr'>ius-</span> 
     </span>
     <span class='ocr_line' id='line_1_16' title="bbox 1249 669 2241 774; baseline 0.013 -34"><span class='ocrx_word' id='word_1_88' title='bbox 1249 695 1308 742; x_wconf 92' lang='lat' dir='ltr'>sus</span> <span class='ocrx_word' id='word_1_89' title='bbox 1323 684 1377 743; x_wconf 90' lang='lat' dir='ltr'>est</span> <span class='ocrx_word' id='word_1_90' title='bbox 1390 669 1870 748; x_wconf 84' lang='lat' dir='ltr'>aDuceSaxoniaeElectore</span> <span class='ocrx_word' id='word_1_91' title='bbox 1884 677 2069 749; x_wconf 89' lang='lat' dir='ltr'>Pontanus</span> <span class='ocrx_word' id='word_1_92' title='bbox 2087 703 2241 774; x_wconf 90' lang='lat' dir='ltr'>respon·</span> 
     </span>
     <span class='ocr_line' id='line_1_17' title="bbox 1249 770 2242 854; baseline 0.012 -12"><span class='ocrx_word' id='word_1_93' title='bbox 1249 775 1343 842; x_wconf 90' lang='lat' dir='ltr'>dere.</span> <span class='ocrx_word' id='word_1_94' title='bbox 1394 773 1489 844; x_wconf 85' lang='lat' dir='ltr'>Huic</span> <span class='ocrx_word' id='word_1_95' title='bbox 1502 770 1680 845; x_wconf 90' lang='lat' dir='ltr'>Pericleae</span> <span class='ocrx_word' id='word_1_96' title='bbox 1700 777 1854 848; x_wconf 89' lang='lat' dir='ltr'>orationi</span> <span class='ocrx_word' id='word_1_97' title='bbox 1871 775 2094 851; x_wconf 90' lang='lat' dir='ltr'>Marchionis</span> <span class='ocrx_word' id='word_1_98' title='bbox 2114 782 2164 854; x_wconf 86' lang='lat' dir='ltr'>ita</span> <span class='ocrx_word' id='word_1_99' title='bbox 2180 809 2242 854; x_wconf 90' lang='lat' dir='ltr'>re-</span> 
     </span>
     <span class='ocr_line' id='line_1_18' title="bbox 1248 872 2243 973; baseline 0.01 -30"><span class='ocrx_word' id='word_1_100' title='bbox 1248 873 1394 964; x_wconf 86' lang='lat' dir='ltr'>spondit</span> <span class='ocrx_word' id='word_1_101' title='bbox 1416 872 1601 944; x_wconf 87' lang='lat' dir='ltr'>Pontanus</span> <span class='ocrx_word' id='word_1_102' title='bbox 1622 877 1662 944; x_wconf 94' lang='lat' dir='ltr'>in</span> <span class='ocrx_word' id='word_1_103' title='bbox 1686 891 1807 949; x_wconf 88' lang='lat' dir='ltr'>senatu</span> <span class='ocrx_word' id='word_1_104' title='bbox 1823 877 2054 973; x_wconf 85' lang='lat' dir='ltr'>Principum,</span> <span class='ocrx_word' id='word_1_105' title='bbox 2077 895 2119 953; x_wconf 94' lang='lat' dir='ltr'>ut</span> <span class='ocrx_word' id='word_1_106' title='bbox 2140 899 2243 955; x_wconf 83' lang='lat' dir='ltr'>vete·</span> 
     </span>
     <span class='ocr_line' id='line_1_19' title="bbox 1249 975 2241 1076; baseline 0.012 -31"><span class='ocrx_word' id='word_1_107' title='bbox 1249 975 1349 1045; x_wconf 91' lang='lat' dir='ltr'>ribus</span> <span class='ocrx_word' id='word_1_108' title='bbox 1363 975 1393 1043; x_wconf 85' lang='lat' dir='ltr'><strong>A</strong></span> <span class='ocrx_word' id='word_1_109' title='bbox 1398 975 1603 1065; x_wconf 87' lang='lat' dir='ltr'>pologeticis</span> <span class='ocrx_word' id='word_1_110' title='bbox 1617 975 1745 1047; x_wconf 91' lang='lat' dir='ltr'>Iustini</span> <span class='ocrx_word' id='word_1_111' title='bbox 1760 991 1795 1050; x_wconf 92' lang='lat' dir='ltr'>et</span> <span class='ocrx_word' id='word_1_112' title='bbox 1809 980 1962 1052; x_wconf 89' lang='lat' dir='ltr'>aliorum</span> <span class='ocrx_word' id='word_1_113' title='bbox 1976 983 2120 1076; x_wconf 87' lang='lat' dir='ltr'>piorum</span> <span class='ocrx_word' id='word_1_114' title='bbox 2135 997 2241 1056; x_wconf 88' lang='lat' dir='ltr'>ante-</span> 
     </span>
     <span class='ocr_line' id='line_1_20' title="bbox 1248 1069 1773 1168; baseline 0.008 -24"><span class='ocrx_word' id='word_1_115' title='bbox 1248 1074 1334 1146; x_wconf 82' lang='lat' dir='ltr'>ferri</span> <span class='ocrx_word' id='word_1_116' title='bbox 1352 1069 1436 1145; x_wconf 89' lang='lat' dir='ltr'>haec</span> <span class='ocrx_word' id='word_1_117' title='bbox 1452 1075 1635 1166; x_wconf 82' lang='lat' dir='ltr'>responsio</span> <span class='ocrx_word' id='word_1_118' title='bbox 1651 1079 1773 1168; x_wconf 88' lang='lat' dir='ltr'>possit.</span> 
     </span>
    </p>

    <p class='ocr_par' dir='ltr' id='par_1_5' title="bbox 1352 1173 2241 1277">
     <span class='ocr_line' id='line_1_21' title="bbox 1352 1173 2241 1277; baseline 0.019 -35"><span class='ocrx_word' id='word_1_119' title='bbox 1352 1173 1547 1260; x_wconf 79' lang='lat' dir='ltr'>Voluntas,</span> <span class='ocrx_word' id='word_1_120' title='bbox 1580 1177 1715 1270; x_wconf 92' lang='lat' dir='ltr'>inquit,</span> <span class='ocrx_word' id='word_1_121' title='bbox 1741 1178 1852 1252; x_wconf 90' lang='lat' dir='ltr'>Ducis</span> <span class='ocrx_word' id='word_1_122' title='bbox 1868 1179 2043 1256; x_wconf 89' lang='lat' dir='ltr'>Saxoniae</span> <span class='ocrx_word' id='word_1_123' title='bbox 2057 1209 2140 1277; x_wconf 90' lang='lat' dir='ltr'>erga</span> <span class='ocrx_word' id='word_1_124' title='bbox 2163 1189 2241 1258; x_wconf 90' lang='lat' dir='ltr'>cle-</span> 
     </span>
    </p>
   </div>
   <div class='ocr_carea' id='block_1_5' title="bbox 1249 1275 2242 1480">
    <p class='ocr_par' dir='ltr' id='par_1_6' title="bbox 1249 1275 2242 1480">
     <span class='ocr_line' id='line_1_22' title="bbox 1249 1275 2242 1369; baseline 0.014 -24"><span class='ocrx_word' id='word_1_125' title='bbox 1249 1276 1508 1352; x_wconf 88' lang='lat' dir='ltr'>mentissimum</span> <span class='ocrx_word' id='word_1_126' title='bbox 1534 1275 1787 1369; x_wconf 79' lang='lat' dir='ltr'>Imperatorem</span> <span class='ocrx_word' id='word_1_127' title='bbox 1812 1280 1980 1356; x_wconf 89' lang='lat' dir='ltr'>Carolum</span> <span class='ocrx_word' id='word_1_128' title='bbox 2005 1285 2045 1356; x_wconf 90' lang='lat' dir='ltr'>in</span> <span class='ocrx_word' id='word_1_129' title='bbox 2066 1288 2242 1360; x_wconf 84' lang='lat' dir='ltr'>electione</span> 
     </span>
     <span class='ocr_line' id='line_1_23' title="bbox 1251 1375 2241 1480; baseline 0.012 -32"><span class='ocrx_word' id='word_1_130' title='bbox 1251 1391 1435 1469; x_wconf 88' lang='lat' dir='ltr'>conspecta</span> <span class='ocrx_word' id='word_1_131' title='bbox 1452 1390 1512 1448; x_wconf 89' lang='lat' dir='ltr'>est.</span> <span class='ocrx_word' id='word_1_132' title='bbox 1563 1375 1703 1450; x_wconf 88' lang='lat' dir='ltr'>Deinde</span> <span class='ocrx_word' id='word_1_133' title='bbox 1718 1383 1878 1454; x_wconf 91' lang='lat' dir='ltr'>omnium</span> <span class='ocrx_word' id='word_1_134' title='bbox 1890 1379 2018 1456; x_wconf 87' lang='lat' dir='ltr'>borum</span> <span class='ocrx_word' id='word_1_135' title='bbox 2027 1385 2241 1480; x_wconf 88' lang='lat' dir='ltr'>Principum</span> 
     </span>
    </p>
   </div>
   <div class='ocr_carea' id='block_1_6' title="bbox 105 1475 2332 2892">
    <p class='ocr_par' dir='ltr' id='par_1_7' title="bbox 105 1475 2332 2892">
     <span class='ocr_line' id='line_1_24' title="bbox 216 1475 2241 1573; baseline 0.002 -15"><span class='ocrx_word' id='word_1_136' title='bbox 216 1488 315 1558; x_wconf 88' lang='lat' dir='ltr'>niam</span> <span class='ocrx_word' id='word_1_137' title='bbox 337 1482 591 1566; x_wconf 72' lang='lat' dir='ltr'>secundarit,</span> <span class='ocrx_word' id='word_1_138' title='bbox 624 1481 688 1551; x_wconf 92' lang='lat' dir='ltr'>ubi</span> <span class='ocrx_word' id='word_1_139' title='bbox 709 1479 888 1573; x_wconf 92' lang='lat' dir='ltr'>colloquio</span> <span class='ocrx_word' id='word_1_140' title='bbox 910 1481 1072 1552; x_wconf 78' lang='lat' dir='ltr'>interfuit</span> <span class='ocrx_word' id='word_1_141' title='bbox 1090 1480 1200 1552; x_wconf 90' lang='lat' dir='ltr'>Ducis</span> <span class='ocrx_word' id='word_1_142' title='bbox 1251 1481 1290 1548; x_wconf 94' lang='lat' dir='ltr'>in</span> <span class='ocrx_word' id='word_1_143' title='bbox 1312 1477 1547 1570; x_wconf 90' lang='lat' dir='ltr'>reprimendis</span> <span class='ocrx_word' id='word_1_144' title='bbox 1563 1475 1692 1551; x_wconf 87' lang='lat' dir='ltr'>Turris</span> <span class='ocrx_word' id='word_1_145' title='bbox 1714 1494 1750 1553; x_wconf 90' lang='lat' dir='ltr'>ct</span> <span class='ocrx_word' id='word_1_146' title='bbox 1770 1485 2024 1570; x_wconf 87' lang='lat' dir='ltr'>seditionibus,</span> <span class='ocrx_word' id='word_1_147' title='bbox 2050 1501 2085 1560; x_wconf 89' lang='lat' dir='ltr'>et</span> <span class='ocrx_word' id='word_1_148' title='bbox 2098 1505 2241 1566; x_wconf 85' lang='lat' dir='ltr'>constat</span> 
     </span>
     <span class='ocr_line' id='line_1_25' title="bbox 105 1577 2242 1677; baseline 0.001 -18"><span class='ocrx_word' id='word_1_149' title='bbox 105 1633 111 1644; x_wconf 94' lang='lat'>·</span> <span class='ocrx_word' id='word_1_150' title='bbox 216 1585 391 1659; x_wconf 87' lang='lat' dir='ltr'>Friderici</span> <span class='ocrx_word' id='word_1_151' title='bbox 412 1579 865 1654; x_wconf 79' lang='lat' dir='ltr'>et&#39;ErasmiRoterodanri.</span> <span class='ocrx_word' id='word_1_152' title='bbox 917 1581 973 1652; x_wconf 90' lang='lat' dir='ltr'>Ibi</span> <span class='ocrx_word' id='word_1_153' title='bbox 996 1577 1201 1652; x_wconf 86' lang='lat' dir='ltr'>etAlexan-</span> <span class='ocrx_word' id='word_1_154' title='bbox 1252 1579 1350 1650; x_wconf 89' lang='lat' dir='ltr'>nulla</span> <span class='ocrx_word' id='word_1_155' title='bbox 1366 1580 1405 1647; x_wconf 93' lang='lat' dir='ltr'>in</span> <span class='ocrx_word' id='word_1_156' title='bbox 1418 1603 1456 1650; x_wconf 90' lang='lat' dir='ltr'>re</span> <span class='ocrx_word' id='word_1_157' title='bbox 1473 1579 1626 1650; x_wconf 87' lang='lat' dir='ltr'>defuisse</span> <span class='ocrx_word' id='word_1_158' title='bbox 1643 1605 1701 1654; x_wconf 87' lang='lat' dir='ltr'>eos</span> <span class='ocrx_word' id='word_1_159' title='bbox 1714 1585 1792 1673; x_wconf 91' lang='lat' dir='ltr'>paci</span> <span class='ocrx_word' id='word_1_160' title='bbox 1807 1587 1981 1677; x_wconf 90' lang='lat' dir='ltr'>publicae.</span> <span class='ocrx_word' id='word_1_161' title='bbox 2032 1583 2242 1662; x_wconf 81' lang='lat' dir='ltr'>Adfirmant</span> 
     </span>
     <span class='ocr_line' id='line_1_26' title="bbox 218 1680 2239 1776; baseline 0.001 -17"><span class='ocrx_word' id='word_1_162' title='bbox 218 1691 284 1759; x_wconf 86' lang='lat' dir='ltr'>clro</span> <span class='ocrx_word' id='word_1_163' title='bbox 300 1687 431 1776; x_wconf 88' lang='lat' dir='ltr'>Legato</span> <span class='ocrx_word' id='word_1_164' title='bbox 454 1684 634 1774; x_wconf 87' lang='lat' dir='ltr'>pontificio</span> <span class='ocrx_word' id='word_1_165' title='bbox 657 1681 859 1774; x_wconf 90' lang='lat' dir='ltr'>respondit,</span> <span class='ocrx_word' id='word_1_166' title='bbox 884 1684 1046 1774; x_wconf 85' lang='lat' dir='ltr'>petenti,</span> <span class='ocrx_word' id='word_1_167' title='bbox 1060 1697 1100 1755; x_wconf 92' lang='lat' dir='ltr'>ut</span> <span class='ocrx_word' id='word_1_168' title='bbox 1119 1680 1200 1754; x_wconf 84' lang='lat' dir='ltr'>Dux</span> <span class='ocrx_word' id='word_1_169' title='bbox 1253 1682 1357 1752; x_wconf 88' lang='lat' dir='ltr'>etiam</span> <span class='ocrx_word' id='word_1_170' title='bbox 1387 1702 1524 1772; x_wconf 87' lang='lat' dir='ltr'>semper</span> <span class='ocrx_word' id='word_1_171' title='bbox 1556 1703 1593 1749; x_wconf 88' lang='lat' dir='ltr'>se</span> <span class='ocrx_word' id='word_1_172' title='bbox 1621 1705 1794 1754; x_wconf 89' lang='lat' dir='ltr'>memores</span> <span class='ocrx_word' id='word_1_173' title='bbox 1818 1687 1909 1757; x_wconf 76' lang='lat' dir='ltr'>iore,</span> <span class='ocrx_word' id='word_1_174' title='bbox 1920 1689 2036 1758; x_wconf 91' lang='lat' dir='ltr'>divini</span> <span class='ocrx_word' id='word_1_175' title='bbox 2057 1693 2239 1762; x_wconf 89' lang='lat' dir='ltr'>mandati:</span> 
     </span>
     <span class='ocr_line' id='line_1_27' title="bbox 218 1759 2240 1884; baseline 0.001 -24"><span class='ocrx_word' id='word_1_176' title='bbox 218 1783 421 1862; x_wconf 81' lang='lat' dir='ltr'>Fridericus</span> <span class='ocrx_word' id='word_1_177' title='bbox 451 1780 648 1855; x_wconf 88' lang='lat' dir='ltr'>Luthcrum</span> <span class='ocrx_word' id='word_1_178' title='bbox 677 1786 833 1855; x_wconf 89' lang='lat' dir='ltr'>traderet</span> <span class='ocrx_word' id='word_1_179' title='bbox 867 1785 970 1854; x_wconf 90' lang='lat' dir='ltr'>certis</span> <span class='ocrx_word' id='word_1_180' title='bbox 1002 1781 1201 1876; x_wconf 87' lang='lat' dir='ltr'>Episcopis,</span> <span class='ocrx_word' id='word_1_181' title='bbox 1251 1779 1341 1852; x_wconf 88' lang='lat' dir='ltr'>Date</span> <span class='ocrx_word' id='word_1_182' title='bbox 1355 1781 1449 1861; x_wconf 89' lang='lat' dir='ltr'>Deo,</span> <span class='ocrx_word' id='word_1_183' title='bbox 1476 1803 1566 1873; x_wconf 89' lang='lat' dir='ltr'>quae</span> <span class='ocrx_word' id='word_1_184' title='bbox 1581 1759 1648 1852; x_wconf 61' lang='grc' dir='ltr'>Ι</span> <span class='ocrx_word' id='word_1_185' title='bbox 1672 1797 1772 1870; x_wconf 92' lang='lat' dir='ltr'>sunt,</span> <span class='ocrx_word' id='word_1_186' title='bbox 1798 1803 1831 1859; x_wconf 85' lang='lat' dir='ltr'>et</span> <span class='ocrx_word' id='word_1_187' title='bbox 1848 1785 2011 1875; x_wconf 83' lang='lat' dir='ltr'>Caesari,</span> <span class='ocrx_word' id='word_1_188' title='bbox 2036 1814 2127 1884; x_wconf 91' lang='lat' dir='ltr'>quae</span> <span class='ocrx_word' id='word_1_189' title='bbox 2148 1805 2240 1862; x_wconf 93' lang='lat' dir='ltr'>sunt</span> 
     </span>
     <span class='ocr_line' id='line_1_28' title="bbox 219 1881 2241 1984; baseline 0.001 -24"><span class='ocrx_word' id='word_1_190' title='bbox 219 1891 386 1984; x_wconf 88' lang='lat' dir='ltr'>quicum</span> <span class='ocrx_word' id='word_1_191' title='bbox 415 1886 546 1957; x_wconf 87' lang='lat' dir='ltr'>carceri</span> <span class='ocrx_word' id='word_1_192' title='bbox 574 1885 807 1956; x_wconf 85' lang='lat' dir='ltr'>includerent.</span> <span class='ocrx_word' id='word_1_193' title='bbox 861 1884 914 1955; x_wconf 91' lang='lat' dir='ltr'>Ita</span> <span class='ocrx_word' id='word_1_194' title='bbox 942 1885 1044 1956; x_wconf 91' lang='lat' dir='ltr'>initia</span> <span class='ocrx_word' id='word_1_195' title='bbox 1067 1887 1201 1954; x_wconf 86' lang='lat' dir='ltr'>aulicae</span> <span class='ocrx_word' id='word_1_196' title='bbox 1252 1881 1422 1957; x_wconf 90' lang='lat' dir='ltr'>Caesaris.</span> <span class='ocrx_word' id='word_1_197' title='bbox 1473 1881 1559 1952; x_wconf 90' lang='lat' dir='ltr'>Non</span> <span class='ocrx_word' id='word_1_198' title='bbox 1575 1884 2013 1978; x_wconf 88' lang='lat' dir='ltr'>privatacupiditateulla,</span> <span class='ocrx_word' id='word_1_199' title='bbox 2025 1914 2099 1961; x_wconf 89' lang='lat' dir='ltr'>non</span> <span class='ocrx_word' id='word_1_200' title='bbox 2115 1893 2241 1964; x_wconf 92' lang='lat' dir='ltr'>curio-</span> 
     </span>
     <span class='ocr_line' id='line_1_29' title="bbox 219 1979 2243 2082; baseline 0.009 -37"><span class='ocrx_word' id='word_1_201' title='bbox 219 1991 367 2062; x_wconf 70' lang='lat' dir='ltr'>miiitine</span> <span class='ocrx_word' id='word_1_202' title='bbox 384 1987 537 2058; x_wconf 75' lang='lat' dir='ltr'>Pontani</span> <span class='ocrx_word' id='word_1_203' title='bbox 563 1987 765 2056; x_wconf 88' lang='lat' dir='ltr'>inciderunt</span> <span class='ocrx_word' id='word_1_204' title='bbox 795 1986 834 2052; x_wconf 92' lang='lat' dir='ltr'>in</span> <span class='ocrx_word' id='word_1_205' title='bbox 855 1979 1202 2078; x_wconf 62' lang='lat' dir='ltr'>primamuriptiuiw</span> <span class='ocrx_word' id='word_1_206' title='bbox 1252 1984 1370 2064; x_wconf 90' lang='lat' dir='ltr'>sitate,</span> <span class='ocrx_word' id='word_1_207' title='bbox 1395 2005 1470 2051; x_wconf 90' lang='lat' dir='ltr'>non</span> <span class='ocrx_word' id='word_1_208' title='bbox 1494 2005 1631 2070; x_wconf 91' lang='lat' dir='ltr'>errore,</span> <span class='ocrx_word' id='word_1_209' title='bbox 1656 2007 1731 2056; x_wconf 89' lang='lat' dir='ltr'>non</span> <span class='ocrx_word' id='word_1_210' title='bbox 1754 2011 1855 2058; x_wconf 88' lang='lat' dir='ltr'>cucco</span> <span class='ocrx_word' id='word_1_211' title='bbox 1874 1990 2008 2082; x_wconf 88' lang='lat' dir='ltr'>impetu</span> <span class='ocrx_word' id='word_1_212' title='bbox 2025 1994 2243 2082; x_wconf 85' lang='lat' dir='ltr'>doctrinam,</span> 
     </span>
     <span class='ocr_line' id='line_1_30' title="bbox 217 2080 2241 2184; baseline 0 -20"><span class='ocrx_word' id='word_1_213' title='bbox 217 2087 367 2164; x_wconf 82' lang='lat' dir='ltr'>Lutheri</span> <span class='ocrx_word' id='word_1_214' title='bbox 384 2087 704 2159; x_wconf 89' lang='lat' dir='ltr'>etPontiliciorum.</span> <span class='ocrx_word' id='word_1_215' title='bbox 756 2083 798 2154; x_wconf 93' lang='lat' dir='ltr'>In</span> <span class='ocrx_word' id='word_1_216' title='bbox 814 2080 880 2156; x_wconf 90' lang='lat' dir='ltr'>hac</span> <span class='ocrx_word' id='word_1_217' title='bbox 896 2088 1022 2158; x_wconf 89' lang='lat' dir='ltr'>militia</span> <span class='ocrx_word' id='word_1_218' title='bbox 1037 2089 1201 2178; x_wconf 89' lang='lat' dir='ltr'>deinceps</span> <span class='ocrx_word' id='word_1_219' title='bbox 1252 2086 1296 2155; x_wconf 92' lang='lat' dir='ltr'>de</span> <span class='ocrx_word' id='word_1_220' title='bbox 1312 2105 1381 2177; x_wconf 92' lang='lat' dir='ltr'>qua</span> <span class='ocrx_word' id='word_1_221' title='bbox 1396 2083 1568 2154; x_wconf 77' lang='lat' dir='ltr'>consessio</span> <span class='ocrx_word' id='word_1_222' title='bbox 1584 2081 1741 2157; x_wconf 82' lang='lat' dir='ltr'>exhibita</span> <span class='ocrx_word' id='word_1_223' title='bbox 1754 2104 1820 2174; x_wconf 87' lang='lat' dir='ltr'>est,</span> <span class='ocrx_word' id='word_1_224' title='bbox 1846 2093 1998 2184; x_wconf 87' lang='lat' dir='ltr'>amplexi</span> <span class='ocrx_word' id='word_1_225' title='bbox 2018 2107 2111 2164; x_wconf 79' lang='lat' dir='ltr'>sunt.</span> <span class='ocrx_word' id='word_1_226' title='bbox 2164 2094 2241 2166; x_wconf 89' lang='lat' dir='ltr'>Sed</span> 
     </span>
     <span class='ocr_line' id='line_1_31' title="bbox 218 2184 2242 2282; baseline -0 -19"><span class='ocrx_word' id='word_1_227' title='bbox 218 2217 331 2263; x_wconf 90' lang='lat' dir='ltr'>annos</span> <span class='ocrx_word' id='word_1_228' title='bbox 344 2190 483 2261; x_wconf 90' lang='lat' dir='ltr'>circiter</span> <span class='ocrx_word' id='word_1_229' title='bbox 497 2189 641 2277; x_wconf 89' lang='lat' dir='ltr'>triginta</span> <span class='ocrx_word' id='word_1_230' title='bbox 654 2187 848 2279; x_wconf 92' lang='lat' dir='ltr'>plurimum</span> <span class='ocrx_word' id='word_1_231' title='bbox 864 2212 1028 2258; x_wconf 88' lang='lat' dir='ltr'>curarum</span> <span class='ocrx_word' id='word_1_232' title='bbox 1053 2202 1087 2258; x_wconf 92' lang='lat' dir='ltr'>ct</span> <span class='ocrx_word' id='word_1_233' title='bbox 1101 2189 1202 2258; x_wconf 91' lang='lat' dir='ltr'>labo·</span> <span class='ocrx_word' id='word_1_234' title='bbox 1252 2208 1333 2255; x_wconf 90' lang='lat' dir='ltr'>cum</span> <span class='ocrx_word' id='word_1_235' title='bbox 1355 2207 1432 2252; x_wconf 91' lang='lat' dir='ltr'>eam</span> <span class='ocrx_word' id='word_1_236' title='bbox 1453 2184 1516 2252; x_wconf 91' lang='lat' dir='ltr'>diu</span> <span class='ocrx_word' id='word_1_237' title='bbox 1540 2186 1777 2274; x_wconf 82' lang='lat' dir='ltr'>audivissent,</span> <span class='ocrx_word' id='word_1_238' title='bbox 1808 2203 1843 2260; x_wconf 92' lang='lat' dir='ltr'>et</span> <span class='ocrx_word' id='word_1_239' title='bbox 1865 2192 2024 2263; x_wconf 81' lang='lat' dir='ltr'>fontibus</span> <span class='ocrx_word' id='word_1_240' title='bbox 2041 2193 2242 2282; x_wconf 65' lang='lat' dir='ltr'>&#39;diligenter</span> 
     </span>
     <span class='ocr_line' id='line_1_32' title="bbox 218 2285 2240 2380; baseline 0.001 -17"><span class='ocrx_word' id='word_1_241' title='bbox 218 2317 300 2364; x_wconf 91' lang='lat' dir='ltr'>rum</span> <span class='ocrx_word' id='word_1_242' title='bbox 325 2290 501 2366; x_wconf 89' lang='lat' dir='ltr'>sustinuit.</span> <span class='ocrx_word' id='word_1_243' title='bbox 553 2289 625 2360; x_wconf 89' lang='lat' dir='ltr'>Nec</span> <span class='ocrx_word' id='word_1_244' title='bbox 646 2288 765 2359; x_wconf 88' lang='lat' dir='ltr'>omnia</span> <span class='ocrx_word' id='word_1_245' title='bbox 797 2303 1036 2360; x_wconf 89' lang='lat' dir='ltr'>conventuum</span> <span class='ocrx_word' id='word_1_246' title='bbox 1068 2290 1200 2380; x_wconf 89' lang='lat' dir='ltr'>praelia</span> <span class='ocrx_word' id='word_1_247' title='bbox 1253 2285 1502 2369; x_wconf 88' lang='lat' dir='ltr'>consideratis,</span> <span class='ocrx_word' id='word_1_248' title='bbox 1529 2298 1563 2354; x_wconf 93' lang='lat' dir='ltr'>et</span> <span class='ocrx_word' id='word_1_249' title='bbox 1581 2287 1717 2358; x_wconf 88' lang='lat' dir='ltr'>collatis</span> <span class='ocrx_word' id='word_1_250' title='bbox 1733 2291 1945 2362; x_wconf 88' lang='lat' dir='ltr'>testimoniis</span> <span class='ocrx_word' id='word_1_251' title='bbox 1967 2295 2124 2364; x_wconf 87' lang='lat' dir='ltr'>sincerae</span> <span class='ocrx_word' id='word_1_252' title='bbox 2139 2296 2240 2365; x_wconf 86' lang='lat' dir='ltr'>anti-</span> 
     </span>
     <span class='ocr_line' id='line_1_33' title="bbox 219 2379 2332 2483; baseline 0.002 -20"><span class='ocrx_word' id='word_1_253' title='bbox 219 2389 279 2464; x_wconf 91' lang='lat' dir='ltr'>hic</span> <span class='ocrx_word' id='word_1_254' title='bbox 299 2393 438 2462; x_wconf 91' lang='lat' dir='ltr'>recitari</span> <span class='ocrx_word' id='word_1_255' title='bbox 461 2402 625 2483; x_wconf 85' lang='lat' dir='ltr'>possunt:</span> <span class='ocrx_word' id='word_1_256' title='bbox 659 2391 719 2459; x_wconf 89' lang='lat' dir='ltr'>sed</span> <span class='ocrx_word' id='word_1_257' title='bbox 743 2379 914 2482; x_wconf 88' lang='lat' dir='ltr'>quaedam</span> <span class='ocrx_word' id='word_1_258' title='bbox 937 2390 1126 2480; x_wconf 87' lang='lat' dir='ltr'>attingam,</span> <span class='ocrx_word' id='word_1_259' title='bbox 1161 2412 1200 2460; x_wconf 90' lang='lat' dir='ltr'>ex</span> <span class='ocrx_word' id='word_1_260' title='bbox 1253 2386 1416 2480; x_wconf 88' lang='lat' dir='ltr'>quitatis,</span> <span class='ocrx_word' id='word_1_261' title='bbox 1442 2385 1695 2460; x_wconf 80' lang='lat' dir='ltr'>intellexissent</span> <span class='ocrx_word' id='word_1_262' title='bbox 1706 2413 1824 2462; x_wconf 89' lang='lat' dir='ltr'>veram</span> <span class='ocrx_word' id='word_1_263' title='bbox 1842 2414 1928 2480; x_wconf 89' lang='lat' dir='ltr'>esse,</span> <span class='ocrx_word' id='word_1_264' title='bbox 1952 2417 2026 2464; x_wconf 89' lang='lat' dir='ltr'>non</span> <span class='ocrx_word' id='word_1_265' title='bbox 2042 2396 2240 2468; x_wconf 86' lang='lat' dir='ltr'>voluerunt</span> <span class='ocrx_word' id='word_1_266' title='bbox 2331 2385 2332 2390; x_wconf 6' lang='grc' dir='ltr'>ἵ</span> 
     </span>
     <span class='ocr_line' id='line_1_34' title="bbox 219 2485 2239 2588; baseline 0.002 -23"><span class='ocrx_word' id='word_1_267' title='bbox 219 2493 349 2588; x_wconf 84' lang='lat' dir='ltr'>quibus</span> <span class='ocrx_word' id='word_1_268' title='bbox 370 2494 415 2563; x_wconf 89' lang='lat' dir='ltr'>de</span> <span class='ocrx_word' id='word_1_269' title='bbox 435 2493 580 2563; x_wconf 89' lang='lat' dir='ltr'>cacteris</span> <span class='ocrx_word' id='word_1_270' title='bbox 593 2492 794 2561; x_wconf 87' lang='lat' dir='ltr'>coniectura</span> <span class='ocrx_word' id='word_1_271' title='bbox 816 2491 893 2560; x_wconf 90' lang='lat' dir='ltr'>lieri</span> <span class='ocrx_word' id='word_1_272' title='bbox 907 2503 1031 2581; x_wconf 87' lang='lat' dir='ltr'>potest.</span> <span class='ocrx_word' id='word_1_273' title='bbox 1082 2489 1203 2560; x_wconf 89' lang='lat' dir='ltr'>Wor-</span> <span class='ocrx_word' id='word_1_274' title='bbox 1252 2487 1390 2576; x_wconf 77' lang='lat' dir='ltr'>agnitae</span> <span class='ocrx_word' id='word_1_275' title='bbox 1411 2485 1552 2557; x_wconf 84' lang='lat' dir='ltr'>veritati</span> <span class='ocrx_word' id='word_1_276' title='bbox 1575 2489 1772 2576; x_wconf 86' lang='lat' dir='ltr'>adversari,</span> <span class='ocrx_word' id='word_1_277' title='bbox 1801 2516 1974 2564; x_wconf 90' lang='lat' dir='ltr'>memores</span> <span class='ocrx_word' id='word_1_278' title='bbox 1995 2496 2239 2569; x_wconf 89' lang='lat' dir='ltr'>severissimae</span> 
     </span>
     <span class='ocr_line' id='line_1_35' title="bbox 219 2586 2332 2686; baseline 0.002 -22"><span class='ocrx_word' id='word_1_279' title='bbox 219 2595 348 2664; x_wconf 88' lang='lat' dir='ltr'>matiae</span> <span class='ocrx_word' id='word_1_280' title='bbox 361 2617 441 2664; x_wconf 90' lang='lat' dir='ltr'>cum</span> <span class='ocrx_word' id='word_1_281' title='bbox 456 2595 501 2664; x_wconf 92' lang='lat' dir='ltr'>de</span> <span class='ocrx_word' id='word_1_282' title='bbox 515 2593 675 2662; x_wconf 84' lang='lat' dir='ltr'>maximis</span> <span class='ocrx_word' id='word_1_283' title='bbox 689 2593 794 2662; x_wconf 90' lang='lat' dir='ltr'>rebus</span> <span class='ocrx_word' id='word_1_284' title='bbox 806 2587 887 2660; x_wconf 83' lang='lat' dir='ltr'>Dux</span> <span class='ocrx_word' id='word_1_285' title='bbox 902 2590 1105 2660; x_wconf 86' lang='lat' dir='ltr'>Frid&#39;ericus</span> <span class='ocrx_word' id='word_1_286' title='bbox 1120 2615 1200 2660; x_wconf 90' lang='lat' dir='ltr'>cum</span> <span class='ocrx_word' id='word_1_287' title='bbox 1253 2586 1537 2658; x_wconf 91' lang='lat' dir='ltr'>comminationis</span> <span class='ocrx_word' id='word_1_288' title='bbox 1555 2587 1718 2675; x_wconf 86' lang='lat' dir='ltr'>divinae,</span> <span class='ocrx_word' id='word_1_289' title='bbox 1740 2591 1865 2686; x_wconf 83' lang='lat' dir='ltr'>inqua</span> <span class='ocrx_word' id='word_1_290' title='bbox 1888 2596 2033 2666; x_wconf 89' lang='lat' dir='ltr'>dicitur:</span> <span class='ocrx_word' id='word_1_291' title='bbox 2060 2593 2240 2686; x_wconf 90' lang='lat' dir='ltr'>Blasphe-</span> <span class='ocrx_word' id='word_1_292' title='bbox 2331 2611 2332 2628; x_wconf 65' lang='lat'>¹</span> 
     </span>
     <span class='ocr_line' id='line_1_36' title="bbox 219 2689 2239 2788; baseline 0 -21"><span class='ocrx_word' id='word_1_293' title='bbox 219 2694 427 2767; x_wconf 88' lang='lat' dir='ltr'>Mercurino</span> <span class='ocrx_word' id='word_1_294' title='bbox 443 2717 545 2784; x_wconf 90' lang='lat' dir='ltr'>saepe</span> <span class='ocrx_word' id='word_1_295' title='bbox 560 2695 784 2762; x_wconf 89' lang='lat' dir='ltr'>deliberaret:</span> <span class='ocrx_word' id='word_1_296' title='bbox 810 2691 924 2762; x_wconf 89' lang='lat' dir='ltr'>multa</span> <span class='ocrx_word' id='word_1_297' title='bbox 942 2717 1021 2761; x_wconf 88' lang='lat' dir='ltr'>curn</span> <span class='ocrx_word' id='word_1_298' title='bbox 1038 2690 1199 2763; x_wconf 90' lang='lat' dir='ltr'>Pontano</span> <span class='ocrx_word' id='word_1_299' title='bbox 1252 2689 1359 2758; x_wconf 90' lang='lat' dir='ltr'>miam</span> <span class='ocrx_word' id='word_1_300' title='bbox 1375 2689 1607 2764; x_wconf 88' lang='lat' dir='ltr'>nonremitti.</span> <span class='ocrx_word' id='word_1_301' title='bbox 1655 2689 1774 2778; x_wconf 86' lang='lat' dir='ltr'>Quare</span> <span class='ocrx_word' id='word_1_302' title='bbox 1790 2706 1824 2763; x_wconf 88' lang='lat' dir='ltr'>et</span> <span class='ocrx_word' id='word_1_303' title='bbox 1842 2694 2239 2788; x_wconf 89' lang='lat' dir='ltr'>proptergloriamDei,</span> 
     </span>
     <span class='ocr_line' id='line_1_37' title="bbox 220 2790 2239 2892; baseline 0.001 -26"><span class='ocrx_word' id='word_1_304' title='bbox 220 2793 451 2866; x_wconf 86' lang='lat' dir='ltr'>Mercurinus</span> <span class='ocrx_word' id='word_1_305' title='bbox 472 2793 696 2864; x_wconf 83' lang='lat' dir='ltr'>familiariter</span> <span class='ocrx_word' id='word_1_306' title='bbox 710 2794 847 2864; x_wconf 88' lang='lat' dir='ltr'>locutus</span> <span class='ocrx_word' id='word_1_307' title='bbox 863 2807 915 2863; x_wconf 88' lang='lat' dir='ltr'>est</span> <span class='ocrx_word' id='word_1_308' title='bbox 932 2795 976 2864; x_wconf 89' lang='lat' dir='ltr'>de</span> <span class='ocrx_word' id='word_1_309' title='bbox 992 2791 1110 2866; x_wconf 87' lang='lat' dir='ltr'>Caroli</span> <span class='ocrx_word' id='word_1_310' title='bbox 1126 2792 1198 2864; x_wconf 90' lang='lat' dir='ltr'>lm·</span> <span class='ocrx_word' id='word_1_311' title='bbox 1251 2802 1285 2860; x_wconf 90' lang='lat' dir='ltr'>et</span> <span class='ocrx_word' id='word_1_312' title='bbox 1301 2803 1445 2882; x_wconf 88' lang='lat' dir='ltr'>propter</span> <span class='ocrx_word' id='word_1_313' title='bbox 1461 2790 1642 2882; x_wconf 89' lang='lat' dir='ltr'>propriam</span> <span class='ocrx_word' id='word_1_314' title='bbox 1657 2792 1818 2880; x_wconf 89' lang='lat' dir='ltr'>salutem,</span> <span class='ocrx_word' id='word_1_315' title='bbox 1843 2809 1878 2866; x_wconf 90' lang='lat' dir='ltr'>et</span> <span class='ocrx_word' id='word_1_316' title='bbox 1886 2813 2036 2888; x_wconf 89' lang='lat' dir='ltr'>propter</span> <span class='ocrx_word' id='word_1_317' title='bbox 2051 2797 2149 2884; x_wconf 90' lang='lat' dir='ltr'>alios,</span> <span class='ocrx_word' id='word_1_318' title='bbox 2172 2801 2239 2892; x_wconf 91' lang='lat' dir='ltr'>qui</span> 
     </span>
    </p>
   </div>
   <div class='ocr_carea' id='block_1_7' title="bbox 176 2885 2240 3597">
    <p class='ocr_par' dir='ltr' id='par_1_8' title="bbox 219 2885 2240 3394">
     <span class='ocr_line' id='line_1_38' title="bbox 220 2885 2240 2989; baseline 0.003 -25"><span class='ocrx_word' id='word_1_319' title='bbox 220 2897 392 2989; x_wconf 85' lang='lat' dir='ltr'>peratoris</span> <span class='ocrx_word' id='word_1_320' title='bbox 415 2896 613 2976; x_wconf 85' lang='lat' dir='ltr'>voluntate,</span> <span class='ocrx_word' id='word_1_321' title='bbox 646 2919 752 2988; x_wconf 90' lang='lat' dir='ltr'>quam</span> <span class='ocrx_word' id='word_1_322' title='bbox 773 2895 927 2965; x_wconf 86' lang='lat' dir='ltr'>ostendit</span> <span class='ocrx_word' id='word_1_323' title='bbox 953 2895 1105 2965; x_wconf 89' lang='lat' dir='ltr'>alienam</span> <span class='ocrx_word' id='word_1_324' title='bbox 1128 2917 1200 2964; x_wconf 88' lang='lat' dir='ltr'>esse</span> <span class='ocrx_word' id='word_1_325' title='bbox 1252 2893 1409 2962; x_wconf 90' lang='lat' dir='ltr'>studium</span> <span class='ocrx_word' id='word_1_326' title='bbox 1426 2885 1561 2960; x_wconf 90' lang='lat' dir='ltr'>habent</span> <span class='ocrx_word' id='word_1_327' title='bbox 1574 2891 1732 2981; x_wconf 90' lang='lat' dir='ltr'>pietatis,</span> <span class='ocrx_word' id='word_1_328' title='bbox 1759 2919 1910 2989; x_wconf 88' lang='lat' dir='ltr'>quorum</span> <span class='ocrx_word' id='word_1_329' title='bbox 1936 2899 2040 2968; x_wconf 91' lang='lat' dir='ltr'>multi</span> <span class='ocrx_word' id='word_1_330' title='bbox 2064 2900 2240 2970; x_wconf 89' lang='lat' dir='ltr'>suntele-</span> 
     </span>
     <span class='ocr_line' id='line_1_39' title="bbox 221 2987 2237 3092; baseline 0 -25"><span class='ocrx_word' id='word_1_331' title='bbox 221 3021 241 3068; x_wconf 89' lang='lat' dir='ltr'>a</span> <span class='ocrx_word' id='word_1_332' title='bbox 258 2998 485 3082; x_wconf 88' lang='lat' dir='ltr'>crudelitate,</span> <span class='ocrx_word' id='word_1_333' title='bbox 510 3011 544 3068; x_wconf 90' lang='lat' dir='ltr'>et</span> <span class='ocrx_word' id='word_1_334' title='bbox 557 2996 679 3068; x_wconf 87' lang='lat' dir='ltr'>conari</span> <span class='ocrx_word' id='word_1_335' title='bbox 699 3009 738 3066; x_wconf 91' lang='lat' dir='ltr'>ul</span> <span class='ocrx_word' id='word_1_336' title='bbox 760 2999 917 3088; x_wconf 89' lang='lat' dir='ltr'>synodus</span> <span class='ocrx_word' id='word_1_337' title='bbox 934 2995 1113 3066; x_wconf 90' lang='lat' dir='ltr'>indicetur</span> <span class='ocrx_word' id='word_1_338' title='bbox 1126 3020 1200 3064; x_wconf 91' lang='lat' dir='ltr'>non</span> <span class='ocrx_word' id='word_1_339' title='bbox 1252 2993 1320 3076; x_wconf 93' lang='lat' dir='ltr'>cti,</span> <span class='ocrx_word' id='word_1_340' title='bbox 1345 2988 1421 3061; x_wconf 88' lang='lat' dir='ltr'>Deo</span> <span class='ocrx_word' id='word_1_341' title='bbox 1440 2993 1602 3076; x_wconf 82' lang='lat' dir='ltr'>iuvante,</span> <span class='ocrx_word' id='word_1_342' title='bbox 1628 2987 1720 3064; x_wconf 91' lang='lat' dir='ltr'>hanc</span> <span class='ocrx_word' id='word_1_343' title='bbox 1738 2997 1935 3066; x_wconf 88' lang='lat' dir='ltr'>doctrinam</span> <span class='ocrx_word' id='word_1_344' title='bbox 1955 3013 1989 3069; x_wconf 93' lang='lat' dir='ltr'>et</span> <span class='ocrx_word' id='word_1_345' title='bbox 2010 3001 2237 3092; x_wconf 87' lang='lat' dir='ltr'>profitebun-</span> 
     </span>
     <span class='ocr_line' id='line_1_40' title="bbox 222 3089 2237 3190; baseline 0.001 -23"><span class='ocrx_word' id='word_1_346' title='bbox 222 3098 338 3168; x_wconf 84' lang='lat' dir='ltr'>solum</span> <span class='ocrx_word' id='word_1_347' title='bbox 367 3111 511 3190; x_wconf 90' lang='lat' dir='ltr'>propter</span> <span class='ocrx_word' id='word_1_348' title='bbox 533 3092 597 3166; x_wconf 91' lang='lat' dir='ltr'>bas</span> <span class='ocrx_word' id='word_1_349' title='bbox 627 3094 901 3180; x_wconf 88' lang='lat' dir='ltr'>controversias,</span> <span class='ocrx_word' id='word_1_350' title='bbox 934 3097 995 3165; x_wconf 92' lang='lat' dir='ltr'>scd</span> <span class='ocrx_word' id='word_1_351' title='bbox 1026 3097 1131 3165; x_wconf 88' lang='lat' dir='ltr'>etiam</span> <span class='ocrx_word' id='word_1_352' title='bbox 1160 3107 1201 3164; x_wconf 93' lang='lat' dir='ltr'>ut</span> <span class='ocrx_word' id='word_1_353' title='bbox 1252 3104 1311 3162; x_wconf 90' lang='lat' dir='ltr'>tur</span> <span class='ocrx_word' id='word_1_354' title='bbox 1324 3091 1403 3183; x_wconf 92' lang='lat' dir='ltr'>ipsi,</span> <span class='ocrx_word' id='word_1_355' title='bbox 1421 3105 1455 3162; x_wconf 90' lang='lat' dir='ltr'>ct</span> <span class='ocrx_word' id='word_1_356' title='bbox 1469 3089 1686 3164; x_wconf 87' lang='lat' dir='ltr'>qucclesiis</span> <span class='ocrx_word' id='word_1_357' title='bbox 1703 3097 1902 3168; x_wconf 90' lang='lat' dir='ltr'>suisdoceri</span> <span class='ocrx_word' id='word_1_358' title='bbox 1914 3100 2099 3175; x_wconf 87' lang='lat' dir='ltr'>curabunt.</span> <span class='ocrx_word' id='word_1_359' title='bbox 2122 3098 2237 3172; x_wconf 92' lang='lat' dir='ltr'>Cum·</span> 
     </span>
     <span class='ocr_line' id='line_1_41' title="bbox 219 3191 2236 3296; baseline 0.003 -31"><span class='ocrx_word' id='word_1_360' title='bbox 219 3198 325 3290; x_wconf 91' lang='lat' dir='ltr'>plura</span> <span class='ocrx_word' id='word_1_361' title='bbox 348 3194 526 3269; x_wconf 84' lang='lat' dir='ltr'>Ecclesiae</span> <span class='ocrx_word' id='word_1_362' title='bbox 556 3197 647 3266; x_wconf 91' lang='lat' dir='ltr'>mala</span> <span class='ocrx_word' id='word_1_363' title='bbox 676 3196 907 3285; x_wconf 83' lang='lat' dir='ltr'>corrigantur.</span> <span class='ocrx_word' id='word_1_364' title='bbox 956 3191 1006 3267; x_wconf 86' lang='lat' dir='ltr'>Et</span> <span class='ocrx_word' id='word_1_365' title='bbox 1034 3197 1203 3271; x_wconf 89' lang='lat' dir='ltr'>narrabat</span> <span class='ocrx_word' id='word_1_366' title='bbox 1252 3216 1320 3287; x_wconf 90' lang='lat' dir='ltr'>que</span> <span class='ocrx_word' id='word_1_367' title='bbox 1340 3193 1524 3262; x_wconf 82' lang='lat' dir='ltr'>manifesta</span> <span class='ocrx_word' id='word_1_368' title='bbox 1546 3195 1593 3266; x_wconf 88' lang='lat' dir='ltr'>sit</span> <span class='ocrx_word' id='word_1_369' title='bbox 1614 3194 1833 3285; x_wconf 90' lang='lat' dir='ltr'>impudentia</span> <span class='ocrx_word' id='word_1_370' title='bbox 1855 3197 2144 3286; x_wconf 85' lang='lat' dir='ltr'>Pontificiorum,</span> <span class='ocrx_word' id='word_1_371' title='bbox 2171 3205 2236 3296; x_wconf 88' lang='lat' dir='ltr'>qui</span> 
     </span>
     <span class='ocr_line' id='line_1_42' title="bbox 219 3291 2236 3394; baseline 0.002 -26"><span class='ocrx_word' id='word_1_372' title='bbox 219 3297 660 3368; x_wconf 89' lang='lat' dir='ltr'>PontanusMercurinum</span> <span class='ocrx_word' id='word_1_373' title='bbox 677 3292 744 3366; x_wconf 93' lang='lat' dir='ltr'>hoc</span> <span class='ocrx_word' id='word_1_374' title='bbox 761 3291 994 3388; x_wconf 88' lang='lat' dir='ltr'>epiphonema</span> <span class='ocrx_word' id='word_1_375' title='bbox 1006 3298 1199 3366; x_wconf 88' lang='lat' dir='ltr'>addidisse:</span> <span class='ocrx_word' id='word_1_376' title='bbox 1251 3293 1371 3363; x_wconf 88' lang='lat' dir='ltr'>nullos</span> <span class='ocrx_word' id='word_1_377' title='bbox 1393 3317 1532 3364; x_wconf 87' lang='lat' dir='ltr'>errores</span> <span class='ocrx_word' id='word_1_378' title='bbox 1558 3308 1591 3365; x_wconf 90' lang='lat' dir='ltr'>et</span> <span class='ocrx_word' id='word_1_379' title='bbox 1615 3297 1714 3367; x_wconf 90' lang='lat' dir='ltr'>nulla</span> <span class='ocrx_word' id='word_1_380' title='bbox 1734 3298 1820 3368; x_wconf 86' lang='lat' dir='ltr'>vitia</span> <span class='ocrx_word' id='word_1_381' title='bbox 1844 3299 1881 3367; x_wconf 95' lang='lat' dir='ltr'>in</span> <span class='ocrx_word' id='word_1_382' title='bbox 1904 3301 1977 3370; x_wconf 88' lang='lat' dir='ltr'>suis</span> <span class='ocrx_word' id='word_1_383' title='bbox 2002 3302 2236 3394; x_wconf 89' lang='lat' dir='ltr'>opinionibus</span> 
     </span>
    </p>

    <p class='ocr_par' dir='ltr' id='par_1_9' title="bbox 176 3395 2237 3597">
     <span class='ocr_line' id='line_1_43' title="bbox 220 3395 2237 3494; baseline 0.002 -25"><span class='ocrx_word' id='word_1_384' title='bbox 220 3395 319 3470; x_wconf 88' lang='lat' dir='ltr'>Bene</span> <span class='ocrx_word' id='word_1_385' title='bbox 337 3400 497 3470; x_wconf 85' lang='lat' dir='ltr'>fecerunt</span> <span class='ocrx_word' id='word_1_386' title='bbox 511 3397 694 3488; x_wconf 90' lang='lat' dir='ltr'>Principes</span> <span class='ocrx_word' id='word_1_387' title='bbox 711 3395 944 3482; x_wconf 90' lang='lat' dir='ltr'>Germaniae,</span> <span class='ocrx_word' id='word_1_388' title='bbox 978 3403 1072 3490; x_wconf 89' lang='lat' dir='ltr'>quod</span> <span class='ocrx_word' id='word_1_389' title='bbox 1089 3395 1200 3468; x_wconf 90' lang='lat' dir='ltr'>Caro·</span> <span class='ocrx_word' id='word_1_390' title='bbox 1252 3408 1287 3464; x_wconf 89' lang='lat' dir='ltr'>et</span> <span class='ocrx_word' id='word_1_391' title='bbox 1308 3395 1469 3464; x_wconf 89' lang='lat' dir='ltr'>moribus</span> <span class='ocrx_word' id='word_1_392' title='bbox 1490 3419 1563 3466; x_wconf 90' lang='lat' dir='ltr'>esse</span> <span class='ocrx_word' id='word_1_393' title='bbox 1587 3398 1843 3484; x_wconf 80' lang='lat' dir='ltr'>vociferantur,</span> <span class='ocrx_word' id='word_1_394' title='bbox 1868 3401 2027 3489; x_wconf 77' lang='lat' dir='ltr'>flagitant</span> <span class='ocrx_word' id='word_1_395' title='bbox 2042 3425 2165 3472; x_wconf 89' lang='lat' dir='ltr'>omncs</span> <span class='ocrx_word' id='word_1_396' title='bbox 2184 3405 2237 3494; x_wconf 90' lang='lat' dir='ltr'>pii</span> 
     </span>
     <span class='ocr_line' id='line_1_44' title="bbox 176 3489 2236 3597; baseline 0.002 -28"><span class='ocrx_word' id='word_1_397' title='bbox 176 3489 180 3497; x_wconf 65' lang='grc'>’</span> <span class='ocrx_word' id='word_1_398' title='bbox 220 3500 296 3570; x_wconf 91' lang='lat' dir='ltr'>lum</span> <span class='ocrx_word' id='word_1_399' title='bbox 319 3501 500 3590; x_wconf 88' lang='lat' dir='ltr'>elegerunt</span> <span class='ocrx_word' id='word_1_400' title='bbox 527 3499 788 3591; x_wconf 87' lang='lat' dir='ltr'>imperatorem.</span> <span class='ocrx_word' id='word_1_401' title='bbox 839 3493 1077 3590; x_wconf 80' lang='lat' dir='ltr'>Experientur</span> <span class='ocrx_word' id='word_1_402' title='bbox 1104 3500 1199 3568; x_wconf 91' lang='lat' dir='ltr'>enim</span> <span class='ocrx_word' id='word_1_403' title='bbox 1252 3495 1344 3566; x_wconf 89' lang='lat' dir='ltr'>veris</span> <span class='ocrx_word' id='word_1_404' title='bbox 1364 3497 1553 3584; x_wconf 84' lang='lat' dir='ltr'>gemitibus</span> <span class='ocrx_word' id='word_1_405' title='bbox 1576 3497 1614 3564; x_wconf 94' lang='lat' dir='ltr'>in</span> <span class='ocrx_word' id='word_1_406' title='bbox 1631 3509 1703 3566; x_wconf 89' lang='lat' dir='ltr'>tota</span> <span class='ocrx_word' id='word_1_407' title='bbox 1716 3495 1881 3592; x_wconf 86' lang='lat' dir='ltr'>Europa,</span> <span class='ocrx_word' id='word_1_408' title='bbox 1907 3515 1947 3588; x_wconf 84' lang='lat' dir='ltr'>ut</span> <span class='ocrx_word' id='word_1_409' title='bbox 1970 3505 2009 3573; x_wconf 91' lang='lat' dir='ltr'>in</span> <span class='ocrx_word' id='word_1_410' title='bbox 2028 3506 2165 3597; x_wconf 87' lang='lat' dir='ltr'>synodo</span> <span class='ocrx_word' id='word_1_411' title='bbox 2181 3506 2236 3574; x_wconf 90' lang='lat' dir='ltr'>le-</span> 
     </span>
    </p>
   </div>
   <div class='ocr_carea' id='block_1_8' title="bbox 194 3597 2235 5519">
    <p class='ocr_par' dir='ltr' id='par_1_10' title="bbox 219 3597 2235 3796">
     <span class='ocr_line' id='line_1_45' title="bbox 219 3597 2234 3698; baseline 0.002 -29"><span class='ocrx_word' id='word_1_412' title='bbox 219 3614 254 3673; x_wconf 87' lang='lat' dir='ltr'>et</span> <span class='ocrx_word' id='word_1_413' title='bbox 268 3602 458 3693; x_wconf 86' lang='lat' dir='ltr'>sapientem</span> <span class='ocrx_word' id='word_1_414' title='bbox 476 3616 509 3672; x_wconf 90' lang='lat' dir='ltr'>et</span> <span class='ocrx_word' id='word_1_415' title='bbox 524 3603 656 3671; x_wconf 92' lang='lat' dir='ltr'>bonum</span> <span class='ocrx_word' id='word_1_416' title='bbox 671 3603 758 3672; x_wconf 86' lang='lat' dir='ltr'>lore.</span> <span class='ocrx_word' id='word_1_417' title='bbox 1252 3597 1377 3686; x_wconf 86' lang='lat' dir='ltr'>gitima</span> <span class='ocrx_word' id='word_1_418' title='bbox 1392 3597 1598 3698; x_wconf 79' lang='lat' dir='ltr'>instituatur</span> <span class='ocrx_word' id='word_1_419' title='bbox 1617 3600 1833 3670; x_wconf 90' lang='lat' dir='ltr'>emendatio:</span> <span class='ocrx_word' id='word_1_420' title='bbox 1867 3601 1965 3672; x_wconf 88' lang='lat' dir='ltr'>idem</span> <span class='ocrx_word' id='word_1_421' title='bbox 1988 3618 2114 3696; x_wconf 90' lang='lat' dir='ltr'>petunt</span> <span class='ocrx_word' id='word_1_422' title='bbox 2135 3621 2172 3677; x_wconf 90' lang='lat' dir='ltr'>et</span> <span class='ocrx_word' id='word_1_423' title='bbox 2195 3603 2234 3675; x_wconf 88' lang='lat' dir='ltr'>hi</span> 
     </span>
     <span class='ocr_line' id='line_1_46' title="bbox 296 3695 2235 3796; baseline 0.003 -24"><span class='ocrx_word' id='word_1_424' title='bbox 296 3695 1199 3788; x_wconf 75' lang='lat' dir='ltr'>Secutus‘estConventusAugustanusanno1530.</span> <span class='ocrx_word' id='word_1_425' title='bbox 1251 3696 1453 3788; x_wconf 85' lang='lat' dir='ltr'>Principes,</span> <span class='ocrx_word' id='word_1_426' title='bbox 1487 3712 1521 3770; x_wconf 91' lang='lat' dir='ltr'>ct</span> <span class='ocrx_word' id='word_1_427' title='bbox 1541 3711 1683 3789; x_wconf 84' lang='lat' dir='ltr'>sperant</span> <span class='ocrx_word' id='word_1_428' title='bbox 1705 3700 2013 3774; x_wconf 89' lang='lat' dir='ltr'>clementissimum</span> <span class='ocrx_word' id='word_1_429' title='bbox 2035 3705 2235 3796; x_wconf 87' lang='lat' dir='ltr'>imperato-</span> 
     </span>
    </p>

    <p class='ocr_par' dir='ltr' id='par_1_11' title="bbox 194 3797 2234 5519">
     <span class='ocr_line' id='line_1_47' title="bbox 222 3797 2233 3894; baseline 0.014 -27"><span class='ocrx_word' id='word_1_430' title='bbox 222 3799 285 3893; x_wconf 89' lang='lat' dir='ltr'>qui</span> <span class='ocrx_word' id='word_1_431' title='bbox 301 3803 398 3873; x_wconf 84' lang='lat' dir='ltr'>velut</span> <span class='ocrx_word' id='word_1_432' title='bbox 414 3803 554 3894; x_wconf 89' lang='lat' dir='ltr'>epitasis</span> <span class='ocrx_word' id='word_1_433' title='bbox 568 3803 637 3872; x_wconf 82' lang='lat' dir='ltr'>luit</span> <span class='ocrx_word' id='word_1_434' title='bbox 654 3801 885 3872; x_wconf 88' lang='lat' dir='ltr'>certaminum</span> <span class='ocrx_word' id='word_1_435' title='bbox 901 3797 1079 3872; x_wconf 86' lang='lat' dir='ltr'>Ecclesiae</span> <span class='ocrx_word' id='word_1_436' title='bbox 1093 3797 1200 3873; x_wconf 87' lang='lat' dir='ltr'>huius</span> <span class='ocrx_word' id='word_1_437' title='bbox 1251 3805 1345 3882; x_wconf 83' lang='lat' dir='ltr'>rem&#39;,</span> <span class='ocrx_word' id='word_1_438' title='bbox 1378 3799 1440 3892; x_wconf 78' lang='lat' dir='ltr'>qui</span> <span class='ocrx_word' id='word_1_439' title='bbox 1464 3799 1561 3869; x_wconf 66' lang='lat' dir='ltr'>videi</span> <span class='ocrx_word' id='word_1_440' title='bbox 1589 3801 1819 3872; x_wconf 60' lang='lat' dir='ltr'>neieiiiriiffl</span> <span class='ocrx_word' id='word_1_441' title='bbox 1848 3827 1921 3873; x_wconf 69' lang='lat'>0⁵³0</span> <span class='ocrx_word' id='word_1_442' title='bbox 1947 3807 2233 3890; x_wconf 62' lang='lat' dir='ltr'>efflessdfliiffleffl</span> 
     </span>
     <span class='ocr_line' id='line_1_48' title="bbox 222 3895 2234 3998; baseline 0.004 -29"><span class='ocrx_word' id='word_1_443' title='bbox 222 3903 398 3992; x_wconf 86' lang='lat' dir='ltr'>temporis.</span> <span class='ocrx_word' id='word_1_444' title='bbox 451 3902 506 3973; x_wconf 91' lang='lat' dir='ltr'>lbi</span> <span class='ocrx_word' id='word_1_445' title='bbox 531 3900 698 3989; x_wconf 90' lang='lat' dir='ltr'>Carolus,</span> <span class='ocrx_word' id='word_1_446' title='bbox 737 3901 799 3994; x_wconf 93' lang='lat' dir='ltr'>qui</span> <span class='ocrx_word' id='word_1_447' title='bbox 829 3901 901 3971; x_wconf 90' lang='lat' dir='ltr'>iam</span> <span class='ocrx_word' id='word_1_448' title='bbox 926 3901 1062 3974; x_wconf 92' lang='lat' dir='ltr'>ltaliam</span> <span class='ocrx_word' id='word_1_449' title='bbox 1092 3904 1199 3973; x_wconf 90' lang='lat' dir='ltr'>armis</span> <span class='ocrx_word' id='word_1_450' title='bbox 1249 3895 1444 3984; x_wconf 84' lang='lat' dir='ltr'>Ecclesiae,</span> <span class='ocrx_word' id='word_1_451' title='bbox 1468 3900 1543 3968; x_wconf 90' lang='lat' dir='ltr'>sine</span> <span class='ocrx_word' id='word_1_452' title='bbox 1557 3900 1757 3989; x_wconf 86' lang='lat' dir='ltr'>cognitione</span> <span class='ocrx_word' id='word_1_453' title='bbox 1772 3926 1846 3972; x_wconf 90' lang='lat' dir='ltr'>non</span> <span class='ocrx_word' id='word_1_454' title='bbox 1862 3927 1934 3974; x_wconf 90' lang='lat' dir='ltr'>esse</span> <span class='ocrx_word' id='word_1_455' title='bbox 1956 3930 2052 3976; x_wconf 88' lang='lat' dir='ltr'>arma</span> <span class='ocrx_word' id='word_1_456' title='bbox 2067 3923 2234 3998; x_wconf 89' lang='lat' dir='ltr'>sumptu·</span> 
     </span>
     <span class='ocr_line' id='line_1_49' title="bbox 221 4001 2233 4098; baseline 0.014 -29"><span class='ocrx_word' id='word_1_457' title='bbox 221 4001 392 4072; x_wconf 91' lang='lat' dir='ltr'>domitam</span> <span class='ocrx_word' id='word_1_458' title='bbox 415 4002 528 4074; x_wconf 83' lang='lat' dir='ltr'>victor</span> <span class='ocrx_word' id='word_1_459' title='bbox 549 4004 708 4091; x_wconf 84' lang='lat' dir='ltr'>tenebat,</span> <span class='ocrx_word' id='word_1_460' title='bbox 740 4027 941 4098; x_wconf 91' lang='lat' dir='ltr'>quanquam</span> <span class='ocrx_word' id='word_1_461' title='bbox 972 4004 1199 4089; x_wconf 87' lang='lat' dir='ltr'>incitabatur,</span> <span class='ocrx_word' id='word_1_462' title='bbox 1250 4023 1348 4079; x_wconf 79' lang='lat' dir='ltr'>rum,</span> <span class='ocrx_word' id='word_1_463' title='bbox 1375 4014 1592 4080; x_wconf 78' lang='lat' dir='ltr'>memores,</span> <span class='ocrx_word' id='word_1_464' title='bbox 1618 4001 1805 4084; x_wconf 64' lang='lat' dir='ltr'>libidines,</span> <span class='ocrx_word' id='word_1_465' title='bbox 1831 4017 1868 4075; x_wconf 64' lang='lat' dir='ltr'>ei</span> <span class='ocrx_word' id='word_1_466' title='bbox 1890 4005 1959 4074; x_wconf 62' lang='lat' dir='ltr'>alii</span> <span class='ocrx_word' id='word_1_467' title='bbox 1979 4008 2062 4078; x_wconf 63' lang='lat' dir='ltr'>viiia</span> <span class='ocrx_word' id='word_1_468' title='bbox 2080 4007 2233 4096; x_wconf 77' lang='lat' dir='ltr'>P⁰¹¹iisl·</span> 
     </span>
     <span class='ocr_line' id='line_1_50' title="bbox 220 4099 2232 4197; baseline 0.004 -25"><span class='ocrx_word' id='word_1_469' title='bbox 220 4115 261 4173; x_wconf 90' lang='lat' dir='ltr'>ut</span> <span class='ocrx_word' id='word_1_470' title='bbox 283 4103 413 4174; x_wconf 89' lang='lat' dir='ltr'>noslris</span> <span class='ocrx_word' id='word_1_471' title='bbox 434 4105 567 4175; x_wconf 91' lang='lat' dir='ltr'>bellum</span> <span class='ocrx_word' id='word_1_472' title='bbox 587 4105 748 4175; x_wconf 78' lang='lat' dir='ltr'>inferret:</span> <span class='ocrx_word' id='word_1_473' title='bbox 787 4116 904 4175; x_wconf 90' lang='lat' dir='ltr'>tamen</span> <span class='ocrx_word' id='word_1_474' title='bbox 927 4105 1136 4176; x_wconf 89' lang='lat' dir='ltr'>incumbens</span> <span class='ocrx_word' id='word_1_475' title='bbox 1159 4105 1198 4174; x_wconf 91' lang='lat' dir='ltr'>in</span> <span class='ocrx_word' id='word_1_476' title='bbox 1250 4099 1384 4171; x_wconf 90' lang='lat' dir='ltr'>ciorum</span> <span class='ocrx_word' id='word_1_477' title='bbox 1408 4101 1585 4181; x_wconf 89' lang='lat' dir='ltr'>stabiliat,</span> <span class='ocrx_word' id='word_1_478' title='bbox 1612 4113 1646 4170; x_wconf 89' lang='lat' dir='ltr'>et</span> <span class='ocrx_word' id='word_1_479' title='bbox 1668 4103 1804 4173; x_wconf 88' lang='lat' dir='ltr'>alienae</span> <span class='ocrx_word' id='word_1_480' title='bbox 1828 4105 2002 4197; x_wconf 90' lang='lat' dir='ltr'>impietati</span> <span class='ocrx_word' id='word_1_481' title='bbox 2018 4110 2232 4180; x_wconf 84' lang='lat' dir='ltr'>etsaevitiaa</span> 
     </span>
     <span class='ocr_line' id='line_1_51' title="bbox 220 4201 2231 4299; baseline 0.021 -60"><span class='ocrx_word' id='word_1_482' title='bbox 220 4203 469 4292; x_wconf 51' lang='lat' dir='ltr'>cogitatum</span> <span class='ocrx_word' id='word_1_483' title='bbox 491 4208 536 4276; x_wconf 63' lang='lat' dir='ltr'>d,</span> <span class='ocrx_word' id='word_1_484' title='bbox 557 4207 711 4299; x_wconf 60' lang='lat' dir='ltr'><strong>synodo,</strong></span> <span class='ocrx_word' id='word_1_485' title='bbox 728 4216 769 4277; x_wconf 68' lang='lat' dir='ltr'>up</span> <span class='ocrx_word' id='word_1_486' title='bbox 782 4221 884 4278; x_wconf 60' lang='lat' dir='ltr'>anie,</span> <span class='ocrx_word' id='word_1_487' title='bbox 902 4203 1128 4278; x_wconf 57' lang='lat' dir='ltr'>Metenninni</span> <span class='ocrx_word' id='word_1_488' title='bbox 1142 4207 1197 4276; x_wconf 84' lang='lat' dir='ltr'>di.</span> <span class='ocrx_word' id='word_1_489' title='bbox 1249 4201 1480 4291; x_wconf 86' lang='lat' dir='ltr'>gratificetur,</span> <span class='ocrx_word' id='word_1_490' title='bbox 1505 4214 1539 4271; x_wconf 90' lang='lat' dir='ltr'>et</span> <span class='ocrx_word' id='word_1_491' title='bbox 1557 4203 1761 4287; x_wconf 80' lang='lat' dir='ltr'>veritatem,</span> <span class='ocrx_word' id='word_1_492' title='bbox 1792 4231 1882 4298; x_wconf 91' lang='lat' dir='ltr'>quac</span> <span class='ocrx_word' id='word_1_493' title='bbox 1903 4208 2051 4296; x_wconf 83' lang='lat' dir='ltr'>gloriam</span> <span class='ocrx_word' id='word_1_494' title='bbox 2072 4211 2137 4279; x_wconf 87' lang='lat' dir='ltr'>lilii</span> <span class='ocrx_word' id='word_1_495' title='bbox 2160 4209 2231 4281; x_wconf 91' lang='lat' dir='ltr'>Dei</span> 
     </span>
     <span class='ocr_line' id='line_1_52' title="bbox 219 4303 2231 4406; baseline 0.005 -33"><span class='ocrx_word' id='word_1_496' title='bbox 219 4320 339 4392; x_wconf 85' lang='lat' dir='ltr'>xerat,</span> <span class='ocrx_word' id='word_1_497' title='bbox 360 4310 515 4400; x_wconf 85' lang='lat' dir='ltr'>postulat</span> <span class='ocrx_word' id='word_1_498' title='bbox 539 4303 696 4378; x_wconf 80' lang='lat' dir='ltr'>exhiberi</span> <span class='ocrx_word' id='word_1_499' title='bbox 719 4332 740 4378; x_wconf 91' lang='lat' dir='ltr'>a</span> <span class='ocrx_word' id='word_1_500' title='bbox 761 4309 892 4378; x_wconf 88' lang='lat' dir='ltr'>nostris</span> <span class='ocrx_word' id='word_1_501' title='bbox 916 4309 1096 4378; x_wconf 89' lang='lat' dir='ltr'>doctrinae</span> <span class='ocrx_word' id='word_1_502' title='bbox 1109 4331 1196 4378; x_wconf 88' lang='lat' dir='ltr'>con·</span> <span class='ocrx_word' id='word_1_503' title='bbox 1247 4303 1418 4384; x_wconf 88' lang='lat' dir='ltr'>illustrat,</span> <span class='ocrx_word' id='word_1_504' title='bbox 1450 4315 1483 4372; x_wconf 90' lang='lat' dir='ltr'>et</span> <span class='ocrx_word' id='word_1_505' title='bbox 1505 4303 1611 4373; x_wconf 90' lang='lat' dir='ltr'>saluti</span> <span class='ocrx_word' id='word_1_506' title='bbox 1632 4305 1831 4376; x_wconf 90' lang='lat' dir='ltr'>animarum</span> <span class='ocrx_word' id='word_1_507' title='bbox 1852 4311 2045 4382; x_wconf 87' lang='lat' dir='ltr'>necessaria</span> <span class='ocrx_word' id='word_1_508' title='bbox 2066 4325 2136 4402; x_wconf 89' lang='lat' dir='ltr'>est,</span> <span class='ocrx_word' id='word_1_509' title='bbox 2163 4337 2231 4406; x_wconf 93' lang='lat' dir='ltr'>op-</span> 
     </span>
     <span class='ocr_line' id='line_1_53' title="bbox 212 4403 2230 4504; baseline 0.021 -62"><span class='ocrx_word' id='word_1_510' title='bbox 212 4405 420 4484; x_wconf 41' lang='lat' dir='ltr'><strong>‘fessionm</strong></span> <span class='ocrx_word' id='word_1_511' title='bbox 470 4408 587 4497; x_wconf 53' lang='lat' dir='ltr'><strong>Quam</strong></span> <span class='ocrx_word' id='word_1_512' title='bbox 610 4410 742 4480; x_wconf 59' lang='lat' dir='ltr'>mulia,</span> <span class='ocrx_word' id='word_1_513' title='bbox 765 4431 820 4479; x_wconf 62' lang='lat' dir='ltr'>re,</span> <span class='ocrx_word' id='word_1_514' title='bbox 842 4409 1091 4480; x_wconf 62' lang='lat' dir='ltr'>deliberandne</span> <span class='ocrx_word' id='word_1_515' title='bbox 1111 4424 1196 4481; x_wconf 73' lang='lat' dir='ltr'>tnnc</span> <span class='ocrx_word' id='word_1_516' title='bbox 1247 4403 1397 4496; x_wconf 88' lang='lat' dir='ltr'>primat,</span> <span class='ocrx_word' id='word_1_517' title='bbox 1423 4404 1628 4495; x_wconf 86' lang='lat' dir='ltr'>praesertim</span> <span class='ocrx_word' id='word_1_518' title='bbox 1644 4429 1725 4478; x_wconf 91' lang='lat' dir='ltr'>cum</span> <span class='ocrx_word' id='word_1_519' title='bbox 1742 4430 1839 4500; x_wconf 89' lang='lat' dir='ltr'>spem</span> <span class='ocrx_word' id='word_1_520' title='bbox 1854 4411 1898 4478; x_wconf 91' lang='lat' dir='ltr'>de</span> <span class='ocrx_word' id='word_1_521' title='bbox 1911 4413 2048 4504; x_wconf 89' lang='lat' dir='ltr'>synodo</span> <span class='ocrx_word' id='word_1_522' title='bbox 2063 4415 2230 4484; x_wconf 90' lang='lat' dir='ltr'>ostende-</span> 
     </span>
     <span class='ocr_line' id='line_1_54' title="bbox 219 4501 2229 4606; baseline 0.011 -42"><span class='ocrx_word' id='word_1_523' title='bbox 219 4508 429 4597; x_wconf 68' lang='lat' dir='ltr'>inciderint,</span> <span class='ocrx_word' id='word_1_524' title='bbox 452 4501 613 4600; x_wconf 68' lang='lat' dir='ltr'>&#39;longum</span> <span class='ocrx_word' id='word_1_525' title='bbox 646 4523 734 4582; x_wconf 87' lang='lat' dir='ltr'>esset</span> <span class='ocrx_word' id='word_1_526' title='bbox 770 4511 902 4597; x_wconf 90' lang='lat' dir='ltr'>dicere,</span> <span class='ocrx_word' id='word_1_527' title='bbox 935 4535 1006 4604; x_wconf 91' lang='lat' dir='ltr'>quo</span> <span class='ocrx_word' id='word_1_528' title='bbox 1038 4525 1196 4601; x_wconf 89' lang='lat' dir='ltr'>tempore</span> <span class='ocrx_word' id='word_1_529' title='bbox 1247 4505 1305 4576; x_wconf 85' lang='lat' dir='ltr'>rit.</span> <span class='ocrx_word' id='word_1_530' title='bbox 1343 4503 1560 4578; x_wconf 89' lang='lat' dir='ltr'>Reverenter</span> <span class='ocrx_word' id='word_1_531' title='bbox 1573 4508 1681 4597; x_wconf 86' lang='lat' dir='ltr'>igitur</span> <span class='ocrx_word' id='word_1_532' title='bbox 1694 4507 1876 4600; x_wconf 91' lang='lat' dir='ltr'>Principes</span> <span class='ocrx_word' id='word_1_533' title='bbox 1892 4525 1926 4606; x_wconf 81' lang='lat' dir='ltr'>et</span> <span class='ocrx_word' id='word_1_534' title='bbox 1942 4513 2144 4584; x_wconf 91' lang='lat' dir='ltr'>universam</span> <span class='ocrx_word' id='word_1_535' title='bbox 2155 4510 2229 4586; x_wconf 84' lang='lat' dir='ltr'>Ec·</span> 
     </span>
     <span class='ocr_line' id='line_1_55' title="bbox 218 4607 2229 4705; baseline 0.004 -27"><span class='ocrx_word' id='word_1_536' title='bbox 218 4612 425 4705; x_wconf 85' lang='lat' dir='ltr'>praecipuas</span> <span class='ocrx_word' id='word_1_537' title='bbox 447 4612 718 4683; x_wconf 90' lang='lat' dir='ltr'>deliberationes</span> <span class='ocrx_word' id='word_1_538' title='bbox 740 4613 787 4682; x_wconf 92' lang='lat' dir='ltr'>ita</span> <span class='ocrx_word' id='word_1_539' title='bbox 819 4613 908 4682; x_wconf 86' lang='lat' dir='ltr'>rexit</span> <span class='ocrx_word' id='word_1_540' title='bbox 928 4610 1129 4696; x_wconf 80' lang='lat' dir='ltr'>Pantanus,</span> <span class='ocrx_word' id='word_1_541' title='bbox 1154 4625 1196 4681; x_wconf 90' lang='lat' dir='ltr'>ut</span> <span class='ocrx_word' id='word_1_542' title='bbox 1247 4607 1388 4677; x_wconf 87' lang='lat' dir='ltr'>clesiam</span> <span class='ocrx_word' id='word_1_543' title='bbox 1405 4618 1438 4675; x_wconf 87' lang='lat' dir='ltr'>et</span> <span class='ocrx_word' id='word_1_544' title='bbox 1453 4630 1527 4677; x_wconf 89' lang='lat' dir='ltr'>sese</span> <span class='ocrx_word' id='word_1_545' title='bbox 1541 4608 1813 4679; x_wconf 90' lang='lat' dir='ltr'>clementissimo</span> <span class='ocrx_word' id='word_1_546' title='bbox 1822 4607 2029 4702; x_wconf 88' lang='lat' dir='ltr'>imperatori</span> <span class='ocrx_word' id='word_1_547' title='bbox 2045 4639 2229 4686; x_wconf 90' lang='lat' dir='ltr'>commen-</span> 
     </span>
     <span class='ocr_line' id='line_1_56' title="bbox 218 4709 2228 4805; baseline 0.015 -47"><span class='ocrx_word' id='word_1_548' title='bbox 218 4713 426 4805; x_wconf 57' lang='lat' dir='ltr'>,apiemiam</span> <span class='ocrx_word' id='word_1_549' title='bbox 449 4713 675 4800; x_wconf 64' lang='lat' dir='ltr'>,in,‚·finnin</span> <span class='ocrx_word' id='word_1_550' title='bbox 699 4727 734 4786; x_wconf 72' lang='lat' dir='ltr'>nt</span> <span class='ocrx_word' id='word_1_551' title='bbox 755 4713 987 4786; x_wconf 75' lang='lat' dir='ltr'>constantiam</span> <span class='ocrx_word' id='word_1_552' title='bbox 1020 4712 1195 4802; x_wconf 89' lang='lat' dir='ltr'>probave·</span> <span class='ocrx_word' id='word_1_553' title='bbox 1246 4709 1353 4793; x_wconf 91' lang='lat' dir='ltr'>dant,</span> <span class='ocrx_word' id='word_1_554' title='bbox 1380 4730 1484 4799; x_wconf 91' lang='lat' dir='ltr'>quem</span> <span class='ocrx_word' id='word_1_555' title='bbox 1501 4721 1682 4793; x_wconf 65' lang='lat' dir='ltr'>orant„ut</span> <span class='ocrx_word' id='word_1_556' title='bbox 1697 4710 1801 4780; x_wconf 88' lang='lat' dir='ltr'>etiam</span> <span class='ocrx_word' id='word_1_557' title='bbox 1817 4713 1954 4802; x_wconf 90' lang='lat' dir='ltr'>cogitet,</span> <span class='ocrx_word' id='word_1_558' title='bbox 1979 4714 2018 4782; x_wconf 94' lang='lat' dir='ltr'>in</span> <span class='ocrx_word' id='word_1_559' title='bbox 2034 4709 2099 4786; x_wconf 91' lang='lat' dir='ltr'>hac</span> <span class='ocrx_word' id='word_1_560' title='bbox 2114 4717 2228 4789; x_wconf 90' lang='lat' dir='ltr'>delira</span> 
     </span>
     <span class='ocr_line' id='line_1_57' title="bbox 217 4804 2227 4907; baseline 0.01 -38"><span class='ocrx_word' id='word_1_561' title='bbox 217 4814 292 4886; x_wconf 70' lang='lat' dir='ltr'>nint</span> <span class='ocrx_word' id='word_1_562' title='bbox 306 4815 431 4907; x_wconf 74' lang='lat' dir='ltr'>optimi</span> <span class='ocrx_word' id='word_1_563' title='bbox 446 4814 629 4906; x_wconf 77' lang='lat' dir='ltr'>Principes</span> <span class='ocrx_word' id='word_1_564' title='bbox 641 4812 723 4886; x_wconf 84' lang='lat' dir='ltr'>Dux</span> <span class='ocrx_word' id='word_1_565' title='bbox 738 4815 910 4887; x_wconf 89' lang='lat' dir='ltr'>Saxoniae</span> <span class='ocrx_word' id='word_1_566' title='bbox 926 4809 1193 4884; x_wconf 88' lang='lat' dir='ltr'>lohannesEle-</span> <span class='ocrx_word' id='word_1_567' title='bbox 1245 4804 1372 4877; x_wconf 85' lang='lat' dir='ltr'>mundi</span> <span class='ocrx_word' id='word_1_568' title='bbox 1392 4821 1528 4880; x_wconf 89' lang='lat' dir='ltr'>senecta</span> <span class='ocrx_word' id='word_1_569' title='bbox 1548 4811 1669 4898; x_wconf 86' lang='lat' dir='ltr'>generi</span> <span class='ocrx_word' id='word_1_570' title='bbox 1693 4804 1849 4880; x_wconf 91' lang='lat' dir='ltr'>humano</span> <span class='ocrx_word' id='word_1_571' title='bbox 1873 4814 2024 4884; x_wconf 87' lang='lat' dir='ltr'>maiores</span> <span class='ocrx_word' id='word_1_572' title='bbox 2045 4819 2227 4891; x_wconf 84' lang='lat' dir='ltr'>confusio-</span> 
     </span>
     <span class='ocr_line' id='line_1_58' title="bbox 194 4909 2227 5012; baseline 0.022 -66"><span class='ocrx_word' id='word_1_573' title='bbox 194 4939 195 4942; x_wconf 57' lang='lat'>,</span> <span class='ocrx_word' id='word_1_574' title='bbox 217 4927 312 5005; x_wconf 54' lang='lat' dir='ltr'>etot,</span> <span class='ocrx_word' id='word_1_575' title='bbox 339 4929 374 4989; x_wconf 60' lang='lat' dir='ltr'>e,</span> <span class='ocrx_word' id='word_1_576' title='bbox 386 4917 513 4990; x_wconf 53' lang='lat' dir='ltr'>,aemi</span> <span class='ocrx_word' id='word_1_577' title='bbox 527 4916 565 4988; x_wconf 67' lang='lat' dir='ltr'>in</span> <span class='ocrx_word' id='word_1_578' title='bbox 580 4911 647 4989; x_wconf 66' lang='lat' dir='ltr'>h„</span> <span class='ocrx_word' id='word_1_579' title='bbox 659 4939 762 4989; x_wconf 56' lang='lat' dir='ltr'><strong>cau„</strong></span> <span class='ocrx_word' id='word_1_580' title='bbox 778 4914 968 4986; x_wconf 61' lang='lat' dir='ltr'>coniuncti,</span> <span class='ocrx_word' id='word_1_581' title='bbox 1244 4931 1307 4978; x_wconf 90' lang='lat' dir='ltr'>nes</span> <span class='ocrx_word' id='word_1_582' title='bbox 1332 4909 1553 5000; x_wconf 90' lang='lat' dir='ltr'>impendere,</span> <span class='ocrx_word' id='word_1_583' title='bbox 1579 4935 1669 5004; x_wconf 91' lang='lat' dir='ltr'>quae</span> <span class='ocrx_word' id='word_1_584' title='bbox 1691 4911 1806 4981; x_wconf 91' lang='lat' dir='ltr'>caveri</span> <span class='ocrx_word' id='word_1_585' title='bbox 1827 4913 1955 5012; x_wconf 83' lang='lat' dir='ltr'>melius</span> <span class='ocrx_word' id='word_1_586' title='bbox 1972 4931 2119 5006; x_wconf 88' lang='lat' dir='ltr'>possunt</span> <span class='ocrx_word' id='word_1_587' title='bbox 2132 4919 2227 4989; x_wconf 89' lang='lat' dir='ltr'>leni·</span> 
     </span>
     <span class='ocr_line' id='line_1_59' title="bbox 316 5006 2225 5110; baseline 0.005 -19"><span class='ocrx_word' id='word_1_588' title='bbox 316 5015 408 5091; x_wconf 92' lang='lat' dir='ltr'>Cum</span> <span class='ocrx_word' id='word_1_589' title='bbox 431 5033 548 5090; x_wconf 89' lang='lat' dir='ltr'>autem</span> <span class='ocrx_word' id='word_1_590' title='bbox 572 5034 654 5090; x_wconf 88' lang='lat' dir='ltr'>ante</span> <span class='ocrx_word' id='word_1_591' title='bbox 675 5019 806 5089; x_wconf 88' lang='lat' dir='ltr'>exitum</span> <span class='ocrx_word' id='word_1_592' title='bbox 831 5029 1027 5086; x_wconf 89' lang='lat' dir='ltr'>conventus</span> <span class='ocrx_word' id='word_1_593' title='bbox 1047 5015 1193 5085; x_wconf 90' lang='lat' dir='ltr'>nomine</span> <span class='ocrx_word' id='word_1_594' title='bbox 1243 5021 1313 5082; x_wconf 84' lang='lat' dir='ltr'>tate</span> <span class='ocrx_word' id='word_1_595' title='bbox 1338 5025 1374 5080; x_wconf 89' lang='lat' dir='ltr'>ct</span> <span class='ocrx_word' id='word_1_596' title='bbox 1394 5006 1581 5106; x_wconf 77' lang='grc' dir='ltr'><strong><em>ἐπιεικείᾳ,</em></strong></span> <span class='ocrx_word' id='word_1_597' title='bbox 1616 5035 1721 5105; x_wconf 78' lang='lat' dir='ltr'>quam</span> <span class='ocrx_word' id='word_1_598' title='bbox 1746 5013 1776 5088; x_wconf 76' lang='lat' dir='ltr'>si</span> <span class='ocrx_word' id='word_1_599' title='bbox 1803 5013 1954 5085; x_wconf 73' lang='lat' dir='ltr'>maiores</span> <span class='ocrx_word' id='word_1_600' title='bbox 1976 5019 2225 5110; x_wconf 69' lang='lat' dir='ltr'>dissipationes</span> 
     </span>
     <span class='ocr_line' id='line_1_60' title="bbox 213 5109 2225 5207; baseline 0.008 -19"><span class='ocrx_word' id='word_1_601' title='bbox 213 5116 482 5192; x_wconf 84' lang='lat' dir='ltr'>Pontificionrm</span> <span class='ocrx_word' id='word_1_602' title='bbox 500 5121 696 5192; x_wconf 91' lang='lat' dir='ltr'>orationem</span> <span class='ocrx_word' id='word_1_603' title='bbox 710 5115 909 5202; x_wconf 87' lang='lat' dir='ltr'>habuisset,</span> <span class='ocrx_word' id='word_1_604' title='bbox 935 5110 1192 5207; x_wconf 89' lang='lat' dir='ltr'>praesenteCa-</span> <span class='ocrx_word' id='word_1_605' title='bbox 1243 5111 1350 5181; x_wconf 87' lang='lat' dir='ltr'>armis</span> <span class='ocrx_word' id='word_1_606' title='bbox 1366 5109 1463 5195; x_wconf 88' lang='lat' dir='ltr'>liant,</span> <span class='ocrx_word' id='word_1_607' title='bbox 1489 5112 1578 5188; x_wconf 87' lang='lat' dir='ltr'>sicut</span> <span class='ocrx_word' id='word_1_608' title='bbox 1593 5113 1631 5182; x_wconf 82' lang='lat' dir='ltr'>iu</span> <span class='ocrx_word' id='word_1_609' title='bbox 1647 5112 1748 5182; x_wconf 76' lang='lat' dir='ltr'>bellis</span> <span class='ocrx_word' id='word_1_610' title='bbox 1764 5109 1968 5185; x_wconf 66' lang='lat' dir='ltr'>Bohemicis</span> <span class='ocrx_word' id='word_1_611' title='bbox 1986 5119 2131 5202; x_wconf 64' lang='lat' dir='ltr'>accidit,</span> <span class='ocrx_word' id='word_1_612' title='bbox 2159 5147 2225 5194; x_wconf 77' lang='lat' dir='ltr'>nec</span> 
     </span>
     <span class='ocr_line' id='line_1_61' title="bbox 212 5213 2225 5314; baseline 0.003 -25"><span class='ocrx_word' id='word_1_613' title='bbox 212 5223 311 5312; x_wconf 90' lang='lat' dir='ltr'>rulo,</span> <span class='ocrx_word' id='word_1_614' title='bbox 334 5217 479 5294; x_wconf 83' lang='lat' dir='ltr'>Elector</span> <span class='ocrx_word' id='word_1_615' title='bbox 498 5215 662 5292; x_wconf 86' lang='lat' dir='ltr'>Marchio</span> <span class='ocrx_word' id='word_1_616' title='bbox 685 5215 885 5290; x_wconf 90' lang='lat' dir='ltr'>loachimus</span> <span class='ocrx_word' id='word_1_617' title='bbox 908 5215 1070 5301; x_wconf 90' lang='lat' dir='ltr'>Primus,</span> <span class='ocrx_word' id='word_1_618' title='bbox 1095 5229 1191 5288; x_wconf 88' lang='lat' dir='ltr'>atro·</span> <span class='ocrx_word' id='word_1_619' title='bbox 1241 5213 1369 5283; x_wconf 88' lang='lat' dir='ltr'>veritas</span> <span class='ocrx_word' id='word_1_620' title='bbox 1383 5213 1538 5304; x_wconf 90' lang='lat' dir='ltr'>opprimi</span> <span class='ocrx_word' id='word_1_621' title='bbox 1553 5213 1699 5305; x_wconf 82' lang='lat' dir='ltr'>poterit,</span> <span class='ocrx_word' id='word_1_622' title='bbox 1725 5215 1862 5286; x_wconf 91' lang='lat' dir='ltr'>etiamsi</span> <span class='ocrx_word' id='word_1_623' title='bbox 1875 5215 2059 5311; x_wconf 90' lang='lat' dir='ltr'>Principes</span> <span class='ocrx_word' id='word_1_624' title='bbox 2082 5235 2143 5292; x_wconf 89' lang='lat' dir='ltr'>aut</span> <span class='ocrx_word' id='word_1_625' title='bbox 2159 5249 2225 5314; x_wconf 92' lang='lat' dir='ltr'>po-</span> 
     </span>
     <span class='ocr_line' id='line_1_62' title="bbox 214 5313 2224 5415; baseline 0.004 -24"><span class='ocrx_word' id='word_1_626' title='bbox 214 5324 299 5396; x_wconf 90' lang='lat' dir='ltr'>citer</span> <span class='ocrx_word' id='word_1_627' title='bbox 320 5323 544 5394; x_wconf 88' lang='lat' dir='ltr'>minitantem</span> <span class='ocrx_word' id='word_1_628' title='bbox 569 5321 716 5405; x_wconf 90' lang='lat' dir='ltr'>nostris,</span> <span class='ocrx_word' id='word_1_629' title='bbox 742 5344 847 5415; x_wconf 58' lang='lat' dir='ltr'>mam</span> <span class='ocrx_word' id='word_1_630' title='bbox 864 5342 982 5389; x_wconf 90' lang='lat' dir='ltr'>coram</span> <span class='ocrx_word' id='word_1_631' title='bbox 998 5317 1189 5389; x_wconf 89' lang='lat' dir='ltr'>audiebant</span> <span class='ocrx_word' id='word_1_632' title='bbox 1240 5315 1318 5405; x_wconf 91' lang='lat' dir='ltr'>puli</span> <span class='ocrx_word' id='word_1_633' title='bbox 1330 5313 1441 5406; x_wconf 91' lang='lat' dir='ltr'>aliqui</span> <span class='ocrx_word' id='word_1_634' title='bbox 1460 5316 1616 5405; x_wconf 90' lang='lat' dir='ltr'>oppressi</span> <span class='ocrx_word' id='word_1_635' title='bbox 1631 5316 1775 5402; x_wconf 85' lang='lat' dir='ltr'>fuerint,</span> <span class='ocrx_word' id='word_1_636' title='bbox 1800 5329 2002 5415; x_wconf 70' lang='lat' dir='ltr'>emergeret</span> <span class='ocrx_word' id='word_1_637' title='bbox 2015 5330 2144 5396; x_wconf 81' lang='lat' dir='ltr'>tumen</span> <span class='ocrx_word' id='word_1_638' title='bbox 2158 5349 2224 5398; x_wconf 81' lang='lat' dir='ltr'>ue-</span> 
     </span>
     <span class='ocr_line' id='line_1_63' title="bbox 211 5414 2219 5519; baseline 0.004 -27"><span class='ocrx_word' id='word_1_639' title='bbox 211 5417 292 5500; x_wconf 75' lang='lat' dir='ltr'>nux</span> <span class='ocrx_word' id='word_1_640' title='bbox 309 5423 481 5501; x_wconf 82' lang='lat' dir='ltr'>saxoniae</span> <span class='ocrx_word' id='word_1_641' title='bbox 503 5416 680 5494; x_wconf 89' lang='lat' dir='ltr'>lohannes</span> <span class='ocrx_word' id='word_1_642' title='bbox 700 5415 862 5507; x_wconf 86' lang='lat' dir='ltr'>Elector,</span> <span class='ocrx_word' id='word_1_643' title='bbox 890 5417 1065 5510; x_wconf 85' lang='lat' dir='ltr'>Georgius</span> <span class='ocrx_word' id='word_1_644' title='bbox 1085 5414 1187 5490; x_wconf 87' lang='lat' dir='ltr'>Mar·</span> <span class='ocrx_word' id='word_1_645' title='bbox 1239 5419 1357 5510; x_wconf 84' lang='lat' dir='ltr'>ritas,</span> <span class='ocrx_word' id='word_1_646' title='bbox 1394 5437 1465 5490; x_wconf 80' lang='lat' dir='ltr'>arec</span> <span class='ocrx_word' id='word_1_647' title='bbox 1494 5415 1611 5495; x_wconf 77' lang='lat' dir='ltr'>delere·</span> <span class='ocrx_word' id='word_1_648' title='bbox 1637 5441 1663 5492; x_wconf 83' lang='lat' dir='ltr'>n</span> <span class='ocrx_word' id='word_1_649' title='bbox 1681 5423 1804 5514; x_wconf 81' lang='lat' dir='ltr'>portis</span> <span class='ocrx_word' id='word_1_650' title='bbox 1828 5415 2041 5519; x_wconf 76' lang='lat' dir='ltr'>inferorum</span> <span class='ocrx_word' id='word_1_651' title='bbox 2065 5433 2219 5518; x_wconf 80' lang='lat' dir='ltr'>poterit.</span> 
     </span>
    </p>
   </div>
   <div class='ocr_carea' id='block_1_9' title="bbox 1485 5569 1507 5610">
    <p class='ocr_par' dir='ltr' id='par_1_12' title="bbox 1485 5569 1507 5610">
     <span class='ocr_line' id='line_1_64' title="bbox 1485 5569 1507 5610; baseline 0 -15"><span class='ocrx_word' id='word_1_652' title='bbox 1485 5569 1507 5610; x_wconf 55' lang='grc' dir='ltr'>χι,</span> 
     </span>
    </p>
   </div>
   <div class='ocr_carea' id='block_1_10' title="bbox 0 0 2357 5812">
    <p class='ocr_par' dir='ltr' id='par_1_13' title="bbox 0 0 2357 5812">
     <span class='ocr_line' id='line_1_65' title="bbox 0 0 2357 5812; baseline 0 0"><span class='ocrx_word' id='word_1_653' title='bbox 0 0 2357 5812; x_wconf 95' lang='lat' dir='ltr'> </span> 
     </span>
    </p>
   </div>
  </div>
 </body>
</html>
