4706 5818
87 321 156 401 ess
497 429 500 435 .
649 320 679 396 1.
731 311 1297 398 eunoutcouoamoms.
1350 317 1552 400 uausu.
1664 373 1667 380 ,
2036 333 2112 412 osa

182 487 341 564 Nicenae
361 489 500 590 Synodi
521 491 602 564 finis
622 490 750 565 incidit
767 492 805 562 in
821 513 955 564 annum
970 488 1066 560 vice-
1118 487 1199 565 Hoc
1223 503 1291 564 est:
1318 489 1358 563 st
1381 487 1565 588 quiahoc,
1589 492 1779 596 faciemus
1800 489 2003 584 dominam,
2030 531 2105 578 non

88 595 211 666 simum
235 593 392 685 primum
415 589 654 668 Constantini.
705 593 748 664 ln
770 615 906 664 aunum
930 583 1065 663 Christi
1118 589 1259 662 Patrem
1275 595 1319 664 ad
1330 591 1463 664 Filium
1480 595 1620 684 dixisse,
1642 601 1702 669 sed
1719 601 1834 692 ipsum
1846 605 1888 672 ad
1905 627 1978 675 sese
1988 603 2104 680 Deum

88 694 368 766 trecentesimum
386 694 591 766 vicesimum
609 718 758 766 nonum.
1115 691 1265 781 dixisse,
1283 689 1480 769 ¹anathema
1496 697 1554 770 sit.

184 796 296 866 Anno
320 795 496 868 tricesimo
516 791 756 872 Constantini.
805 792 917 867 Auno
930 786 1104 864 Christi.
1518 873 1521 884 Ι

85 897 328 968 trecentesimo
351 897 528 969 tricesimo
550 920 647 969 nono
670 897 739 968 luit
755 893 923 992 synodus
940 891 1065 989 Tyria,
1415 893 1419 912 ⁸
1456 889 1500 958 11.
1549 891 1775 964 Decretum.

86 1014 115 1068 et
137 1011 301 1089 receptus
325 1010 376 1070 est
390 996 519 1082 Arius,
546 997 608 1090 qui
631 1010 750 1068 tamen
773 998 959 1092 aliquanto
982 1006 1065 1087 post
1104 1052 1108 1057 .

83 1095 396 1191 Constantinopoli
410 1111 572 1171 monens
588 1109 657 1181 est,
684 1121 765 1170 cum
782 1122 824 1170 ex
837 1098 936 1192 Tyro
946 1094 1063 1190 Syno·
1218 1037 1269 1110 Ei
1287 1061 1343 1120 τις
1360 1041 1416 1134 τῷ
1426 1031 1563 1134 Ἰακώβ
1574 1035 1628 1132 μὴ
1643 1037 1712 1114 τὸν
1728 1039 1814 1118 υἱὸν
1826 1040 1877 1128 “59
1892 1045 2101 1146 37390’7101‘

1113 1137 1489 1212 xmuneuetaees'ves:
1523 1134 1615 1210 ἀλλὰ
1638 1136 1706 1214 τὸν
1727 1139 1909 1240 ἀγένητον
1930 1148 2044 1238 θεὸν,
2074 1151 2100 1248 ἢ

83 1202 144 1270 dus
162 1212 540 1390 epypp'a‘thceiqpptqon
554 1311 707 1370 mortem
722 1294 950 1370 Constantini
1114 1237 1226 1414 §5⁰⁰⁹
1249 1237 1388 1412 αὐτοῦί
1429 1237 1542 1412 λίγει’
1575 1233 1754 1412 Ἅᾶθεμα
1773 1244 1879 1326 ἔπιθ’
1916 1249 2008 1422 hH⁰⁰
2031 1270 2098 1326 ξω
2221 1243 2223 1248 ι

954 1346 1001 1418 ·,
1142 1343 1251 1435 iquis
1274 1365 1354 1412 cum
1389 1365 1451 1413 aco
1499 1364 1573 1411 non
1629 1343 1702 1422 ium
1724 1359 1892 1440 tanquam
1943 1355 2099 1426 ominem

180 1398 292 1470 Assn⁰
312 1394 449 1474 christi
470 1400 737 1487 im‘fll‘i‘i'm’
769 1398 1074 1513 qffi⁰q¹¹⁸⁸⁰⁵¹¹⁰⁰2
1114 1443 1342 1518 colluctatum
1357 1466 1432 1513 esse
1446 1441 1593 1514 dixerit:
1619 1444 1772 1515 sednon
1791 1451 1951 1538 gentium
1968 1450 2106 1543 Deum,

80 1501 201 1592 primo.
447 1535 452 1544 ·
707 1537 711 1543 .
1400 1543 1410 1562 ι
1679 1543 1689 1561 ι

176 1598 289 1672 Anno
306 1613 388 1692 po„
400 1599 573 1674 mmmm
588 1599 776 1696 synodum
791 1601 970 1688 &mimo
987 1601 1062 1692 pri·
1114 1558 1176 1617 aut
1188 1556 1325 1636 partem
1343 1540 1432 1630 Des,
1457 1538 1646 1614 anathema
1660 1557 1716 1616 sat.

80 1723 136 1770 mo
158 1702 228 1775 luit
256 1701 424 1797 synodus
448 1697 710 1792 sardicensis,
739 1702 821 1796 pia,
847 1703 1062 1774 confirmans
1128 1796 1132 1806 ¹

79 1799 261 1877 Nicenam.
1171 1799 1175 1808 ’

176 1902 291 1975 Anno
317 1904 522 1976 Constantii
550 1904 676 1998 quinto
699 1905 857 1990 decimu,
896 1903 1062 1976 videlicet
1217 1906 1268 1978 Ei
1278 1928 1334 1987 τις
1346 1901 1410 1992 τὸ,
1428 1901 1576 2000 Ἕβρεξε
1587 1899 1726 2002 Κύριος
1746 1905 1849 2006 παρά
1870 1909 2020 2008 κυρίου,
2042 1943 2096 2012 μη

79 2005 202 2097 quinto
218 2017 304 2096 post
319 2003 564 2078 sardicensem
581 2006 788 2100 synodum,
810 2006 879 2076 luit
894 2003 1062 2100 synodus
1114 2001 1173 2081 tut
1198 2013 1267 2080 τοῦ
1293 2003 1433 2103 πατρὸς
1451 2003 1516 2079 καὶ
1534 2011 1604 2079 τοῦ
1625 2007 1714 2081 υἱοῦ
1741 2007 1983 2106 ἐκλαμβάνοι
2018 2015 2099 2089 dtt'·
2192 2084 2205 2108 ‚

80 2101 326 2198 syrmiensis,
358 2106 399 2175 in
427 2130 498 2200 qua
519 2120 554 2178 et
580 2108 655 2199 ipse
677 2104 908 2179 Constantius
936 2106 1062 2191 adluit,
1113 2103 1232 2183 αὐτὸν
1253 2103 1355 2200 παρὰ
1376 2107 1514 2180 ἑαυτοῦ
1537 2104 1631 2236 lc‘yes
1648 2108 1889 2206 βεβρεχίναι,
1915 2111 2095 2210 ἀνάθεμα

79 2220 173 2279 moto
194 2207 304 2278 bello·
318 2207 487 2278 adversus
502 2207 772 2298 Magnentiuur,
798 2208 977 2280 contraria
993 2204 1060 2278 Ni·
1113 2209 1217 2282 ἔστω.
1261 2207 1407 2304 Ἔβρεξε
1426 2203 1502 2308 γάρ
1522 2211 1660 2304 Κυριος
1681 2207 1701 2282 ὀ
1724 2210 1804 2294 υἱὸς
1830 2213 1932 2309 παρά
1959 2215 2094 2312 κυρίου

79 2331 192 2384 cenae.
986 2313 989 2320 ’
1112 2305 1357 2407 τοῦπατρὸς.
1407 2305 1486 2381 Hoc
1508 2323 1574 2380 cst:
1605 2309 1645 2380 si
1664 2313 1744 2403 quis
1767 2310 1850 2385 hoc:
1884 2310 1989 2388 Pleu
2008 2315 2095 2389 Do-
2230 2385 2250 2398 ,

177 2408 391 2502 Sequuntur
417 2407 658 2502 Syrmiensem
693 2410 828 2501 exiguis
863 2408 1061 2482 intervallis
1112 2410 1236 2481 minus
1258 2435 1279 2482 a
1300 2407 1487 2491 Domino,
1517 2433 1591 2478 non
1609 2411 1655 2479 de
1672 2411 1776 2483 Patre
1790 2429 1825 2486 et
1842 2415 1938 2488 Filio
1954 2421 2093 2512 accipit,

80 2507 216 2601 synodi
230 2509 378 2600 impiae:
404 2505 662 2595 Ariminensis,
688 2507 920 2582 Seleuciensis
934 2521 968 2582 et
983 2509 1062 2581 An·
1113 2515 1174 2584 scd
1188 2513 1305 2604 ipsum
1328 2511 1478 2602 aseipso
1502 2508 1634 2600 pluisse
1656 2512 1804 2594 dixerit,
1830 2514 2014 2590 anathema
2038 2523 2094 2593 sit.

79 2607 252 2683 tiochena.
1113 2612 1212 2684 Pluit
1226 2612 1321 2684 enim
1335 2612 1429 2682 lilius
1444 2609 1621 2684 Dominus
1637 2635 1654 2680 a
1673 2626 1772 2702 patre
1788 2611 1956 2696 Domino,

179 2709 334 2784 Occasio
361 2721 479 2782 autem
518 2711 767 2784 convocandae
799 2707 939 2805 Synodi
971 2706 1061 2804 Syr·
1172 2713 1173 2716 ’
1213 2711 1311 2784 Haec
1331 2714 1462 2798 recito,
1488 2713 1571 2806 quia
1596 2713 1807 2798 ostendunt,
1834 2728 1869 2785 et
1883 2729 2092 2790 vetustatem
2204 2731 2205 2736 ’

79 2812 224 2881 miensis
249 2805 335 2882 haec
358 2811 444 2880 fuit:
475 2809 525 2883 Ut
545 2811 654 2880 semel
682 2810 789 2881 motis
821 2813 927 2881 rebus
954 2810 1061 2882 multi
1110 2809 1198 2885 hacc
1212 2813 1305 2887 dicta
1321 2813 1359 2884 iu
1375 2813 1491 2884 Moise
1508 2814 1552 2882 de
1570 2805 1678 2882 Filio
1699 2815 1922 2887 intellexisse.

80 2913 238 3004 exemplo
254 2911 344 2983 fiunt
359 2912 582 2996 audaciores,
603 2927 637 2986 et
658 2934 772 2982 novos
794 2911 966 2982 tumultus
981 2933 1061 2980 mo·
1149 3001 1152 3008 ¹
1212 2914 1354 3006 Agitata
1370 2928 1423 2986 est
1435 2913 1542 2984 etiam
1558 2925 1644 2983 tunc
1660 2915 1819 3006 quaestio
1844 2918 1888 2986 de
1907 2913 1962 2986 bis
1976 2918 2096 2988 modis

79 3027 177 3094 vent,
212 3026 247 3082 et
273 3007 438 3108 ἀναρχία
460 3010 621 3083 concedit
643 3012 843 3094 licentiam,
883 3007 1060 3084 Photinus
1111 3015 1298 3109 loquendi:
1325 3013 1432 3087 Pater
1444 3026 1568 3085 natura
1582 3015 1704 3103 genuit
1726 3015 1857 3103 lilium,
1883 3041 1955 3088 non
1970 3019 2094 3108 genuit

79 3108 293 3204 syrmiensis
309 3109 487 3185 Ecclesiae
502 3112 691 3209 Presbyter
713 3126 749 3185 ct
763 3110 918 3185 Arianos
934 3126 969 3184 et
982 3108 1060 3185 Or·
1111 3118 1311 3199 voluntate,
1337 3115 1460 3202 idest,
1485 3113 1752 3206 contingenter,
1778 3117 1867 3190 sicut
1883 3113 2106 3210 contingen-³

78 3205 256 3282 thodoxos
281 3215 483 3304 vituperare
511 3216 646 3305 coepit,
683 3227 721 3284 st
747 3216 880 3285 abiecta
910 3227 1060 3308 utraque
1110 3209 1355 3290 teccreaturas
1377 3206 1548 3288 condidit
1641 3291 1644 3300 ,
1844 3278 1860 3308 ,

21 3371 22 3374 ,
79 3312 255 3384 sententia
302 3312 489 3381 renovavit
532 3309 789 3401 blasphemiam
825 3313 1060 3382 samosateni.
1212 3315 1266 3385 De
1288 3311 1345 3386 his
1366 3317 1484 3385 modis
1511 3317 1682 3410 loquendi
1713 3333 1832 3391 extant
1855 3323 2096 3408 commonefa-

77 3407 228 3501 Negavit
249 3431 322 3480 esse
343 3411 430 3480 duas
453 3421 598 3480 naturas
613 3410 653 3479 iu
668 3404 813 3480 Christo
826 3422 911 3480 nato
928 3434 969 3479 ex
985 3410 1060 3479 vir-
1110 3411 1245 3485 ctiones
1267 3413 1305 3482 iu
1329 3411 1550 3510 Naxiauzeno
1574 3430 1609 3488 et
1635 3418 1674 3487 in
1689 3419 1928 3510 Longobardo
1943 3420 2037 3490 libro
2056 3423 2090 3493 l.

77 3513 172 3598 gine.
226 3511 279 3582 Ac
294 3504 407 3608 λόγον
421 3509 460 3582 in
477 3506 636 3581 Iohanne
660 3511 911 3605 interpretatus
932 3523 983 3582 est
998 3512 1060 3580 dc-
1110 3511 1202 3587 Dist.
1219 3515 1256 3588 6.

78 3627 214 3684 cretum
239 3614 284 3682 de
304 3611 549 3704 redemptione
570 3609 748 3697 hominis,
778 3625 814 3684 et
835 3612 1060 3685 restitutione
1126 3641 1130 3646 ·
1212 3611 1357 3688 Caetera
1374 3624 1449 3684 acta
1464 3611 1824 3710 syuodiSyrmiensis
1838 3616 1946 3708 impia
1964 3631 2093 3709 otper-

78 3713 171 3784 vitae
195 3727 359 3784 aeternae
385 3737 448 3806 per
470 3708 565 3784 hunc
586 3709 789 3796 hominem,
828 3737 931 3808 quem
955 3714 1057 3784 adid
1110 3712 1245 3789 niciosa
1260 3716 1417 3789 iuuerunt.
1466 3711 1640 3794 Processit
1659 3717 1752 3788 enim
1763 3717 1929 3811 Synodus
1945 3721 1987 3788 ad
2006 3744 2092 3789 con-

79 3814 252 3884 missurus
273 3829 371 3887 esset.
430 3810 478 3885 Et
500 3815 702 3901 contendit,
738 3837 962 3908 nequaquam
987 3838 1060 3885 esse
1110 3815 1318 3891 troversiam
1333 3811 1436 3901 Arii,
1461 3815 1518 3885 cui
1534 3830 1575 3888 ut
1588 3802 1746 3888 humano
1766 3817 1915 3889 consilio
1932 3819 2092 3891 medere-

36 3935 38 3938 ·
82 3909 194 4011 iiyov
217 3907 476 4011 ὑφιστάμενον
483 3965 495 4000 ,
536 3917 600 4010 qui
628 3917 752 3988 luisset
781 3930 970 4012 antequam
999 3910 1060 3986 hic
1114 3935 1193 4006 tur,
1218 3931 1342 3990 conata
1368 3929 1420 3987 est
1434 3916 1575 3988 silentio
1591 3920 1740 3991 obruere
1753 3922 1971 3990 mentionem
1986 3945 2093 3992 voca·
2157 3956 2159 3962 ¹

81 4006 187 4086 homo
204 4011 368 4087 Christus
384 4040 424 4088 ex
442 4015 579 4106 virgine
593 4031 697 4089 natus
712 4030 774 4089 est.
1112 4021 1188 4093 buli
1204 4010 1419 4115 ὅμοσύσιος,
1457 4031 1494 4090 et
1508 4019 1622 4091 voluit
1637 4021 1675 4090 in
1688 4023 1850 4117 symbolo
1864 4022 1949 4112 poni
1965 4016 2093 4114 ὅμοίος

181 4113 268 4186 Fuit
282 4130 398 4188 autem
422 4130 520 4188 tanta
533 4113 682 4189 Photiui
703 4115 936 4206 confidentis,
961 4131 1003 4190 ut
1025 4139 1061 4188 se
1112 4147 1178 4216 pro
1192 4115 1400 4216 ὅμοοῑίσιος.
1449 4117 1557 4190 Hunc
1571 4117 1787 4214 cothurnum
1805 4123 1834 4191 si
1847 4135 1996 4214 utraque
2011 4146 2092 4214 pars

82 4215 198 4286 audiri
214 4241 331 4288 coram
354 4218 430 4310 ipso
446 4217 658 4309 imperatore
672 4215 880 4291 Constantio
902 4220 1062 4312 postula-
1112 4225 1296 4317 acciperet,
1311 4220 1558 4294 existimabant
1571 4221 1767 4314 discordiae
1781 4222 1887 4291 finem
1905 4223 1991 4307 sore,
2007 4224 2092 4315 quia
2184 4218 2186 4224 ’

84 4313 137 4390 rit.
196 4315 357 4388 Aderant
378 4341 418 4387 cx
441 4318 526 4388 Asia
547 4320 726 4412 praecipui
747 4317 935 4418 Episcopi,
967 4323 1062 4392 inter
1112 4339 1262 4420 utraque
1274 4347 1354 4416 pars
1367 4323 1481 4393 filium
1497 4342 1569 4392 esse
1585 4322 1764 4403 fateretur,
1780 4335 1813 4392 et
1828 4323 1972 4415 quidem
1989 4325 2092 4392 simi·

83 4435 171 4507 ροσε
193 4441 273 4487 cum
296 4419 479 4490 excelleret
494 4415 671 4490 Basilius
685 4420 849 4518 Ancyrae
868 4423 911 4492 in
925 4419 1062 4494 Galatis
1113 4429 1182 4498 lem
1206 4426 1317 4520 patri,
1339 4421 1467 4494 omissa
1489 4422 1712 4518 quaestione,
1740 4447 1785 4493 an
1808 4425 1853 4494 sit
1871 4417 2091 4514 dpoosiusoc?

84 4509 277 4612 Episcopus
289 4521 469 4604 Asianus,
493 4513 554 4591 hic
567 4521 737 4594 acerrime
753 4523 919 4595 refutavit
933 4518 1062 4595 Photi-
1113 4525 1329 4617 Subscripsit
1343 4519 1427 4595 huic
1443 4524 1584 4594 decreto
1600 4537 1634 4594 et
1648 4525 1728 4616 pius
1740 4548 1845 4595 senex
1852 4523 1993 4595 Hosius
2000 4522 2092 4596 Cor·

84 4637 181 4695 num.
223 4617 266 4690 lu
283 4645 321 4691 ea
337 4643 440 4693 causa
456 4616 605 4692 Decreta
620 4623 709 4693 lacta
725 4638 809 4695 sunt
823 4624 929 4696 laude
943 4625 1064 4716 digua,
1114 4626 1284 4700 dubensis
1298 4621 1514 4719 Episcopus,
1539 4638 1680 4696 coactus
1693 4639 1734 4698 ut
1748 4639 1913 4708 narrant,
1939 4649 2017 4694 cum
2035 4637 2091 4695 ta·

87 4711 190 4804 Quod
209 4714 318 4820 λόγος
338 4723 383 4792 sit
398 4715 660 4818 ὑφιστάμενος.
711 4721 844 4797 Extant
866 4747 905 4796 ea
923 4726 1064 4801 decreta
1114 4754 1196 4800 men
1216 4745 1317 4799 antea
1343 4725 1524 4796 veritatem
1546 4739 1748 4798 constanter
1764 4727 1985 4797 defendisset.
2039 4723 2090 4796 lta

88 4811 123 4885 in
139 4817 283 4894 socrate
306 4817 538 4912 scholastico,
563 4848 653 4920 quae
677 4824 785 4916 digna
801 4841 884 4901 suut
901 4829 1065 4900 conside·
1114 4832 1305 4903 discessum
1332 4839 1445 4897 estex
1467 4826 1619 4921 syrmio.
1685 4828 1756 4900 sed
1778 4851 1860 4897 mox
1884 4825 2094 4917 ambiguitas

88 4921 231 4993 fellone·
269 4945 271 4950 '
706 4985 719 5004 .
1115 4935 1160 5004 ab
1176 4927 1399 5003 Orthodoxis
1415 4927 1598 5021 repudiata
1615 4943 1678 5015 est,
1692 4929 1788 5022 quod
1804 4929 1973 5000 insidiosa
1993 4941 2092 5000 esset.

1115 5016 1328 5125 Et'semper
1355 5031 1394 5100 in
1423 5030 1583 5101 docendo
1620 5029 1830 5136 ambiguitas
1857 5030 2093 5101 dissensiones
2199 5055 2204 5067 “

1116 5136 1218 5230 parit.

1439 1757 1500 1830 DI.
1550 1759 1777 1876 Dsccsqum.

423 5073 451 5141 1·
500 5076 723 5150 Decretum.

187 5223 237 5295 E’i
262 5245 336 5307 τις,
384 5217 428 5295 τὸ
462 5220 741 5323 Ποιήσωμεν
766 5227 1064 5327 Ἄνθρωπον,
1216 5232 1304 5306 Post
1325 5233 1509 5305 biennium
1524 5228 1754 5304 Constantius
1769 5231 2014 5304 Mediolanum
2032 5251 2094 5297 ve-

93 5315 140 5412 μὴ
155 5319 221 5398 τὸν
234 5319 376 5422 πατέρα
389 5319 481 5420 πρὸς
493 5322 562 5400 τὸν
575 5323 662 5402 υἱὸν
677 5327 812 5430 λέγειν,
840 5327 1065 5407 ditissimis
1117 5337 1188 5421 nit,
1212 5359 1293 5406 cum
1307 5335 1377 5405 iam
1396 5333 1508 5404 uictus
1524 5344 1612 5404 esset
1625 5330 1864 5424 Magnentius.
1914 5329 1964 5402 Ut
1987 5330 2096 5418 igitur

95 5421 179 5508 πρὸς
193 5448 329 5498 εαυτον
348 5449 417 5499 τον
432 5425 528 5500 θεον
542 5453 744 5525 ειρηκεναι,
770 5427 947 5530 ἀνάθεμα
962 5433 1065 5508 ἔσται.
1117 5437 1335 5533 syrmiensis
1351 5436 1489 5507 decreta
1504 5435 1820 5515 confirmarentur,
1847 5431 1997 5504 incitant
2015 5453 2095 5502 cum

138 5521 318 5598 Mensura.
345 5530 450 5601 Orsa.
474 5533 558 5603 voe.
585 5533 663 5604 ΧΠ.
1409 5537 1459 5613 63
