4604 5804
33 291 102 366 att
127 311 130 320 ’

35 483 124 546 mus,
153 479 196 530 ac
213 451 360 544 callim
375 447 445 524 sibi
461 445 556 521 inter
569 408 636 520 nos
650 433 924 523 haereditatem,
956 440 1014 513 cui

35 564 122 636 Deus
136 581 238 632 suam
253 553 450 628 bonitatem
466 549 505 624 in
519 547 619 622 omui
635 547 840 624 aeternitate
855 567 1015 616 commu·

35 665 138 750 nicet,
167 655 301 733 Amen.

419 883 635 984 (LXXII-l.

139 1041 369 1122 GAPlTA
405 1031 899 1118 DISPUTATIONIS

37 1171 76 1242 de
90 1171 287 1255 Ecclesia,
308 1165 486 1254 locaticia,
512 1156 605 1234 Fide
625 1180 673 1231 uc
693 1160 904 1232 ministerio
922 1157 1018 1243 eiust

38 1257 1018 1363 caterotepropositnwit.Bernerctothtero.

37 1372 89 1444 Ad
109 1372 208 1446 dum
229 1378 413 1466 punctum
430 1367 597 1460 Aprilis,
618 1359 863 1458 praesidente
882 1376 1019 1430 sacrae

41 1473 255 1570 Tieotoptue
302 1474 462 1544 Doctore
507 1462 756 1540 Bernardo
805 1462 1019 1557 thtero,

39 1584 258 1668 proponetur
290 1574 342 1648 od
373 1567 651 1664 disputandum
671 1569 776 1640 locus
794 1567 946 1635 laniae
970 1582 1020 1634 ee

37 1681 156 1766 topice
169 1675 235 1752 26.
255 1673 468 1748 cenandum
488 1669 674 1767 quasdam
688 1667 902 1742 sententiaa
916 1665 1020 1737 sutas

69 1788 163 1851 certo
187 1799 350 1854 numero
370 1773 581 1848 thematum
601 1768 909 1866 comprehensos,
940 1773 984 1837 ut

433 1879 618 1970 sequitur.

193 2045 202 2063 ⁸
331 2067 523 2138 teactae
555 2063 719 2148 XXVI.

44 2218 82 2302 ln
104 2235 157 2305 die
183 2235 246 2306 illa
273 2231 474 2304 cantabitur
497 2230 674 2302 canticum
696 2248 831 2298 novum
861 2221 899 2292 in
928 2235 1020 2294 terra

45 2334 134 2418 luda,
181 2351 234 2408 cst
261 2333 368 2404 nobis
400 2331 525 2402 civitas
555 2331 676 2418 firma,
722 2327 871 2398 salutem
903 2323 1022 2416 posuit

47 2431 167 2528 (Deus)
184 2458 308 2508 muros
328 2449 363 2505 et
377 2431 496 2524 copias
513 2427 640 2528 (eius).
690 2423 838 2522 Aperite
853 2439 971 2518 portas
987 2438 1021 2495 et

48 2537 254 2625 ingredietur
278 2559 363 2628 gens
386 2534 497 2618 iusta,
522 2531 723 2604 custodiens
744 2529 863 2602 fidem.
914 2524 1022 2616 Cogi-

50 2638 121 2706 tatio
135 2640 283 2712 suffulta
302 2631 387 2728 (hnc
408 2648 477 2716 est,
510 2633 612 2704 firma
634 2647 668 2704 et
693 2632 857 2714 immota,
888 2628 1022 2699 scilicet

50 2736 147 2832 qnod)
162 2739 322 2810 servabis
337 2760 468 2830 pacem.
503 2733 597 2824 Quia
614 2733 651 2802 in
667 2747 700 2804 te
716 2743 887 2822 speratur.
932 2727 1021 2818 Spe·

49 2851 111 2908 rate
125 2841 161 2908 in
175 2839 335 2911 Domino
350 2839 388 2907 in
406 2851 611 2922 aeternum,
643 2825 727 2927 qnia
749 2833 785 2900 in
810 2845 852 2932 a)
869 2829 945 2904 Deo
970 2842 1022 2899 est

51 2952 132 3026 petra
147 2957 302 3015 aeterna.

405 3105 650 3179 Thenete.

138 3243 167 3319 l.
195 3243 396 3317 Luculenta
412 3218 603 3328 descriptio¹
618 3253 671 3309 cst
686 3233 864 3308 Ecclesiae
879 3235 964 3323 Dei,
988 3249 1023 3308 et

55 3347 245 3432 promissio,
279 3367 369 3438 quae
392 3354 540 3412 testatur
561 3361 764 3407 mansuram
785 3361 858 3406 csse
870 3335 938 3407 Dei
955 3335 1022 3406 Ec·

55 3443 177 3514 clesiam
194 3447 301 3518 etiam
322 3442 510 3515 ruentibus
534 3438 704 3533 imperiis.
761 3435 838 3507 llac
861 3438 1021 3508 consala-

56 3543 137 3612 tione
154 3561 186 3617 et
199 3562 287 3620 tunc
300 3540 478 3638 Propheta
506 3541 581 3634 ipse
608 3555 644 3612 et
666 3539 726 3610 alii
749 3539 800 3632 pii
822 3563 858 3608 sc
883 3552 1021 3609 susten-

55 3645 172 3730 tabant,
197 3665 232 3722 et
246 3672 313 3720 nos
326 3646 366 3717 in
384 3644 489 3718 tantis
502 3642 715 3716 tumultibus
732 3663 920 3732 regnorum
936 3666 1022 3711 con-

57 3743 216 3821 firmemus
229 3772 316 3840 nos,
342 3772 387 3817 ne
402 3745 506 3816 fracti
520 3742 764 3835 desperatione
784 3741 942 3814 studium
957 3743 1022 3812 do-

58 3850 146 3916 cendi
168 3865 202 3921 et
221 3849 383 3922 discendi
398 3844 585 3936 Evangelii
600 3843 817 3916 abiiciamus·
870 3841 955 3913 Ideo
972 3845 1022 3914 sic

59 3949 180 4020 orditur
189 3948 387 4046 Propheta:
405 3948 466 4018 ''ln
481 3949 537 4018 die
554 3947 614 4017 illa
631 3945 832 4034 cantabitur
847 3945 1021 4016 canticum

59 4067 174 4120 novum
193 4054 231 4124 in
249 4049 453 4127 terralnda.
493 4047 534 4120 ld
551 4062 613 4131 est,
638 4043 707 4120 hoc
723 4047 912 4133 canticum,
924 4042 1024 4125 obanc

61 4154 320 4226 consolationem
348 4166 548 4236 teneamus,
581 4174 785 4223 mansuram
808 4173 881 4221 esse
900 4145 1023 4220 Eccle-

61 4246 132 4320 siam
147 4251 223 4325 Dei.
518 4257 524 4266 '

541 247 592 332 f
660 245 922 349 incoram
962 258 1413 346 unusnanotvts.
1544 370 1546 378 Ι

1975 273 2053 348 618

1066 461 1146 512 eum
1160 437 1429 531 promissiones,
1455 435 1489 505 et'
1511 429 1575 510 bas
1594 457 1755 521 oervecc,
1778 453 1814 514 et
1828 434 1896 512 hac
1911 442 1981 512 title
1994 443 2052 514 in..

1067 541 1266 612 vocandum
1283 561 1374 624 esse,
1399 549 1465 608 etc.

1170 637 1239 714 lll.
1271 638 1313 712 ln
1327 633 1394 708 bac
1409 638 1616 711 delinitione
1630 654 1769 715 tentum
1787 656 1973 734 ponuntur
1993 669 2051 716 re-

951 723 954 733 ’
1068 741 1164 828 nati,
1204 741 1295 814 sicut
1318 734 1451 832 Ephas.
1466 735 1520 816 5.:
1550 723 1745 814 Ecclesiam
1766 767 1842 814 uon
1862 737 2051 822 habentem

937 887 940 894 -
1068 842 1254 914 maculam.
1288 838 1394 914 Nam
1402 839 1557 932 Spiritus
1574 857 1713 918 sauctus
1728 844 1889 939 loquitur
1903 847 1948 918 de
1962 848 2051 922 vivis
2141 895 2167 921 ι.

1068 945 1250 1016 membris.

1172 1041 1235 1122 lV.
1268 1039 1319 1116 Et
1335 1057 1455 1115 tamen
1470 1039 1558 1116 baec
1580 1046 1656 1138 ipsa
1675 1058 1878 1118 renatorum
1895 1043 2053 1123 Ecclesia

1069 1169 1245 1240 nusquam
1261 1145 1466 1224 collocanda
1482 1160 1552 1230 est,
1585 1147 1655 1217 nisi
1681 1148 1722 1216 in
1737 1144 1896 1218 Ecclesia
1920 1151 2053 1222 visibili

1070 1263 1294 1334 vocatorum,
1327 1247 1424 1318 iuxta
1443 1247 1532 1318 illud
1557 1247 1678 1320 Pauli:
1712 1246 1814 1337 Quos
1833 1251 1955 1340 elegit,
1986 1249 2052 1326 hos

1071 1362 1106 1421 et
1122 1349 1275 1426 vocavit.

1175 1448 1221 1524 V.
1261 1448 1411 1538 Quoties
1431 1449 1475 1520 de
1497 1445 1655 1530 Ecclesia
1679 1451 1892 1540 cogitamus,
1934 1457 2053 1530 veniat

1070 1553 1111 1624 in
1126 1566 1279 1624 mentem
1294 1544 1581 1622 buiusPaulinae
1595 1552 1707 1621 vocis:
1732 1550 1834 1640 Quos
1848 1553 1965 1645 elegit,
1988 1552 2054 1630 bos
2148 1553 2154 1566 ⁸

1071 1652 1223 1726 vocavit.
1271 1649 1373 1722 Nulli
1396 1666 1481 1724 sunt
1503 1654 1605 1724 electi
1629 1653 1699 1722 nisi
1725 1653 1762 1720 in
1786 1669 1888 1726 coetu
1910 1673 2056 1730 vocato·

1072 1777 1163 1826 rum.
1217 1753 1310 1827 Sunt
1326 1766 1443 1824 autem
1459 1755 1574 1825 vocati
1586 1755 1786 1838 audientes,
1811 1756 2002 1845 discentes,
2020 1773 2076 1831 et-

1072 1856 1276 1949 prolitentes
1304 1877 1431 1946 puram
1457 1852 1644 1944 Evangelii
1672 1857 1882 1932 doctrinam.
1947 1858 2054 1932 Nulla

1073 1970 1168 2028 extra
1185 1951 1283 2028 hunc
1299 1969 1438 2026 coetum
1461 1957 1608 2043 electio,
1628 1957 1728 2028 nulla
1748 1957 1965 2031 illuminatio
1986 1962 2055 2031 lin-

1072 2071 1186 2149 gatur.
1238 2057 1308 2130 Sed
1323 2059 1475 2128 sciamus
1490 2059 1528 2128 in
1545 2054 1613 2128 hoc
1628 2071 1730 2130 coetu
1743 2072 1949 2135 vocatorum
1963 2083 2055 2132 sem·

1072 2184 1135 2250 per
1149 2159 1287 2253 aliquos
1303 2181 1376 2230 esse
1391 2158 1528 2230 electos.
1578 2157 1675 2230 Haec
1697 2181 1823 2248 magna
1845 2161 1913 2252 piis
1929 2185 2056 2258 conpo-

1073 2261 1161 2333 latio
1183 2276 1255 2346 est,
1288 2274 1323 2336 et
1344 2279 1404 2330 eus
1425 2261 1575 2345 invitat,
1603 2275 1645 2334 ut
1668 2283 1705 2330 se
1727 2261 1771 2330 ad
1794 2256 1891 2334 bunc
1916 2277 2055 2335 coetum
2114 2303 2120 2320 =

1073 2375 1277 2434 vocatorum
1304 2361 1519 2451 adiungam,
1556 2357 1654 2432 hunc
1679 2362 1841 2444 foveant,
1881 2387 1963 2450 curn
1986 2361 2055 2442 bec
2143 2407 2147 2418 ·

1072 2463 1189 2536 Deum
1211 2464 1390 2534 invocent.

1174 2563 1239 2638 Vl.
1262 2561 1399 2638 Multae
1413 2564 1604 2636 traduntur
1616 2560 1860 2636 distinctiones
1875 2566 1919 2638 de
1931 2562 2056 2638 Eccle-

1073 2667 1144 2753 sia,
1166 2667 1335 2737 obscurae
1354 2679 1389 2736 et
1412 2666 1591 2740 interdum
1612 2677 1780 2756 tanquam
1804 2667 1919 2736 ideam
1934 2665 2054 2740 Plato·

1074 2769 1188 2840 nicam
1204 2765 1458 2847 describentes,
1483 2768 1543 2836 sed
1559 2767 1659 2858 pium
1672 2779 1708 2835 et
1723 2790 1845 2838 verum
1859 2781 1923 2852 cst,
1943 2792 2053 2840 unam

1073 2869 1146 2940 dici
1170 2847 1364 2949 Eccldsiam
1387 2881 1525 2938 coetum
1547 2879 1749 2938 vocatorum
1771 2868 1956 2940 visibilem.
2009 2867 2052 2942 ln

1075 2994 1146 3065 quo
1162 2969 1299 3041 etiamsi
1316 2991 1442 3058 magna
1456 2969 1560 3039 turba
1581 2981 1633 3040 est
1653 2991 1726 3037 non
1749 2979 1974 3056 renatorum,
1998 2985 2052 3042 ta-

1074 3095 1156 3142 men
1179 3071 1218 3140 in
1238 3067 1309 3140 hoc
1328 3071 1403 3141 solo
1425 3077 1633 3155 coetu'sunt
1668 3072 1782 3140 renati
1815 3083 1850 3142 et
1878 3068 2046 3144 haeredes

1075 3175 1168 3247 vitae
1185 3185 1357 3244 aeternae.
1398 3211 1403 3222 ·

1177 3271 1258 3344 vlt.
1299 3271 1379 3344 Etsi
1407 3286 1580 3365 quaemnt
1610 3269 1679 3342 viri
1707 3271 1843 3362 politici
1862 3267 2055 3346 Ecclesiam

1074 3373 1226 3446 similem
1239 3373 1400 3466 imperiis
1417 3373 1560 3458 mnndi,
1588 3395 1678 3466 quae
1700 3369 1835 3442 babent
1856 3397 1967 3446 unum
1989 3379 2055 3448 eli·

1074 3498 1180 3570 quem
1207 3475 1404 3566 principem
1429 3473 1624 3558 visibilem,
1662 3473 1876 3544 instructum
1896 3479 2053 3566 potentia

1075 3590 1109 3649 et
1124 3575 1329 3669 praesidiis,
1352 3587 1387 3644 et
1406 3573 1544 3663 legibus
1566 3597 1607 3644 ac
1628 3574 1756 3646 ritibus
1777 3575 2053 3668 distinguentem

1074 3703 1178 3751 sctum
1194 3687 1332 3748 coetum
1349 3700 1370 3746 a
1385 3675 1530 3746 caeteris
1544 3677 1679 3764 regnis,
1703 3690 1743 3749 ut
1756 3675 1946 3768 imperium
1963 3695 2053 3770 pon·-
2131 3681 2134 3688 '

1074 3780 1221 3852 cilicium
1238 3781 1282 3850 ad
1297 3773 1390 3849 banc
1402 3771 1641 3848 bumanorum
1656 3777 1887 3870 imperiorum
1901 3781 2053 3852 sormam
2130 3858 2135 3870 ‚

1074 3882 1307 3954 constitutum
1325 3892 1395 3958 est,
1419 3893 1539 3950 tamen
1556 3876 1714 3950 Ecclesia
1729 3879 1881 3950 visibilis
1903 3903 1964 3952 seu
1988 3907 2053 3952 vo·

1074 3997 1252 4064 catorum,
1280 3993 1344 4054 ,est
1364 3978 1547 4070 dissimilis
1567 3979 1726 4070 imperiis
1742 3983 1879 4054 muudi.
1938 3981 2055 4058 Habet
2143 3963 2151 3982 .

1075 4099 1179 4177 caput
1199 4079 1401 4168 Christum,
1437 4094 1471 4151 ct
1496 4081 1659 4172 colligata
1680 4096 1732 4156 est
1749 4107 1836 4154 voce
1857 4096 1893 4155 et
1916 4087 2054 4155 confess
2101 4165 2106 4178 .
2179 4079 2190 4090 '

1075 4188 1174 4256 sione
1188 4179 1392 4274 Evangelii,
1417 4195 1548 4284 etcum
1572 4182 1713 4254 sicsine
1735 4178 1899 4256 humanis
1921 4188 2053 4278 praesi-

1076 4288 1164 4374 diis,
1194 4286 1406 4357 mirabilitcc
1426 4297 1586 4356 servatur
1606 4283 1716 4372 aDea
1736 4287 1905 4356 omnibus
1929 4290 2054 4360 aetati-

148 4387 194 4464 11.
246 4389 373 4483 Qualis
403 4398 521 4460 antem
555 4399 675 4458 coetus
699 4386 775 4457 est?
814 4379 879 4456 Est
900 4377 1025 4453 civitas
1076 4391 1154 4462 bns.
1212 4387 1271 4459 Sic
1294 4383 1453 4458 inlesaia
1474 4386 1604 4456 dicitur
1624 4385 1828 4478 capitata:
1854 4385 2055 4478 Quigasta.

63 4483 179 4574 limas·
203 4494 304 4564 culus
325 4491 419 4564 muri
441 4499 524 4560 ⁸⁰⁰1
544 4489 659 4570 talus,
700 4489 738 4556 ln
764 4509 870 4579 quam
894 4485 1024 4575 apertis
1076 4490 1165 4562 mini
1192 4487 1231 4559 in
1254 4501 1355 4560 utero
1373 4509 1465 4560 mco.
1516 4486 1762 4559 senescentem
1776 4484 1968 4560 Ecclesiam
1989 4482 2088 4579 ego'

64 4589 158 4666 nortis
185 4593 382 4693 ingreditur
413 4613 498 4682 gens
529 4590 638 4674 iusta,
676 4586 877 4662 custodiens
905 4587 1024 4660 fidem.
1071 4588 1442 4684 portabo‚'egofeci,
1466 4589 1707 4678 agapetum),
1729 4590 1963 4678 egomlvaho,
2006 4588 2054 4662 Et
2088 4638 2096 4665 ,

64 4677 146 4760 llaec
157 4695 310 4768 delinitio
325 4696 446 4766 dextre
462 4691 639 4762 intellecta
655 4705 749 4776 recte
771 4687 939 4760 describit
953 4683 1026 4758 Ec·
1078 4717 1153 4784 cap.
1170 4691 1247 4768 51.:
1273 4689 1383 4761 Posui
1397 4690 1505 4762 verba
1518 4713 1596 4762 mea
1622 4690 1665 4767 in
1681 4712 1743 4760 ore
1763 4703 1844 4774 tuo,
1873 4703 1908 4765 et
1930 4694 2056 4764 umbra

67 4785 205 4880 etesium,
245 4811 281 4869 et
310 4795 477 4869 convenit
506 4817 587 4866 cum
619 4793 714 4886 dicto
742 4790 891 4862 Psalmi:
928 4787 1026 4860 llaec
1077 4787 1527 4884 manusmeaeprotexite,
1549 4803 1589 4863 ut
1606 4790 1950 4884 plantescoelosetc·
1987 4792 2057 4868 llic

68 4893 336 4985 tentabamini,
370 4897 456 4969 iusti
473 4895 662 4968 intrabunt
687 4895 724 4964 in
744 4917 833 4970 eam.
891 4887 1026 4985 Estque
1079 4919 1220 4990 qnoque
1235 4894 1379 4966 deducit
1394 4890 1596 4964 naslesaias
1610 4887 2058 4980 adEcclesiam.visibilem,

69 4996 237 5069 sententia:
261 4997 419 5072 Ecclesia
429 5009 487 5084 ,est
500 5010 641 5081 coetus,
665 5019 769 5091 quem
783 4993 880 5064 Deus
900 5005 1027 5078 servat,
1079 4998 1118 5066 in
1142 5019 1213 5089 qua
1234 5010 1338 5067 sonat
1362 5019 1429 5066 vor
1452 4990 1652 5082 Evangelii.
1707 4990 1791 5066 ldeo
1813 4995 1915 5068 dicit:
1949 4997 2057 5070 Posui

70 5105 191 5166 vocatus
206 5093 679 5192 praedicationeEvangelii,
702 5097 816 5168 iustus
831 5119 871 5166 ac
885 5096 1027 5186 placens
1080 5099 1188 5168 verba
1204 5119 1282 5168 mea
1297 5097 1336 5166 in
1352 5115 1412 5168 ore
1426 5109 1499 5168 tuo.
1550 5089 1597 5166 Et
1614 5090 1704 5164 banc
1724 5095 1899 5173 divinitus
1912 5099 2057 5171 defendi

71 5177 149 5277 1³⁹⁰.
171 5203 366 5276 custodiens
379 5189 501 5282 tidem,
527 5198 650 5280 idest,
675 5221 937 5289 assensumque
952 5220 1027 5266 am·
1059 5199 1211 5295 inquit.

73 5285 469 5388 destituerenimis,
495 5295 563 5370 boc
578 5312 645 5386 est,
672 5324 755 5371 vere
769 5299 932 5380 credens,
954 5320 1028 5368 esse

1180 5295 1283 5372 Vlll.
1323 5295 1422 5377 ldent
1445 5297 1524 5371 vult
1545 5292 1674 5370 lesaias
1699 5297 1737 5372 in

73 5375 196 5486 Deum„
224 5428 295 5481 esse
317 5405 351 5478 ei
373 5425 478 5478 curae
504 5423 614 5494 genus
642 5395 858 5488 humanum,
891 5400 1028 5472 dedisse
1079 5395 1240 5476 Ecclesia
1255 5399 1441 5472 estcivitas
1460 5396 1587 5573 ἓὲωε,
1610 5400 1712 5474 cuius
1733 5294 1829 5480 calliaci
1851 5299 2060 5488 ibbllbazlfius,

1518 5506 1537 5552 a
