4726 5828
218 275 293 352 aar
765 254 956 372 ‘ouon
986 259 1063 336 uu
1093 256 1328 337 senona
1361 179 1680 340 aosuocu.¹
2176 261 2254 342 cos

225 449 449 536 releguntur,
481 449 522 509 ut
551 434 671 507 omnia
703 432 799 504 inter
826 432 1099 504 examinandum
1130 457 1212 504 cum
1265 455 1346 502 curu
1376 433 1596 504 doctioribus
1624 457 1666 503 ex
1695 431 1863 504 studiosis
1884 433 2036 504 laureae.
2088 431 2256 525 Quorum

226 545 422 641 praeceptis
432 537 603 610 enarratis
613 537 802 624 diligenter
813 534 1054 619 conterantur,
1074 549 1111 605 ut
1127 540 1215 607 ado·
1266 534 1411 627 quidam
1432 535 1471 602 in
1494 534 1717 624 disciplinam
1740 536 2043 626 praeceptoribus,
2066 551 2257 629 parentum

225 652 395 721 lescentes
421 643 466 712 ad
489 639 542 710 rei
563 636 824 708 Grammaticae
848 649 882 706 et
901 633 1051 706 Latinae
1073 636 1214 727 linguae
1264 635 1454 705 autoritate
1468 648 1553 705 sunt
1568 635 1708 720 traditi,
1732 647 1767 704 et
1784 637 1951 727 privatim
1969 639 2195 719 exercentur,
2220 653 2258 712 et

227 747 467 839 coguitionem
483 763 557 810 uon
573 739 655 809 satis
671 737 853 818 instructi,
880 736 919 804 in
933 748 1082 828 utraque
1094 761 1134 806 re
1148 737 1216 806 ali·
1264 748 1455 822 reguntur,
1481 759 1632 829 quorum
1650 737 1765 808 studia
1781 751 1817 808 et
1832 761 1948 807 morea
1963 761 1983 808 a
1998 740 2136 830 privata
2149 741 2260 810 disci-

227 873 333 946 quem
356 865 581 939 progressum
602 840 716 908 lacere
738 849 919 926 cogantur·
979 836 1094 922 Tum,
1117 839 1215 931 quod
1263 836 1363 926 plina
1386 860 1462 906 nou
1484 850 1568 907 sunt
1590 838 1753 929 exempti.
1810 834 1862 908 At
1884 840 2032 925 caeteri,
2060 843 2122 935 qui
2144 842 2259 912 nullis

229 951 355 1023 attinet
376 947 421 1015 ad
443 939 625 1032 religionis
646 940 821 1023 studium,
847 935 970 1010 damus
984 962 1144 1028 operam,
1170 961 1215 1008 ne
1264 938 1304 1006 in
1313 933 1444 1008 Schola
1459 949 1542 1008 suut
1556 939 1843 1029 praeceptoribus
1859 943 2114 1027 commendati,
2140 937 2260 1014 etho-

228 1047 431 1124 Christiaua
453 1057 486 1114 et
501 1066 582 1114 vere
604 1041 661 1132 pia
673 1040 867 1111 iuventutis
883 1039 1059 1110 institutio
1074 1052 1216 1109 nostrae
1265 1051 1363 1108 ueste
1394 1039 1541 1123 vivunt,
1576 1051 1611 1109 et
1641 1031 1791 1110 Schulae
1823 1034 1954 1110 honori
1981 1055 2015 1112 et
2043 1056 2257 1114 ornamento

229 1147 380 1225 Scholae
395 1146 497 1217 desit.
537 1142 628 1212 Nam
643 1156 801 1233 tempora
816 1163 906 1233 quae
919 1141 1035 1211 solent
1049 1141 1088 1210 in
1103 1136 1217 1211 Scho-
1263 1152 1365 1225 sunt,
1397 1153 1432 1210 et
1455 1139 1708 1231 condiscipulis
1728 1141 1901 1213 virtutum
1925 1144 2092 1234 exemplis
2115 1145 2260 1236 praelu-

229 1254 277 1324 lis
299 1249 461 1339 religiose
483 1242 699 1329 constitutis,
724 1242 920 1332 cognitioni
934 1238 1022 1332 Dei,
1049 1254 1083 1311 et
1098 1264 1217 1312 sacrae
1264 1251 1362 1326 cent,
1388 1235 1427 1311 hi
1447 1263 1563 1334 neque
1584 1241 1623 1308 iu
1637 1236 1789 1313 Scholae
1804 1245 1907 1312 aedes
1922 1259 2113 1333 coguntur,
2139 1269 2260 1338 neque

231 1351 444 1443 scripturae,
468 1346 686 1418 tribuuntur.
736 1341 880 1414 Praeter
894 1346 1001 1413 festos
1017 1343 1113 1412 enim
1129 1343 1216 1423 dies,
1264 1343 1310 1410 ad
1327 1337 1423 1426 haec,
1448 1365 1566 1435 neque
1580 1343 1624 1411 ad
1641 1341 1704 1412 illa
1719 1345 1886 1414 discenda
1898 1345 2036 1434 legibus
2047 1348 2260 1432 excitantur,

233 1455 296 1548 qui
317 1451 383 1522 toti
404 1447 444 1520 iu
464 1445 673 1518 tractatione
695 1467 813 1514 rerum
830 1467 1008 1516 sacrarum
1025 1458 1218 1536 ponuntur,
1265 1443 1325 1512 sed
1341 1441 1495 1513 liberum
1503 1442 1732 1536 relinquitur,
1759 1468 1828 1539 qua
1836 1445 1874 1514 in
1885 1461 1984 1537 parte
1992 1441 2259 1539 Philosophiae,

233 1556 308 1624 dies
321 1548 494 1621 Mercurii
515 1560 549 1617 ct
564 1544 710 1616 Saturni
728 1545 857 1636 partim
872 1547 912 1614 in
926 1546 1217 1636 interpretatione
1266 1560 1327 1614 aut
1350 1543 1388 1612 in
1414 1567 1486 1636 quo
1505 1543 1688 1614 doctrinae
1702 1567 1830 1635 genere
1848 1547 2027 1617 voluerint
2041 1570 2079 1617 se
2096 1571 2260 1618 exercere

4 1633 16 1642 “
131 1679 135 1698 ¹
232 1647 480 1734 Catacheseos‚
513 1648 640 1739 partim
662 1647 704 1714 in
725 1646 898 1716 exercitiis
920 1647 1002 1740 styli
1025 1661 1060 1716 et
1081 1669 1217 1715 memo·
1266 1657 1300 1714 et
1335 1644 1533 1725 elaborare,
1574 1658 1616 1716 ut
1645 1645 1798 1736 ingeniis
1824 1647 1983 1718 liberalis
2011 1649 2195 1721 doctrinae
2220 1663 2260 1720 et

232 1755 309 1828 riae
323 1763 592 1824 consumuntur.
643 1744 741 1817 Haec
752 1761 870 1833 aetas,
895 1749 990 1839 quod
1007 1748 1076 1818 sibi
1091 1769 1217 1838 parum
1266 1741 1460 1815 honestatis
1475 1745 1640 1817 studiosis
1655 1747 1801 1834 dignum
1819 1748 2049 1820 existimatur.

233 1854 405 1938 consulit,
429 1851 565 1942 legibus
585 1850 630 1917 ad
646 1861 761 1940 partes
777 1847 975 1933 ediscendi,
1001 1862 1036 1918 et
1051 1847 1218 1918 exercita·
1369 1843 1448 1915 Hoc
1467 1847 1613 1929 ordine,
1640 1859 1674 1918 et
1697 1843 1763 1918 hac
1784 1850 1923 1920 ratione
1937 1849 2095 1918 discendi
2113 1847 2260 1939 publice

232 1957 342 2028 tionis
357 1951 487 2024 montis
500 1949 727 2038 astringitur,
753 1962 789 2018 et
802 1973 913 2041 poena
929 1951 1123 2019 desertores
1141 1947 1218 2018 oili·
1266 1948 1463 2039 propositas,
1486 1960 1519 2017 et
1532 1947 1681 2036 legibus,
1706 1948 1836 2040 quibus
1850 1951 2036 2020 necessitas
2050 1950 2260 2018 adolescen-

233 2057 298 2142 cii,
322 2079 403 2126 cum
419 2051 606 2122 necessitas
621 2050 786 2142 requirit,
811 2051 855 2119 ad
873 2074 974 2120 suum
991 2072 1139 2142 pensum
1156 2048 1219 2117 ab·
1268 2049 1336 2118 tiae
1359 2048 1414 2116 sui
1434 2047 1541 2117 officii
1557 2048 1695 2118 colendi
1712 2050 1910 2140 imponitur
1926 2049 1963 2117 in
1980 2050 2147 2120 omnibus
2163 2047 2260 2119 Aca-

234 2153 444 2230 solvendum
469 2151 732 2222 extimulantur.
786 2149 833 2222 Ut
850 2151 945 2220 enim
963 2151 1056 2220 bona
1074 2149 1220 2220 uomina
1268 2148 1405 2217 dcmiae
1442 2148 1587 2218 aedibus
1625 2149 1766 2240 publice
1803 2149 1899 2227 fixis,
1946 2148 2156 2219 incredibile
2192 2164 2261 2234 est,

174 2268 178 2283 ²
234 2282 310 2329 uon
347 2253 538 2346 appellata,
579 2273 681 2340 saepe
717 2250 807 2320 mala
844 2251 951 2321 fiuntc
991 2251 1041 2320 sic
1069 2264 1103 2318 et
1133 2250 1220 2318 ado-
1269 2261 1443 2342 quantus,
1475 2261 1510 2318 et
1538 2273 1644 2340 quarn
1674 2250 1796 2319 varius
1824 2249 2026 2320 animorum
2061 2262 2180 2321 motus
2211 2251 2261 2320 sit

156 2362 158 2368 ’
234 2356 401 2428 lesceutia
425 2353 457 2424 si
478 2375 554 2422 non
575 2352 746 2423 excitetur
762 2351 974 2445 aliquando,
999 2349 1221 2422 sacilcollicii
1270 2362 1487 2419 consecutus.
1547 2346 1637 2445 Nam
1660 2349 1806 2420 iuvenes
1827 2351 1949 2420 indole
1971 2351 2112 2423 liberali
2132 2362 2166 2420 et
2190 2373 2261 2420 na-

236 2457 468 2531 obliviscitur.
780 2509 785 2516 .
1269 2464 1349 2521 tura
1372 2450 1478 2541 paulo
1501 2451 1723 2540 generosiore
1741 2452 1893 2542 praediti
1902 2501 1915 2537 ,
1947 2475 1983 2522 se
2000 2445 2067 2521 hac
2082 2451 2260 2522 constitu-

337 2550 1221 2642 StudiosislaureaeDialccticaetRhetoricaprae-
1270 2551 1367 2620 tione
1389 2565 1423 2620 et
1443 2551 1631 2641 disciplina
1652 2575 1727 2621 nou
1753 2552 1980 2623 mediocriter
2003 2553 2190 2638 delectari,
2223 2563 2260 2623 et

237 2673 337 2753 cepta
364 2657 530 2750 privatim
550 2657 759 2738 traduntur,
791 2677 917 2723 verum
938 2655 1008 2739 ita,
1038 2647 1079 2724 ut
1100 2651 1221 2722 Diale·
1271 2675 1351 2720 vere
1372 2653 1543 2741 gaudere,
1573 2654 1689 2722 statim
1711 2677 1776 2722 uec
1797 2653 1979 2742 ambigue,
2010 2677 2075 2723 uec
2097 2651 2260 2738 obscure,

236 2763 342 2836 ctices
354 2756 556 2850 explicatio,
572 2757 697 2852 aliquo
713 2755 883 2846 temporis
896 2755 1094 2840 intervallo,
1119 2748 1221 2826 Rhe·
1269 2754 1329 2822 sed
1347 2765 1466 2843 aperte
1482 2766 1517 2824 et
1531 2753 1624 2822 clare
1637 2755 1905 2844 profitebantur.
1941 2753 1990 2826 At
2006 2755 2133 2844 vulgus
2142 2749 2258 2825 Scho-

237 2863 365 2932 torices
395 2857 622 2930 traditionem
650 2849 850 2940 antecedat,
884 2879 973 2948 quae
996 2879 1015 2926 a
1041 2854 1222 2943 Magistris
1270 2853 1492 2948 lasticorum,
1519 2855 1581 2944 qui
1613 2850 1777 2942 pulchra,
1810 2867 1845 2924 et
1877 2850 2022 2927 honesta
2051 2877 2116 2924 nec
2144 2856 2259 2947 sequi,

238 2987 319 3032 cum
341 2959 522 3049 discipulis
543 2971 640 3028 tanta
662 2959 730 3025 fide
753 2970 786 3026 et
803 2957 987 3045 diligentia
1004 2969 1222 3045 repetuntur,
1272 2979 1335 3021 nee
1358 2968 1476 3024 tenere
1498 2953 1715 3036 didicerant,
1740 2978 1892 3048 quorum
1910 2956 1972 3024 alii
1986 2956 2258 3048 aliiscupidita-

238 3076 278 3132 ut
292 3086 330 3132 ea
345 3061 456 3129 velint
471 3059 599 3141 uoliut,
626 3059 759 3127 discere
772 3071 953 3144 cogantur.
1006 3055 1152 3124 Publice
1166 3054 1221 3122 bis
1272 3054 1387 3138 tibus,
1431 3065 1465 3122 et
1492 3053 1592 3121 malis
1621 3055 1756 3125 artibus
1784 3056 1956 3127 inservire
1985 3070 2085 3127 erant
2115 3057 2259 3142 assueti,

240 3165 411 3233 elementa
431 3153 707 3240 Mathematum,
732 3170 773 3227 ut
794 3151 1047 3238 Arithmetica,
1074 3149 1223 3245 Spheri-
1271 3155 1376 3222 {idern
1393 3176 1533 3222 omnem
1548 3155 1700 3238 excedit,
1721 3179 1827 3248 quam
1844 3153 1936 3227 hane
1951 3159 2159 3249 disciplinae
2174 3180 2259 3227 mu·

240 3287 301 3334 cae
329 3259 571 3354 quaestiones,
605 3271 640 3328 et
669 3255 923 3326 alia'eiuadem
951 3257 1105 3345 generis,
1138 3256 1222 3323 item
1272 3255 1457 3339 tationem,
1492 3267 1526 3324 et
1553 3269 1624 3326 tam
1653 3272 1809 3328 sanctam
1839 3259 1945 3328 officii
1968 3283 2086 3329 curam
2109 3259 2258 3346 indigne

242 3363 377 3434 Graeca
407 3375 441 3431 et
472 3358 600 3432 Latina
626 3358 773 3448 scripta,
799 3358 949 3426 maxime
979 3354 1178 3439 Ciceronis,
1204 3379 1222 3424 e
1273 3354 1439 3436 tulerint,
1471 3369 1505 3426 et
1526 3357 1679 3446 graviter
1697 3359 1910 3448 acceperint,
1943 3361 2005 3451 qui
2028 3359 2147 3429 statim
2166 3382 2258 3440 ‚con-

242 3464 372 3557 quibus
383 3484 487 3532 usum
502 3461 633 3530 artium
647 3459 842 3528 disserendi
858 3459 987 3529 rectius
1001 3470 1223 3548 cognoscant,
1273 3479 1432 3538 currere,
1457 3457 1570 3546 capita
1587 3459 1767 3547 conferre,
1793 3471 1827 3528 et
1844 3461 1994 3529 multum
2010 3459 2155 3530 interae
2170 3483 2258 3528 con-

240 3581 275 3636 et
289 3588 425 3648 rerum,
448 3575 483 3632 et
497 3562 628 3633 latinae
642 3561 783 3648 linguae
799 3559 967 3630 maiorem
984 3557 1223 3648 cognitionem
1273 3579 1455 3626 susurrare
1477 3571 1664 3647 ceperunt,
1696 3570 1730 3628 et
1752 3559 1891 3644 omnia,
1921 3561 1985 3628 etsi
2006 3573 2097 3630 recte
2123 3561 2258 3648 consti-

241 3667 311 3738 sibi
333 3678 475 3758 parcnt,
508 3663 771 3754 praeleguntur.
829 3658 878 3727 Hi
901 3660 1028 3750 partim
1053 3655 1223 3748 Epistolis
1274 3670 1368 3741 tuta,
1391 3670 1425 3727 ct
1446 3656 1485 3724 in
1506 3680 1581 3726 rem
1604 3671 1638 3729 et
1659 3659 1698 3727 in
1721 3660 1867 3730 salutem
1883 3660 2040 3751 ipsorum
2057 3676 2156 3733 eraut
2172 3685 2259 3752 pro-

243 3766 461 3849 scribendis,
497 3764 625 3855 partim
655 3762 970 3833 declamationibus
996 3774 1031 3830 et
1062 3761 1223 3850 disputa-
1273 3759 1408 3849 posita,
1432 3771 1551 3836 tamen
1572 3759 1609 3826 in
1632 3761 1941 3851 peiorempartem
1960 3785 2100 3852 rapere,
2127 3776 2259 3852 etpos-

129 3879 133 3884 '
242 3865 401 3937 tionibus
422 3877 635 3933 exercentur.
687 3858 762 3949 Qui
776 3864 820 3930 ad
836 3885 898 3930 sua
915 3861 1027 3931 olficia
1043 3873 1222 3951 praestan·
1273 3861 1361 3928 sime
1383 3859 1627 3948 interpretari,
1656 3873 1698 3930 ut
1720 3861 1806 3930 tales
1829 3858 2074 3955 Sycophantae
2093 3877 2128 3933 et
2149 3863 2259 3933 levis-

244 3969 308 4047 da,
334 3979 368 4037 et
387 3967 430 4034 ad
449 3965 578 4033 munus
595 3962 843 4054 perseverandi
859 3962 896 4030 in
914 3961 973 4046 iis,
1000 3963 1043 4031 ad
1062 3960 1223 4054 quaedi-
1274 3959 1355 4030 simi
1385 3955 1594 4029 homunculi
1626 3963 1760 4040 solent,
1790 3986 1811 4031 a
1840 3986 1991 4053 quorum
2016 3963 2190 4052 genuino,
2223 3979 2259 4036 et

243 4068 371 4138 scenda
392 4078 629 4147 accesserunt,
658 4077 698 4134 ut
719 4064 933 4154 superiores,
965 4057 1115 4134 Scholae
1135 4061 1223 4150 legi-
1274 4081 1412 4146 morsu,
1437 4060 1554 4130 nescio
1574 4085 1621 4130 au
1643 4062 1757 4132 ullum
1780 4061 1910 4133 lactum
1926 4064 2010 4133 satis
2023 4078 2140 4134 tutum
2155 4087 2261 4154 repe-

240 4172 308 4239 bus
325 4181 359 4238 et
373 4166 510 4235 statutis
524 4165 725 4253 alligantur.
774 4161 863 4233 Nam
879 4163 1010 4232 iudicio
1025 4164 1222 4253 sapientum
1273 4161 1396 4234 riatur.
1447 4157 1548 4248 Quae
1562 4177 1675 4254 pestes
1687 4166 1732 4232 ad
1748 4165 1893 4234 meliora
1908 4159 2001 4233 nibil
2019 4176 2080 4235 aut
2095 4166 2259 4254 ingeniis,

240 4265 495 4339 adolescentiae
517 4289 606 4355 opus
627 4279 677 4334 est
694 4265 854 4332 omnium
873 4263 1043 4347 maxime,
1069 4263 1223 4333 etdisci-
1273 4275 1334 4333 aut
1362 4262 1536 4333 industria
1566 4263 1722 4345 valeant,
1738 4257 1740 4260 ’
1756 4266 1799 4333 ad
1823 4261 1971 4357 pulchra
1994 4279 2111 4335 tamen
2137 4267 2258 4337 delor-

239 4371 375 4462 plinam
391 4368 501 4448 vitae,
526 4380 559 4436 et
574 4389 691 4435 rerum
705 4367 919 4454 agendarum
930 4365 1223 4453 gubernatricem,
1273 4366 1420 4450 manda,
1444 4378 1479 4435 et
1495 4377 1587 4435 recta
1604 4367 1848 4455 depravanda,
1873 4379 2010 4436 tantum
2030 4369 2157 4437 utentis
2172 4391 2260 4438 acu-

240 4484 277 4541 et
303 4469 505 4559 magistram
532 4461 676 4546 habeat‚
706 4467 803 4558 quod
824 4466 959 4536 lubrica
982 4467 1042 4536 illa
1061 4478 1155 4536 aetas
1175 4467 1223 4533 ab
1273 4485 1373 4550 rnen,¹
1408 4479 1545 4536 tantum
1574 4467 1659 4537 artis
1685 4481 1718 4538 et
1748 4467 1881 4555 ingenii
1910 4467 2084 4552 afferunt,
2115 4482 2257 4539 utnon

239 4567 380 4644 honesti
400 4569 533 4638 laboris
554 4566 772 4647 tolerantia,¹
785 4567 829 4636 ad
847 4565 1037 4637 molliciem
1058 4579 1092 4636 ct
1103 4565 1220 4635 ocium
1271 4590 1351 4636 raro
1367 4567 1453 4636 falsa
1469 4569 1647 4655 proverb,
1666 4591 1783 4636 rerum
1795 4568 1968 4657 imperitis
1978 4568 2045 4638 isto
2057 4569 2258 4639 mentiendi

237 4671 436 4763 plerunque
450 4669 654 4762 propendet.
1271 4667 1418 4738 artificio
1447 4668 1658 4750 obtrudant,
1690 4668 1752 4760 qui
1774 4680 1809 4737 et
1829 4670 1923 4759 apud
1945 4693 2012 4738 nos
2036 4671 2091 4738 sui
2114 4671 2257 4740 sceleris

340 4769 406 4840 His
426 4795 509 4841 vero
525 4769 588 4863 qui
603 4771 646 4838 ad
669 4763 862 4858 Magisterii
878 4761 1116 4859 philosophici
1131 4767 1222 4858 peti·
1271 4767 1470 4858 contagium
1490 4768 1595 4837 bonis
1617 4769 1896 4840 adolescentibus
1912 4770 2052 4855 alllare,
2076 4785 2111 4841 et
2127 4771 2258 4841 animis

236 4872 371 4942 tionem
398 4885 600 4961 separant,
631 4883 817 4962 praecepta
837 4865 1006 4962 Physica,
1038 4863 1164 4938 Ethica
1188 4883 1222 4938 et
1270 4869 1438 4938 iuvenum
1462 4869 1651 4952 instillare,
1674 4892 1713 4938 ac
1736 4893 1795 4938 eos
1817 4869 1920 4939 nobis
1944 4884 2177 4943 mutaresnnt
2194 4895 2257 4961 ag-

235 4969 607 5045 PoliticaAristotelis.
642 4964 1221 5053 TheoricaePlauetarum,Eucli-
1270 4971 1396 5057 gressi,
1429 4985 1463 5042 et
1494 4994 1598 5052 sane,
1626 4983 1668 5040 ut
1694 4971 1805 5062 aliqui
1831 4971 1887 5040 sui
1918 4971 2105 5041 dissimiles
2128 4989 2256 5060 esscnt,

234 5075 308 5158 des,
332 5071 542 5156 Ptolemeus,
563 5071 704 5162 publice
714 5085 934 5155 enarrantur,
956 5085 1030 5141 tum
1044 5071 1219 5138 nobiliora
1270 5070 1478 5156 effecerunt,
1510 5096 1551 5140 ex
1582 5069 1712 5162 quibus
1738 5072 1908 5161 impuris,
1940 5061 2002 5141 alii
2023 5072 2255 5146 clamitabant

171 5259 174 5266 Ι
233 5197 375 5264 graecam
398 5187 432 5244 et
453 5172 582 5244 latinae
603 5172 746 5261 liuguae
769 5186 1018 5254 monumenta,
1044 5172 1072 5238 si
1096 5173 1221 5257 placet,
1243 5209 1246 5262 3
1270 5185 1304 5242 et
1334 5173 1438 5261 vulgo
1471 5174 1696 5264 spargebant,
1728 5195 1803 5241 non
1833 5197 1907 5244 esse
1929 5168 2021 5242 hauc
2044 5174 2194 5244 liberam
2217 5193 2255 5248 et

172 5283 180 5302 ‘
233 5299 314 5367 cum
338 5272 482 5346 caeteris
506 5272 646 5362 publice
660 5274 783 5342 audire
800 5273 947 5342 facultas
964 5285 1026 5342 cst.
1079 5271 1221 5360 Quibus
1243 5271 1246 5290 ²
1269 5297 1388 5344 veram
1412 5269 1656 5357 Academiam,
1680 5276 1742 5343 sed
1765 5271 2031 5356 bacchantium,
2056 5290 2097 5347 ut
2120 5277 2174 5346 illi
2197 5278 2255 5348 lo-

229 5377 393 5450 exercitia
408 5373 630 5449 declamandi
646 5385 681 5444 et
695 5373 903 5467 disputandi
916 5387 1000 5445 sunt
1015 5373 1219 5444 communia
1239 5328 1247 5466 i
1268 5373 1685 5466 quuutur,'ergastulum
1700 5390 1734 5449 et
1751 5375 1999 5450 carnificinam.
