4726 5828
93 303 143 383 49
843 297 1007 381 DECL
1044 292 1121 376 DE
1155 288 1403 376 OlllOliEi.
2081 305 2134 384 σο

92 475 231 550 tissima
255 487 377 564 erant,
408 487 451 548 'ac
474 476 580 548 simul
602 471 785 548 discebant
804 475 938 548 variari
953 487 1089 566 tempe-
1141 470 1387 564 cognoscenda
1401 479 1481 561 ssest,
1512 481 1632 541 tamen
1655 482 1692 544 et
1715 493 1757 543 eo
1781 473 1933 546 amanda
1956 487 2026 562 est,
2050 477 2136 570 quia

90 591 197 652 states
211 590 295 649 ortu
311 592 485 650 etoccasu
499 579 724 650 diversorum
737 580 907 650 siderum
952 574 1011 649 Ad
1025 599 1088 646 oc-
1139 574 1303 646 miranda
1325 570 1808 662 succlamationibus,
1833 576 2133 670 quaeestsingu.

90 703 214 752 casum
234 678 344 750 etiam
366 679 519 771 pertinet
548 681 645 775 quod
672 680 776 752 linxit
796 690 952 752 vetustas
975 671 1088 748 Orio·
1137 675 1212 747 lare
1228 671 1362 746 delleo
1376 672 1632 746 testimouium.
1682 671 1780 746 ilaec
1793 677 1935 748 sumita
1952 678 2045 765 siut,
2069 704 2131 751 co-

91 804 176 852 uem
197 805 219 851 a
239 778 391 872 Scorpio
413 795 577 853 necatum
599 803 684 856 esse.
735 779 868 876 incipit
882 779 978 851 euim
993 777 1088 850 occi·
1138 775 1246 866 gitate
1262 788 1439 870 quantum
1454 777 1568 846 scelus
1588 775 1636 847 sit
1653 770 1746 849 hanc
1768 773 2045 868 pulcherrimam
2059 777 2130 856 Dei

90 885 178 953 dere
195 877 315 952 Orion
336 907 357 952 e
377 884 524 974 regione
547 885 756 955 ascendente
773 881 932 976 Scorpio.
987 877 1085 967 Quid
1137 875 1345 969 sapientiam
1367 889 1612 961 contemnere,
1646 891 1682 949 et
1703 902 1724 948 a
1748 879 2031 952 consideratione
2051 882 2129 953 eius

90 984 240 1076 prodest
261 982 327 1052 ista
351 984 575 1055 considerare
591 985 760 1078 inquiunt
777 983 914 1077 aliqui?
945 993 981 1052 et
998 978 1086 1050 Pin·
1136 979 1312 1050 abducere
1327 973 1501 1049 homines.
1548 976 1654 1048 Hauc
1669 979 1846 1050 maliciam
1866 981 1992 1072 poeuis
2004 982 2129 1075 publi-

92 1083 254 1154 daricum
282 1078 351 1154 hoc
375 1085 541 1157 recitant:
579 1083 750 1181 ἄκαρπον
774 1080 914 1182 σοφίαν
938 1077 1086 1177 δρέπειν
1137 1080 1187 1150 cis
1201 1080 1424 1170 magistratus
1444 1077 1573 1170 punire
1587 1079 1776 1152 debebant.
1828 1083 1900 1152 Sed
1915 1083 2030 1173 arguti
2045 1084 2128 1177 qui·
2204 1119 2207 1122 ·
2303 1063 2305 1068 ι

89 1185 765 1378 ttatttttadstttttt
784 1185 1084 1379 sititis
1136 1181 2126 1374 ittttttittttitrtttitttittatttt

90 1407 166 1456 cem
194 1386 356 1454 divinam
385 1409 475 1480 quae
507 1387 626 1480 iuquit
648 1390 693 1457 dc
715 1388 820 1470 Sole,
851 1387 954 1459 Luna
978 1403 1013 1455 et
1040 1385 1084 1454 de
1136 1396 1187 1453 est
1210 1385 1335 1474 σχῆμα
1355 1375 1543 1454 πολιτικὸν
1561 1374 1771 1478 τοῦλόγου.
1822 1378 1935 1454 Aliud
1949 1385 2126 1474 agiturab

91 1485 227 1558 Stellis.
278 1483 399 1557 Erunt
422 1488 461 1556 in
480 1488 579 1576 signa
601 1501 780 1578 tempora,
811 1489 886 1558 dies
909 1501 944 1558 et
960 1507 1084 1556 annos.
1135 1483 1219 1552 iilis.
1271 1483 1399 1554 Sciunt
1422 1483 1518 1551 enim
1548 1505 1635 1574 quas
1659 1483 1900 1556 divinationes
1924 1487 2126 1577 probemus.

90 1584 182 1658 Vult
197 1583 297 1656 Deus
321 1587 403 1656 sciri
417 1587 504 1656 anni
520 1601 647 1673 metas,
674 1589 880 1673 intervalia,
907 1601 942 1658 et
959 1587 1083 1656 seriem
1135 1583 1278 1654 Norunt
1300 1606 1365 1653 nos
1389 1582 1519 1655 diserte
1541 1583 1741 1654 discernere
1759 1607 1879 1654 causas
1900 1582 2079 1680 physicas,
2104 1609 2126 1658 a

89 1699 241 1780 propter
264 1687 394 1756 multas
417 1688 640 1777 gravissimas
664 1711 802 1774 causas,
832 1688 1012 1772 videlicet,
1043 1700 1084 1757 ut
1135 1683 1231 1767 Deo,
1263 1683 1429 1753 olibetis
1457 1678 1633 1753 humanae
1663 1686 1857 1754 uoluntatis
1877 1686 2125 1774 electionibus,

90 1789 245 1859 sciamus
278 1787 392 1857 solum
419 1790 535 1863 Deum
562 1802 656 1858 retro
687 1790 726 1858 in
753 1791 853 1860 omni
879 1789 1084 1859 aeternitate
1135 1783 1362 1854 adiaboiicis
1384 1784 1674 1874 impulsionibus.
1723 1781 1785 1854 An
1809 1785 1922 1856 scelus
1938 1800 1991 1858 est
2005 1789 2123 1858 dicere

88 1888 220 1968 fuisse,
250 1880 337 1958 haec
361 1911 444 1958 vero
475 1912 622 1979 corpora
652 1891 778 1960 mundi
802 1893 848 1960 ab
874 1891 951 1982 ipso
971 1889 1082 1957 iibere
1134 1884 1230 1956 Solis
1248 1885 1385 1954 lumine
1399 1885 1549 1954 calefieri
1567 1887 1704 1969 adrem,
1729 1899 1763 1956 et
1779 1887 1918 1956 radium
1933 1889 2123 1960 rectiorem

90 2001 181 2060 tunc
197 1989 339 2061 condita
355 2011 448 2072 esse,
474 2013 554 2058 cum
570 1989 638 2080 ipsi
655 1991 798 2081 placuit.
850 1987 903 2061 Ac
924 2003 964 2058 ut
979 1989 1081 2059 initis
1134 1985 1173 2054 iu
1192 1997 1322 2054 aestate
1344 1985 1513 2056 maiorem
1529 1986 1603 2055 vim
1625 1985 1853 2056 calefaciendi
1873 1983 2022 2073 habere,
2045 1988 2124 2060 Lu·

89 2096 246 2178 cogitare
266 2088 446 2157 ruentibus
468 2110 668 2180 possemus,
701 2113 878 2160 annorum
900 2089 1081 2160 distinctio
1134 2109 1217 2154 nam
1232 2085 1398 2174 frigidam
1413 2108 1499 2159 esse.
1531 2085 1608 2156 iiae
1623 2087 1809 2178 qualitates
1824 2087 2020 2173 luminum,
2041 2113 2123 2160 curu

89 2190 180 2258 facta
197 2211 288 2280 quae
304 2187 448 2257 metitur
462 2202 613 2280 tempus.
653 2189 792 2260 Deinde
806 2191 883 2260 vuit
897 2185 965 2260 hoc
976 2190 1081 2260 etiam
1134 2187 1173 2254 in
1194 2187 1279 2254 autri
1302 2186 1453 2257 circuitu
1482 2187 1771 2271 considerantur,
1809 2188 1922 2277 magis
1953 2189 2123 2282 aspicitur
2253 2205 2255 2210 '

92 2291 186 2374 sciri,
209 2283 305 2357 hanc
317 2289 581 2377 generationem
596 2284 787 2361 humanam
798 2293 957 2362 nonfure
969 2303 1081 2360 aeter·
1134 2309 1191 2356 ars
1212 2298 1248 2355 et
1269 2285 1440 2375 sapientia
1464 2284 1543 2360 Dei.
1596 2284 1685 2356 Tale
1702 2288 1769 2360 iter
1784 2301 1836 2358 est
1853 2287 1948 2360 Sulis
1964 2313 2026 2381 per
2044 2315 2123 2362 cae-

91 2413 197 2469 nam,
223 2391 284 2457 sed
301 2389 526 2459 constitutam
544 2412 617 2458 esse
630 2405 781 2476 metam,
807 2413 896 2482 quae
910 2415 983 2460 non
998 2415 1081 2480 pro·
1134 2400 1227 2456 teras
1246 2387 1383 2471 stelias,
1414 2400 1456 2456 ut
1476 2387 1515 2456 iu
1536 2387 1687 2475 siugulis
1708 2389 1835 2480 spaciis
1856 2389 2042 2480 qualitates
2064 2413 2123 2460 ac·

90 2491 152 2560 ctsi
167 2489 286 2571 abest,
310 2511 390 2558 cum
408 2490 557 2559 mortuis
571 2491 776 2562 restituetur
790 2493 882 2575 vita,
908 2508 943 2563 et
958 2487 1081 2560 Eccie·
1133 2489 1378 2558 commodatae
1400 2487 1470 2556 sint
1487 2489 1530 2556 ad
1549 2511 1668 2556 rerum
1685 2491 1906 2558 nascentium
1923 2491 2123 2562 utilitatem.

92 2591 145 2661 sia
165 2588 355 2660 ornabitur
377 2603 525 2680 pepetua
545 2585 734 2680 gloria,'et
751 2591 854 2682 impii
870 2592 1082 2662 abiicientur
1135 2584 1239 2658 Aries
1260 2601 1312 2658 est
1331 2588 1473 2671 siccior,
1501 2599 1542 2656 nt
1556 2601 1649 2658 terra
1672 2585 1824 2658 hiberno
1839 2591 1969 2678 frigore
1991 2605 2025 2662 et
2041 2592 2123 2683 piu·

90 2691 131 2760 in
164 2702 356 2781 perpetuos
383 2692 577 2774 cruciatus,
614 2705 647 2760 et
675 2709 878 2786 quanquam
906 2693 1100 2762 nescimus]
1133 2689 1201 2756 viis
1226 2689 1418 2758 madefacta
1441 2687 1561 2759 minus
1585 2690 1631 2760 sit
1654 2713 1820 2776 coenosa,
1852 2705 1887 2762 et
1910 2691 1970 2761 fiat
1991 2692 2123 2762 idonea

91 2815 167 2884 quo
183 2811 296 2871 anno,
322 2803 436 2881 etqua
451 2790 509 2859 die
527 2791 632 2860 tubae
647 2793 826 2880 angelicae
840 2806 967 2863 canent
985 2792 1082 2860 iliius
1133 2789 1340 2859 seminibus.
1390 2787 1515 2858 Postea
1532 2813 1611 2860 cum
1629 2813 1724 2880 seges
1741 2791 1812 2862 iam
1827 2792 1964 2882 prodit,
1989 2806 2024 2863 et
2041 2815 2122 2864 rur-

90 2885 267 2982 triumphi
283 2889 444 2975 initium,
466 2903 584 2961 tamen
600 2886 667 2961 itoc
680 2889 777 2962 Deus
790 2892 982 2982 praedixit,
1008 2915 1080 2961 non
1133 2910 1192 2958 sus
1207 2889 1342 2978 indiget
1356 2888 1541 2977 rigatione,
1567 2914 1646 2958 cum
1658 2891 1721 2960 Soi
1739 2893 1881 2962 accessit
1896 2896 1939 2962 ad
1957 2891 2120 2964 Pleiadas

92 2993 242 3080 longum
272 2990 348 3061 fore
370 2989 597 3061 intervallum
627 3017 647 3062 a
670 2987 805 3062 Christi
826 2993 1082 3064 resurrectione
1133 2985 1337 3083 etHyadas,
1363 2989 1484 3060 stellae
1498 2984 1665 3060 humidae
1677 2991 1835 3062 fundunt
1851 2995 2005 3083 pluvias,
2033 2992 2122 3063 inde

92 3093 138 3164 ad
161 3104 334 3162 nostram.
395 3087 444 3161 Et
465 3115 540 3161 non
557 3096 815 3164 contemnenda
830 3107 881 3166 cst
897 3095 1081 3179 sententia,
1132 3087 1294 3181 procedit
1311 3089 1375 3160 Sol
1407 3113 1472 3181 per
1494 3103 1727 3182 temperatum
1750 3092 1849 3162 sidus
1870 3089 2121 3180 Geminorum,

93 3215 184 3288 quae
202 3187 305 3264 liliae
324 3189 511 3262 tribuitur:
542 3191 610 3264 Sex
629 3194 744 3266 millia
765 3219 943 3266 annorum
968 3193 1080 3265 Mun·
1132 3205 1167 3262 et
1184 3191 1284 3260 dulci
1299 3191 1415 3260 calore
1428 3191 1549 3261 omnia
1565 3192 1744 3262 nascentia
1759 3193 1866 3266 fovet.

92 3297 180 3381 dus,
204 3306 240 3364 et
254 3307 374 3385 postea
390 3293 632 3384 conflagratio.
896 3295 918 3339 '¹
1233 3288 1324 3362 Cum
1349 3292 1396 3362 ad
1420 3288 1599 3362 Cancrum
1624 3308 1661 3365 et
1688 3295 1734 3362 ad
1760 3291 1932 3386 Praesepe
1958 3295 2120 3379 accessit,

298 3391 382 3464 Duo
398 3393 531 3480 miliia,
557 3392 668 3465 inane
1131 3413 1254 3461 rursm
1282 3415 1371 3481 opus
1404 3405 1457 3472 est
1486 3393 1681 3483 rigatione,
1719 3419 1800 3463 cum
1834 3397 1904 3466 iam
1937 3417 2046 3485 grana
2079 3397 2120 3466 in

296 3490 379 3564 Duo
395 3494 523 3580 miliia,
547 3493 632 3570 Lex.
770 3503 774 3510 '
1131 3492 1238 3585 spicis
1271 3492 1476 3582 gignuntur.
1548 3491 1689 3566 Rursus
1715 3497 1760 3566 ad
1789 3518 1935 3566 messem
1964 3497 2119 3570 siccitate

297 3591 380 3665 Duo
397 3595 509 3666 miliia
527 3594 601 3665 dics
618 3591 777 3666 Messias.
1134 3615 1223 3685 opus
1244 3608 1308 3668 est.
1880 3673 1884 3691 ‚

194 3690 245 3765 Et
258 3693 288 3764 si
303 3695 366 3789 qui
387 3695 474 3766 anni
490 3698 661 3786 deemnt,
687 3697 839 3764 ‹ieertmt
855 3705 998 3784 propter
1012 3715 1079 3762 no·
1235 3693 1364 3766 Aestus
1386 3695 1495 3783 igitur
1519 3708 1603 3766 sunt
1625 3696 1775 3766 maiores
1798 3721 1877 3768 cum
1899 3697 2119 3770 accessitSol

91 3814 165 3872 stra
185 3809 326 3887 peccata
347 3820 438 3890 quae
459 3798 571 3868 multa
593 3809 685 3866 scint.
736 3793 828 3865 Cum
850 3811 966 3868 autem
984 3817 1080 3864 nuuc
1133 3793 1337 3866 adSirium.
1388 3793 1485 3865 Haec
1506 3809 1621 3866 autem
1637 3797 1748 3886 magis
1768 3800 2120 3889 autminusreguia-

94 3925 116 3972 a
130 3897 278 3970 condito
294 3899 429 3967 inundo
445 3897 651 3968 transierint
666 3895 951 3990 quinquemillia
966 3919 1080 3967 anno·
1132 3895 1220 3967 riter
1243 3897 1333 3965 bunt
1356 3909 1502 3987 propter
1517 3897 1737 3986 planetarum
1759 3898 1897 3969 itinera.
1945 3896 1994 3972 Et
2007 3915 2118 3974 totam

93 4024 193 4083 mm,
232 3997 316 4066 anui
340 3997 524 4089 quingenti
549 4011 583 4068 et
612 3997 837 4092 quindecim,
870 4011 1003 4068 certum
1030 4011 1082 4066 est
1134 3993 1226 4066 hanc
1248 3991 1448 4066 machinam
1473 3997 1656 4068 liberrima
1677 3999 1860 4071 voluntate
1874 3997 1969 4074 Deus
1986 4004 2120 4092 guber-

94 4125 162 4172 nos
181 4123 257 4176 non
281 4099 405 4189 procul
426 4102 546 4170 abesse
564 4099 610 4168 ab
631 4097 728 4168 iliius
750 4093 924 4189 triumphi
942 4097 1018 4182 die,
1043 4097 1081 4166 in
1134 4110 1207 4169 nat.
1267 4095 1379 4170 Adest
1398 4099 1510 4168 causis
1532 4100 1697 4171 secundis
1719 4100 1855 4172 intuto
1877 4123 1942 4174 suo
1965 4103 2122 4195 opificio,

94 4226 167 4298 quo
190 4225 227 4270 se
251 4200 346 4268 filius
369 4197 437 4269 Dei
457 4221 581 4276 rursus
602 4201 765 4271 ostendet
781 4198 947 4269 universo
963 4198 1082 4286 generi
1135 4213 1170 4271 et
1183 4209 1328 4288 propter
1349 4193 1538 4269 hominum
1559 4201 1689 4272 scelera
1706 4202 1825 4271 minsis
1848 4203 1993 4274 adiuvat
2006 4205 2119 4272 bonas

93 4300 276 4385 humano,
297 4295 518 4372 etEccicsiae
532 4323 616 4371 suae
630 4325 748 4370 coram
761 4301 921 4378 ostendet
937 4313 1081 4391 patrem.
1135 4299 1356 4384 affectiones,
1387 4321 1489 4390 saepe
1516 4314 1551 4370 et
1578 4318 1723 4394 propter
1749 4299 1943 4376 Ecclesiam
1972 4301 2121 4393 impedit
2183 4293 2187 4302 ’

94 4403 281 4475 Praeterea
305 4413 426 4472 uotam
443 4424 517 4472 esse
539 4401 664 4470 seriem
679 4424 910 4470 annorumeo
926 4423 1084 4471 necessa-
1136 4400 1258 4470 malas.
1315 4395 1363 4472 Et
1386 4413 1502 4472 tarncu
1525 4425 1582 4471 ars
1611 4403 1649 4470 iu
1673 4403 1905 4476 fabricatione
1936 4425 2118 4474 causarum

95 4506 191 4576 riurn
208 4518 279 4588 est,
304 4515 346 4573 ut
361 4503 511 4575 sciamus
527 4526 617 4597 quae
634 4502 680 4572 sit
697 4499 929 4572 vetustissima
946 4502 1086 4572 doctrs
1137 4502 1356 4592 agnoscenda
1386 4515 1453 4577 est,
1515 4501 1598 4572 Non
1623 4503 1699 4574 sine
1728 4517 1824 4574 certo
1854 4505 2002 4576 consilio
2026 4503 2120 4572 vices

95 4605 201 4676 nain
223 4626 352 4694 genere
377 4598 555 4689 humano,
588 4605 752 4697 quando,
780 4603 910 4696 quibus
927 4601 1086 4686 testibus,
1136 4602 1278 4672 aestatis
1297 4614 1330 4672 ct
1351 4597 1488 4696 hyemis
1502 4603 1685 4676 institutae
1705 4619 1799 4678 sunt.
1852 4603 1937 4674 Vult
1955 4603 2048 4674 Deus
2063 4603 2121 4672 in-

94 4707 249 4779 truditae
268 4705 341 4776 sint
354 4704 621 4796 promissiones,
646 4729 717 4798 quo
739 4717 897 4796 tempore
911 4703 1004 4774 iilius
1018 4698 1087 4773 Dei
1136 4704 1325 4776 tervaiium
1338 4725 1428 4789 esse,
1455 4728 1528 4798 quo
1541 4720 1633 4776 terra
1655 4716 1798 4796 accepto
1812 4704 1944 4774 semiue
1966 4703 2124 4797 quiescat

95 4811 353 4898 adsumpturus
367 4819 441 4876 erat
456 4800 648 4878 humanam
665 4819 849 4888 naturam,
873 4829 963 4898 quae
977 4804 1088 4874 fuerit
1138 4819 1173 4876 et
1189 4805 1363 4880 madefiat.
1413 4802 1575 4877 Discedit
1593 4805 1702 4895 igitur
1714 4803 1795 4886 Sol,
1817 4816 1856 4872 ut
1878 4804 1971 4874 radii
1989 4829 2055 4875 nos
2070 4807 2124 4874 ie·

95 4911 216 4982 futura
243 4908 350 4978 series
378 4902 676 4982 monarchiarum.
733 4905 915 4979 Postremo
936 4919 1088 4999 quantae
1138 4907 1233 4976 ciant
1247 4906 1480 4979 minuscecti.
1531 4905 1604 4977 Nec
1627 4921 1744 4977 tamen
1764 4902 2027 4979 disceditasuo
2044 4908 2123 4998 opi·

98 5011 265 5084 tenebrae
280 5006 632 5079 essentiucommuui
646 5007 736 5092 rita,
757 5002 980 5093 iuhistoriis,
1001 5031 1088 5078 cou—
1138 5007 1220 5077 ficio
1244 5004 1352 5080 Deus.
1410 5006 1481 5080 Sed
1497 5021 1610 5078 serrat
1628 5003 1747 5076 Solem
1774 5019 1809 5076 et
1830 5018 1978 5093 terram,
2014 5021 2047 5078 et
2063 5031 2126 5098 ge·
2240 5005 2243 5010 ’

98 5111 292 5190 tractibus,
313 5108 470 5194 iudiciis,
494 5111 524 5178 si
540 5109 638 5180 nulla
656 5123 744 5180 esset
759 5131 939 5179 annorum
960 5109 1089 5180 distin·
1140 5129 1210 5178 nus
1229 5103 1444 5194 humanum,
1477 5121 1512 5181 et
1527 5105 1728 5178 affectiones
1742 5103 1837 5178 Solis
1854 5131 1919 5179 suo
1941 5109 2126 5179 liberrimo

99 5213 183 5286 ctio.
234 5209 386 5300 Propter
401 5222 474 5304 tam
492 5211 621 5280 multas
645 5231 767 5280 causas
791 5206 888 5279 Deus
911 5233 1090 5280 annorum
1141 5209 1291 5280 consilio
1306 5209 1362 5280 vci
1377 5209 1540 5293 adiuvat,
1564 5207 1620 5276 vei
1635 5205 1793 5299 impetiit.
1842 5204 1992 5282 Actotis
2007 5222 2128 5300 pecto·

100 5312 367 5384 distinctionem
402 5325 438 5383 et
471 5309 643 5397 instituit,
683 5324 718 5381 et
750 5311 934 5382 observari
966 5311 1092 5382 voluit.
1142 5311 1244 5382 ribus
1264 5311 1416 5381 fatemur
1436 5329 1536 5378 veras
1554 5329 1629 5380 esse
1651 5308 1854 5383 sententias.
1905 5307 1949 5380 in
1971 5307 2051 5381 Deo
2073 5309 2129 5376 vi·

100 5413 205 5506 Quae
227 5413 292 5484 etsi
313 5423 459 5505 propter
480 5412 674 5497 utilitates,
704 5433 795 5508 quae
809 5411 1093 5507 suntpiurimae,
1143 5411 1278 5499 vimus,
1303 5433 1441 5500 sumus,
1460 5421 1502 5480 et
1524 5433 1721 5488 movemur.
1778 5411 1867 5484 item
1890 5411 1967 5505 ipse
1987 5423 2039 5484 est
2056 5411 2129 5485 vita

153 5519 336 5586 Mensura.
360 5517 467 5586 Orsa.
493 5517 578 5585 Vos..
591 5517 673 5588 XII.
1596 5511 1622 5590 4
