4696 5820
244 267 353 340 eor·
660 245 820 344 nucu.
852 229 1849 344 nurunnouunrnun1scn1n.m
2093 275 2098 280 -
2169 240 2268 314 ,aas

246 434 280 510 N
332 431 403 504 158
457 423 461 432 ’
770 467 774 472 .
1057 412 1218 478 sn.1557.
1254 418 1369 496 tquas
1391 399 1569 473 Ecclesiae
1589 403 1768 498 reliquias.
1827 404 1988 500 Cumque
2009 405 2160 480 sciamus
2181 431 2270 480 voce

254 461 426 561 jin-'⁴
848 505 851 510 “
1054 501 1226 534 *⁴⁹⁹⁹
1279 499 1485 576 Reverendi
1510 503 1579 573 viri
1599 501 1752 576 Lutheri
1781 524 2005 602 repurgatam
2034 510 2269 582 enezdocni·

700 659 721 732 t
749 647 784 733 d
837 645 890 731 d.
969 645 978 665 ·
1066 651 1134 726 etc
1281 628 1364 673 uam
1377 601 1572 691 Ecclesiae,
1598 621 1632 678 et
1653 630 1709 676 res
1728 631 1888 700 magnas,
1914 610 2124 681 necessarias
2141 607 2270 682 Eccle-

327 663 403 749 ΗΘ
431 659 698 772 liutmun
782 674 808 731 θ
871 669 1037 731 'serim'
1136 699 1147 722 '
1282 707 1353 774 siae
1376 729 1456 775 vere
1478 707 1670 792 illustratas
1693 731 1784 790 esse,
1810 711 1930 801 negari
1948 734 2021 786 nnn
2036 713 2163 804 possit,
2184 736 2272 782 curu

317 839 351 894 1,
370 813 1231 898 „1„„0„1,·1·‚1V‚pstesqq.assemanutnpetl·
1283 807 1463 877 doctrinae
1493 807 1679 898 puritatem
1709 834 1977 898 conservemus,
2010 825 2085 883 tum
2116 836 2204 884 vero
2233 825 2270 883 et

350 905 440 959 Etiam
458 903 486 956 tn
504 899 666 954 ontionem
686 895 719 948 '¹'-
734 893 769 946 γ·
788 910 814 962 Ρ·
826 893 852 944 ⁴·
870 898 896 942 ⁸²
913 885 987 958 apud
1006 883 1133 938 Μή·
1150 882 1184 936 Τ·
1196 881 1233 938 ¹¹*
1283 921 1416 998 gratam
1433 910 1637 978 memoriam
1652 912 1848 1001 posteritati
1865 911 1940 982 eius
1955 927 2181 1004 praestemus.

352 993 380 1046 Ρ·
395 973 455 1026 ¹¹¹·
566 1037 568 1042 -
1385 1005 1555 1078 Hortatur
1571 1023 1688 1079 autem
1705 1006 1877 1082 huicfilio
1891 1011 2004 1083 Paulo
2019 1015 2065 1084 ad
2082 1015 2167 1086 artis
2184 1014 2271 1086 Me-

251 1151 381 1222 Orntio
410 1143 457 1216 de
483 1142 654 1234 pulmone
684 1144 722 1206 et
749 1131 795 1203 de
825 1128 1042 1200 discrimine
1065 1128 1232 1195 arteriae
1284 1108 1382 1180 dicae
1403 1109 1560 1180 studium
1581 1125 1682 1202 pater
1703 1112 1779 1205 ipse
1800 1114 1885 1198 fuit,
1909 1114 1991 1206 quia
2009 1115 2207 1186 doctrinam
2224 1117 2272 1184 de

250 1247 432 1325 erroneae
454 1253 493 1316 et
511 1238 730 1332 oesopbn9i3
761 1236 927 1304 recitata
943 1251 967 1298 o
983 1222 1036 1297 D.
1061 1223 1231 1298 Jacobs
1284 1225 1410 1327 natura
1432 1234 1551 1280 rerum
1577 1212 1680 1330 valde
1696 1216 1855 1332 amabat,
1879 1228 1914 1284 et
1932 1215 2076 1332 vestigia
2092 1215 2157 1287 Dei
2172 1219 2211 1284 ῑῃ
2229 1239 2273 1286 eg

557 1335 793 1423 Milichie,
825 1329 933 1406 1557.
1285 1311 1547 1395 considerabat,
1579 1324 1613 1380 et
1641 1335 1817 1402 rgnavram
1849 1338 1888 1384 ae
1916 1315 2115 1384 barbarrem
2144 1339 2274 1386 eorum

1285 1411 1376 1480 serio
1390 1413 1642 1497 detestabatur,
1667 1413 1730 1505 qui
1746 1415 1908 1484 miranda
1921 1415 2122 1486 testimonia
2136 1418 2180 1486 de
2190 1413 2272 1486 Deo

254 1523 354 1614 Cum
373 1532 417 1602 ad
440 1527 615 1601 tumulum
632 1516 833 1592 Reverendi
849 1515 915 1583 viri
934 1511 1083 1582 Martini
1098 1506 1234 1582 Lethe·
1286 1511 1323 1580 in
1339 1511 1579 1595 fabricatione,
1604 1513 1731 1582 ordine
1745 1529 1779 1584 et
1794 1515 1946 1586 utilitate
1958 1538 2145 1604 corporum
2161 1541 2274 1587 mun-

253 1643 306 1724 ti,
330 1629 424 1706 anno
445 1640 524 1723 post
545 1638 693 1694 mortem
717 1619 792 1687 eius
809 1615 1015 1696 undecimo,
1041 1614 1234 1680 decernen-
1286 1612 1343 1696 di,
1374 1625 1408 1681 et
1428 1612 1467 1680 in
1491 1626 1615 1681 natura
1638 1609 1813 1700 hominis,
1846 1639 1920 1684 non
1942 1617 2084 1686 student
2108 1631 2274 1688 contem-

108 1789 112 1797 ·
225 1717 226 1722 ἵ
255 1745 323 1812 dut
351 1758 422 1806 ⁸⁵⁸0
449 1731 576 1822 gradus
605 1725 795 1795 D0010ffl¹¹¹
825 1718 965 1785 inacte
995 1713 1130 1782 medica
1160 1712 1233 1780 filio
1284 1712 1394 1804 plari,
1427 1735 1493 1781 nec
1521 1734 1557 1781 se
1585 1715 1866 1792 consideratione
1897 1715 2114 1807 praesentiae
2136 1717 2204 1788 Dei
2230 1719 2274 1788 iu

255 1839 382 1934 ipsius,
407 1834 483 1902 viro
506 1822 688 1900 excellenti
712 1818 909 1889 eruditione
925 1828 960 1884 et
976 1814 1106 1886 virtute
1123 1811 1234 1929 Panlo
1285 1813 1389 1884 nobis
1406 1814 1450 1881 ad
1468 1812 1635 1882 virtutem
1651 1815 1810 1888 excitant.
1860 1811 1908 1887 Et
1923 1817 2112 1934 utingenii
2129 1819 2275 1908 magni.

254 1933 435 2018 Lutbero,
466 1930 579 2001 multa
607 1927 650 1994 dc
681 1921 789 2013 patris
811 1913 977 1995 historia,
1012 1916 1111 1985 etde
1133 1913 1235 1982 belhs
1285 1915 1372 1984 tudo
1396 1926 1470 1982 erat
1494 1915 1685 2005 excellens,
1711 1916 1822 1988 multa
1845 1919 2000 1988 remedra
2022 1931 2126 1989 norat
2148 1931 2184 1989 et
2206 1921 2275 1988 ad·

133 2043 144 2060 ⁸
254 2037 482 2126 Principum,
508 2028 606 2099 etde
629 2022 784 2094 dissidiis
808 2016 1028 2099 docentium,
1053 2037 1143 2106 quae
1157 2028 1236 2103 post
1286 2015 1404 2105 parari
1424 2016 1587 2098 curabat,
1613 2039 1714 2110 saepe
1729 2019 1833 2086 etiam
1848 2017 1998 2106 aegrotis
2015 2017 2273 2109 opitulabatur,

207 2191 211 2198 .
255 2143 332 2214 eius
354 2145 503 2204 mortem
526 2139 642 2197 secuta
662 2138 764 2201 sunt,
797 2119 970 2206 cogitans,
1004 2109 1098 2183 nibil
1119 2114 1234 2183 dicam
1287 2138 1388 2205 saepe
1416 2117 1585 2185 narrabat
1609 2141 1683 2186 non
1708 2117 1873 2187 dubitare
1897 2138 1952 2202 se,
1986 2116 2074 2210 quin
2096 2119 2274 2208 sapientia

256 2245 301 2313 de
323 2237 436 2310 bellis.
475 2229 648 2300 Maiorem
666 2200 824 2293 doloiem
842 2215 937 2288 haud
951 2216 1058 2288 dubie
1071 2215 1236 2284 omnibus
1284 2214 1430 2285 Patrnm
1468 2229 1503 2285 et
1539 2207 1799 2306 Prophetarum
1833 2213 1920 2286 haee
1955 2216 2082 2302 fuerit,
2135 2215 2275 2306 Nubae,

256 2319 494 2413 mediocribus
516 2326 723 2398 hominibus
743 2323 856 2392 adfert
872 2320 1014 2388 illorum
1032 2315 1236 2405 petulentia,
1287 2312 1470 2396 Abrabae,
1495 2317 1618 2402 Iacob,
1644 2312 1782 2409 loseph,
1806 2313 1931 2386 Esaiae
1946 2331 1981 2388 et
1995 2319 2159 2398 aliorum,
2184 2344 2274 2411 pm-

281 2441 320 2511 ni
354 2437 445 2507 sicut
475 2429 615 2524 Ulysses
648 2424 790 2495 comites
822 2445 863 2490 eo
896 2419 1109 2500 dormiente,
1155 2439 1251 2484 eum·
1286 2416 1391 2486 fessio
1414 2417 1597 2487 doctrinae
1618 2418 1663 2488 de
1686 2416 1781 2501 Deo,
1812 2416 1916 2507 Legis
1937 2430 1971 2488 et
1992 2413 2199 2508 Evangelii,
2235 2435 2273 2493 et

256 2469 371 2614 dtrem
403 2527 609 2613 ab'Aeolo,
643 2527 814 2594 donatum
845 2519 1076 2608 aperuissent,
1112 2529 1235 2586 ventos
1288 2516 1490 2607 propagatio
1512 2512 1683 2610 Physicae
1703 2543 1743 2588 ac
1767 2515 1927 2588 Medieae
1948 2519 2044 2593 artis.
2105 2517 2273 2591 Vidimus

257 2643 447 2716 emiserunt
485 2630 547 2724 qui
561 2631 654 2698 inter
668 2648 739 2694 sese
756 2620 925 2691 contrarii
939 2617 1133 2687 sevissimae
1146 2629 1236 2686 tem·
1288 2639 1367 2686 eum
1384 2617 1512 2707 pellere
1529 2617 1681 2688 calculos
1696 2618 1829 2687 succini
1846 2616 2048 2689 Bomssiaci
2062 2619 2274 2711 pulviuscu.

255 2753 406 2836 pestates
428 2689 637 2804 circitaruut:
664 2725 715 2795 ita
734 2721 803 2814 ipsi
822 2721 920 2790 velut
939 2719 1053 2809 sopito
1078 2711 1236 2787 Luthero
1287 2717 1343 2800 lo,
1369 2730 1404 2787 et
1419 2716 1458 2785 in
1475 2739 1540 2786 sno
1555 2741 1713 2807 corpore,
1741 2731 1775 2786 et
1790 2719 1827 2786 in
1842 2718 1933 2791 aliis,
1986 2717 2152 2791 Vidimus
2166 2721 2273 2790 ΜΟ,

258 2836 432 2913 contraria
468 2815 632 2918 dogmata
665 2834 886 2916 sparserunt,
927 2834 962 2890 et
991 2818 1236 2889 moestissimus
1287 2830 1405 2887 rantes
1417 2818 1566 2886 laterum
1580 2818 1703 2888 dolore
1718 2817 2069 2890 foeliciterliberatos
2079 2843 2163 2906 esse,
2188 2845 2273 2892 enm

234 2938 431 3014 'Ecclesiae
458 2928 679 3001 horribiliter
707 2925 953 2994 dilacerarunt.
1029 2916 1110 3005 Qua
1137 2919 1176 2985 in
1198 2939 1237 2984 re
1287 2919 1387 2984 daret
1409 2909 1578 2986 Acanthii
1599 2939 1747 3010 aquam,
1778 2920 1835 2987 cui
1856 2921 1951 3010 apud
1974 2943 2040 2990 nos
2063 2944 2195 2992 nomen
2219 2935 2274 2994 est

144 3093 151 3098 -
256 3064 332 3114 non
352 3038 464 3108 solum
486 3027 593 3102 huius
615 3024 783 3115 temporis
796 3021 1010 3110 deploranda
1029 3033 1079 3087 est
1094 3015 1236 3085 calami·
1286 3011 1419 3084 Cardni
1429 3013 1622 3089 Benedicti.
1670 3016 1835 3088 Vidimus
1850 3043 2047 3110 repressum
2062 3023 2107 3092 ab
2122 3045 2274 3118 eunap-

257 3157 311 3216 tas
350 3139 410 3208 sed
432 3133 544 3202 multo
560 3127 669 3216 magis
687 3119 900 3215 posteritatis
915 3132 949 3188 et
961 3118 1153 3186 liberorum
1169 3137 1236 3182 no·
1287 3109 1457 3209 διωγμὸν
1477 3116 1516 3183 in
1533 3139 1662 3205 magno
1677 3119 1855 3207 periculo,
1879 3121 2069 3192 corticibus
2083 3123 2181 3214 pomi
2195 3122 2274 3194 Pu-

258 3195 412 3316 strdrnm
433 3255 535 3304 causa
558 3228 750 3299 dolendum
775 3235 835 3290 est.
890 3217 980 3288 Nam
1004 3216 1107 3286 etiam
1128 3238 1235 3307 parva
1288 3215 1380 3298 uici,
1414 3215 1476 3306 qui
1498 3214 1599 3285 Sidia
1622 3219 1866 3290 nominantur.
1931 3220 2028 3292 llaec
2049 3247 2091 3292 eo
2114 3247 2274 3294 comme.

258 3338 431 3413 dissensio
460 3329 582 3414 initio,
621 3324 743 3397 crescit
772 3334 929 3411 tempore
958 3341 1037 3387 cum
1066 3317 1238 3385 accedunt
1288 3338 1410 3398 moro,
1434 3323 1475 3384 ut
1495 3314 1606 3406 ipsius
1628 3319 1799 3389 iudicium
1821 3334 1854 3391 et
1875 3323 2072 3411 exemplum
2090 3346 2273 3414 opponam

258 3443 341 3514 odia
392 3450 425 3507 et
454 3445 569 3525 partes
599 3423 812 3498 factionibus
842 3432 1044 3502 armantur,
1075 3417 1166 3486 sicut
1193 3416 1237 3482 de
1287 3414 1431 3484 furiosis
1450 3417 1689 3507 ¹quibusdam,
1720 3419 1783 3512 qui
1806 3421 2013 3509 sapientiam
2040 3445 2113 3492 esse
2135 3437 2275 3514 putant,

257 3489 444 3617 Discirdia
471 3531 647 3602 Homerus
679 3522 814 3616 inquit:
855 3518 968 3590 Parva
997 3530 1094 3587 metu
1122 3516 1236 3607 primo
1289 3537 1353 3583 nec
1372 3527 1555 3599 naturam,
1576 3539 1641 3586 nec
1654 3517 1792 3588 divinas
1805 3522 2180 3608 commonefactiones,
2205 3547 2274 3594 nee

258 3667 341 3716 mox
361 3662 434 3711 sese
452 3631 545 3707 tollit
559 3632 598 3700 in
613 3647 734 3711 auras,
758 3621 1024 3713 ingrediturque
1040 3617 1115 3686 solo
1131 3629 1166 3685 et
1181 3637 1238 3683 ca·
1288 3614 1458 3684 beneficia
1479 3612 1547 3683 Dei
1575 3617 1770 3707 adspicere,
1802 3620 1863 3689 sed
1892 3634 2030 3692 tantum
2054 3618 2206 3710 heluari,
2237 3639 2275 3696 et

145 3747 147 3752 ’
258 3756 325 3838 put
346 3742 439 3812 iuter
458 3733 581 3805 nubila
601 3727 733 3800 condit.
784 3721 834 3795 Et
849 3719 1024 3791 Pindarus
1043 3709 1238 3810 inquit:A
1289 3715 1369 3783 aliis
1392 3716 1576 3785 obscoenis
1596 3716 1838 3807 voluptatibus
1858 3744 1933 3791 sese
1949 3723 2093 3807 dedere,
2119 3725 2274 3795 sineor..

259 3865 367 3938 parva
386 3835 537 3908 scintilla
554 3852 654 3920 saepe
668 3841 775 3898 totam
790 3824 925 3917 sylvam
942 3819 1114 3892 comburi.
1155 3813 1238 3886 Nou
1288 3814 1395 3900 diue,
1427 3814 1504 3884 siue
1531 3815 1687 3906 legibus,
1717 3815 1914 3913 Cyclopum
1941 3845 2042 3892 more
2065 3824 2202 3911 vivere,
2237 3839 2274 3897 et

259 3963 403 4040 possum
420 3937 529 4026 igitur
542 3932 618 4001 sine
633 3924 768 4015 ingenti
783 3924 923 4006 dolore,
944 3933 978 3992 et
993 3943 1048 4004 ea,
1073 3940 1163 4012 quae
1180 3939 1239 3986 ac·
1288 3929 1409 4008 postea
1421 3911 1513 3985 bane
1526 3917 1723 3988 barbariem
1735 3920 1921 3992 nominare
1932 3922 2190 4011 fortitudinem,
2211 3939 2276 3998 aut

260 4046 424 4117 ciderunt
443 4033 511 4106 hoc
532 4029 722 4111 decennio,
747 4037 781 4094 et
801 4045 891 4116 qnae
912 4033 1026 4092 secuta
1051 4030 1154 4101 sunt,
1178 4040 1238 4087 co·
1289 4015 1393 4088 etiam
1406 4017 1583 4108 pietatem.

260 4147 382 4236 gitare.
434 4136 505 4209 Sed
527 4147 706 4222 utrunque
730 4125 879 4207 scimus,
912 4136 946 4191 et
966 4117 1052 4189 baec
1072 4142 1145 4189 esse
1166 4118 1239 4186 fata
1389 4113 1440 4188 Ut
1458 4131 1573 4187 autem
1595 4119 1729 4212 aliquid
1748 4122 1877 4193 usitato
1896 4145 1995 4190 more
2011 4122 2056 4190 de
2070 4121 2187 4215 aliqua
2202 4145 2274 4193 no-

260 4243 369 4318 huius
394 4236 581 4327 languidae
609 4244 643 4300 et
672 4227 803 4298 delirae
834 4220 960 4293 mundi
987 4217 1163 4302 senectae,
1199 4229 1240 4286 ut
1290 4228 1381 4286 strae
1404 4217 1489 4287 artis
1511 4231 1611 4310 parte
1633 4220 1766 4303 dicam,
1790 4237 1830 4293 ut
1849 4235 1952 4292 antea
1977 4223 2021 4290 de
2039 4221 2273 4293 fabricatione

261 4337 485 4417 confusiones
513 4331 648 4425 generis
678 4325 828 4398 humani
857 4347 893 4394 se
917 4334 1049 4392 uantur
1076 4318 1241 4401 maiores,
1289 4317 1406 4387 cordis
1426 4332 1462 4389 et
1482 4316 1719 4389 thalamorum
1741 4321 1816 4391 eius
1839 4322 1931 4407 diri,
1955 4322 2002 4392 ita
2021 4345 2116 4391 nune
2131 4325 2175 4391 de
2189 4325 2274 4414 pul..

260 4467 368 4542 quam
387 4441 533 4510 fuemnt
553 4447 674 4514 antea,
700 4443 735 4501 et
757 4440 875 4498 tamen
894 4348 989 4494 ilius
1003 4419 1090 4505 Dei,
1113 4417 1239 4490 Domi·
1289 4441 1396 4487 mone
1418 4432 1452 4489 et
1472 4419 1516 4490 de
1538 4420 1743 4490 discrimine
1763 4423 1911 4492 arteriae
1934 4417 2095 4493 tracheae
2118 4436 2154 4492 et
2168 4447 2273 4493 oeso-

260 4568 328 4616 nus
350 4553 470 4612 noster
489 4535 586 4606 lesus
604 4526 783 4612 Christus,
814 4548 950 4617 semper
969 4536 1148 4594 aeternam
1169 4514 1240 4588 Ee·
1291 4514 1396 4609 pbagi
1417 4521 1552 4607 dicam,
1577 4521 1673 4613 quod
1696 4536 1737 4592 ut
1758 4523 1928 4608 facerem,
1952 4524 2025 4612 ipsa
2040 4518 2191 4593 Lutberi
2213 4547 2273 4593 re.

260 4646 402 4718 eletiam
421 4639 631 4709 collecturus
650 4631 714 4714 sit,
739 4626 930 4719 etquidem
944 4625 983 4693 iu
999 4647 1040 4693 eo
1055 4633 1176 4704 coetu,
1200 4619 1238 4687 in
1289 4621 1493 4690 cordatione
1512 4636 1629 4692 motus
1650 4645 1741 4694 sum.
1791 4621 1963 4694 Distinxit
1981 4623 2077 4694 neu,
2099 4626 2189 4694 guo,
2211 4647 2273 4694 03,

261 4769 332 4839 quo
353 4766 421 4811 vox
432 4733 620 4827 Evangelii
642 4733 846 4818 incorrupta
869 4723 1020 4795 sonabit.
1077 4719 1178 4792 Sicut
1200 4719 1238 4787 in
1289 4721 1404 4801 nales,
1429 4745 1580 4815 quorum
1595 4722 1683 4792 alter
1696 4723 1814 4793 cibum
1830 4739 1865 4795 et
1880 4738 2001 4816 potum
2014 4717 2113 4794 vehit
2127 4725 2165 4794 in
2182 4749 2272 4794 ven-

173 4862 175 4874 ,
261 4841 493 4938 promissione
516 4833 717 4908 dulcissima
741 4828 908 4916 scriptum
931 4838 998 4894 est:
1030 4819 1136 4892 Utin
1159 4820 1239 4888 vin·
1291 4821 1476 4902 tricolum,
1514 4821 1697 4905 videlicet,
1737 4820 1972 4914 oesophagus,
2006 4827 2097 4898 alter
2118 4825 2176 4894 cui
2200 4849 2271 4894 no·

261 4943 376 5016 demia
392 4941 501 5010 sterili
515 4961 594 5007 cum
610 4934 732 5001 vineae
747 4928 864 4997 cultor
877 4925 1004 5016 passim
1018 4921 1158 4989 invenit
1172 4919 1239 4988 ali·
1290 4943 1372 4989 men
1401 4934 1454 4992 est
1481 4922 1607 4992 arteria
1639 4918 1799 5008 trachea,
1831 4949 1896 4994 nec
1917 4926 2034 4996 cibum
2058 4949 2124 4994 nec
2144 4938 2270 5016 potum

261 5065 350 5139 quas
390 5041 448 5110 sed
464 5059 591 5128 paucas
604 5054 706 5111 uvas,
730 5030 842 5098 laetus
856 5025 928 5112 agit
942 5021 1018 5092 Deo
1034 5020 1179 5111 gratias,
1206 5033 1239 5088 et
1288 5015 1404 5106 vehit,
1426 5024 1487 5090 sed
1506 5024 1603 5093 cordi
1620 5023 1807 5093 adiunctus
1823 5039 1893 5111 est,
1918 5028 2013 5095 velut
2025 5039 2146 5095 orator
2162 5025 2271 5096 Prin·

259 5142 324 5216 has
350 5094 437 5211 iuvas
456 5132 625 5207 custodiri
642 5133 749 5200 iubet.
802 5123 853 5196 lta
871 5125 909 5192 io
926 5118 1240 5214 postremamundi
1290 5120 1373 5210 cipi.
1422 5119 1514 5191 Nam
1535 5123 1568 5192 et
1589 5122 1680 5192 aeris
1698 5119 1885 5196 hauriendi
1902 5141 1936 5196 et
1951 5126 2134 5199 emittendi
2152 5150 2270 5212 causa,

261 5254 399 5316 senecta
441 5217 644 5330 quanquam
660 5226 848 5299 horribiles
864 5223 1087 5296 confusiones
1103 5219 1240 5310 generis
1289 5233 1325 5289 et
1347 5236 1491 5311 propter
1514 5246 1635 5292 vocem
1657 5223 1769 5294 fectus
1790 5240 1852 5298 est.
1902 5221 2034 5296 Omnia
2056 5225 2095 5294 iu
2116 5228 2272 5298 fabrica-

259 5293 417 5417 humani
437 5339 577 5408 futurae
606 5340 707 5412 sunt,
741 5342 860 5398 temen
884 5321 1038 5395 servabit
1054 5318 1151 5392 Deus
1171 5318 1241 5392 ali-
1290 5320 1388 5392 tione
1410 5315 1562 5394 humani
1583 5325 1741 5416 eorporis
1763 5327 1866 5418 plena
1886 5340 1968 5398 sunt
1990 5329 2095 5413 artis,
2128 5329 2270 5398 consilii
