4706 5818
15 281 16 290 ‘
89 292 185 380 ross
655 293 683 372 1.
716 286 1025 370 'ermomcon
1056 247 1304 366 canons,
1353 282 1552 364 sensu.
1926 252 1930 256 ’
2015 291 2112 368 roeo

87 465 235 539 doniam
257 475 292 536 et
323 461 506 558 Illyricum
540 464 748 536 nominatur
770 459 922 537 Cethim.
975 459 1077 551 Quae
1125 459 1203 552 pari
1221 460 1352 551 coepit,
1380 458 1613 552 compositum
1631 483 1672 532 ex
1685 457 1830 532 Hunnis
1842 472 1879 534 et
1893 457 1993 548 lura,
2016 464 2107 536 sicut

88 581 205 638 autem
220 578 256 636 et
271 566 335 636 ubi
350 568 395 636 sit
412 563 643 652 Macedonia,
668 579 794 636 notum
812 578 875 636 est.
913 562 1075 634 Fuerunt
1124 564 1217 652 apud
1233 559 1446 632 lornandem
1464 563 1631 634 scribitur
1645 561 1856 648 Hunnivar,
1881 567 1978 656 quod
2000 563 2106 636 Hun-

87 681 203 738 autem
238 666 349 736 vicini
383 665 624 736 Macedonum
657 663 879 760 Thucydidis
916 678 1073 754 tempore
1124 665 1164 732 ni
1180 675 1214 733 et
1228 663 1363 732 Avares
1379 663 1482 732 mixti
1497 665 1653 737 luerunt.

87 767 248 847 Poeones
263 768 309 838 ad
327 765 573 862 Strymonem,
597 777 632 836 et
655 767 864 856 significatio
881 765 1073 836 vocabulo·
1224 760 1302 836 Etsi
1320 775 1438 835 autem
1462 776 1547 835 tunc
1567 762 1793 854 Longobardi
1809 764 1980 837 Noricum
2002 781 2037 838 et
2050 768 2106 835 vi-

15 903 19 914 ·
88 893 167 940 mm
191 869 317 938 eadem
338 880 403 943 est.
462 865 553 938 Nam
573 865 693 938 Poeon
716 865 866 939 Graecis
888 867 983 937 idem
1010 877 1073 950 est,
1122 865 1202 937 cina
1218 865 1294 935 loca
1310 877 1519 936 tenuerunt:
1542 878 1659 936 tamen
1673 867 1757 936 inde
1772 868 1841 937 cito
1860 867 2106 956 discesserunt,

86 971 182 1062 quod
199 965 373 1040 Hebraeis
387 962 549 1052 cethim,
576 970 673 1060 quod
700 968 871 1059 significat
887 988 1073 1060 percusso-
1122 981 1157 1038 et
1193 964 1330 1056 Ungari
1366 967 1621 1056 possessionem
1655 971 1755 1056 regui
1792 981 1982 1040 tenuerunt
2019 969 2104 1040 inde

86 1093 150 1142 res.
202 1067 281 1139 Alii
302 1091 433 1139 nomen
458 1066 580 1138 Poeon
598 1069 757 1141 lecerunt
778 1068 950 1154 ePaean‚
975 1069 1073 1162 quod
1122 1091 1234 1162 usque
1250 1091 1269 1138 a
1288 1065 1545 1138 lustinianoad
1564 1089 1681 1156 regem
1696 1063 1885 1139 Matthiam
1904 1092 2016 1140 annos
2033 1071 2104 1140 cir-

86 1172 233 1241 vetustis
260 1183 310 1242 est
331 1191 473 1240 carmen
498 1166 733 1261 triumphale,
764 1183 826 1242 eut
856 1183 909 1242 est
940 1192 1072 1240 nomen
1122 1171 1210 1241 citer
1224 1169 1456 1259 octingentos.
1493 1168 1645 1239 interea
1667 1191 1791 1258 magna
1810 1171 1904 1240 bella
1920 1195 1998 1241 cum
2013 1167 2104 1240 Bul·

84 1270 194 1362 patris
206 1266 444 1350 Philoctetae,
472 1270 535 1362 qui
553 1269 620 1340 luit
635 1267 800 1342 Herculis
816 1294 944 1342 comes.
986 1270 1071 1343 Sive
1121 1271 1231 1360 garis,
1256 1283 1375 1362 postea
1397 1294 1478 1342 cum
1501 1269 1748 1358 Longobardis
1772 1270 1948 1354 inltalia,
1972 1271 2103 1341 deinde

84 1372 193 1460 igitur
215 1394 236 1442 a
260 1369 438 1456 victoriis,
463 1370 537 1440 sive
562 1372 608 1440 ab
629 1367 794 1443 Herculis
812 1372 940 1443 comite
953 1371 1072 1442 nomi·
1121 1395 1200 1442 cum
1211 1366 1399 1442 Germanis
1414 1384 1494 1463 post
1507 1365 1735 1461 Arnolpbum
1750 1369 1998 1460 imperatorem
2013 1383 2104 1442 tem·

83 1473 159 1542 nati
176 1487 262 1546 sunt
276 1471 446 1552 Poeonii,
471 1495 605 1542 nomen
620 1494 694 1542 esse
711 1471 998 1566 antiquissimum
1018 1485 1071 1544 te·
1120 1494 1206 1564 pore
1220 1469 1368 1542 Heurici
1383 1466 1561 1563 Aucupis,
1587 1484 1622 1543 et
1635 1471 1800 1561 deinceps
1817 1485 2015 1559 gesserunt,
2040 1472 2102 1542 sed

86 1585 224 1644 stantur
241 1571 440 1658 Homerus,
463 1567 656 1663 Euripides
676 1588 711 1645 et
732 1570 973 1667 Thucydides.
1022 1569 1071 1644 Et
1120 1586 1238 1644 tamen
1255 1573 1427 1663 possessio
1446 1569 1652 1644 Pannoniae
1673 1593 1780 1665 penes
1794 1569 1986 1660 ilungaros
1999 1593 2102 1642 men-

84 1673 165 1766 quia
187 1698 260 1745 vox
275 1673 412 1764 Graeca
437 1687 507 1759 est,
533 1673 708 1744 coloniam
731 1695 804 1746 esse
821 1673 993 1746 Graecam
1007 1695 1070 1765 ap·
1119 1673 1185 1760 sit,
1210 1674 1272 1767 qui
1283 1696 1405 1745 recens
1420 1674 1559 1746 circiter
1574 1686 1715 1744 centum
1737 1695 1850 1743 annos
1868 1670 1945 1742 Deo
1958 1672 2103 1742 iuvante

83 1787 191 1862 paret.
244 1773 337 1846 Cum
360 1797 445 1844 vero
464 1774 636 1870 paulatim
659 1773 881 1869 aStrymone
895 1774 1070 1866 progressi
1118 1775 1260 1847 lortitor
1273 1789 1514 1866 represserunt
1529 1775 1683 1858 Turnus,
1709 1797 1749 1846 ac
1766 1774 1862 1844 velut
1879 1794 2002 1844 murus
2017 1772 2102 1841 reli·

84 1875 230 1944 suntad
259 1873 408 1958 Istrum,
442 1875 571 1944 deinde
598 1876 782 1947 nominata
809 1890 862 1946 est
883 1874 1069 1946 Pannonia
1120 1899 1210 1968 quae
1222 1873 1389 1968 Europae
1413 1877 1582 1948 adversus
1605 1899 1664 1948 eos
1683 1876 1841 1948 fuerunt.
1893 1872 2001 1963 Quod
2017 1893 2100 1944 vern

84 1997 166 2043 voce
188 1972 455 2068 aliquantulum
479 1975 612 2045 deflexa
639 1973 851 2048 aPoeonia.
909 1972 1070 2069 Cumque
1119 1978 1265 2071 quidam
1281 1990 1446 2057 narrant,
1469 1974 1637 2050 Catulum
1652 1978 1804 2068 potitum
1821 1997 1893 2046 esse
1902 1973 2102 2053 Pannonia,

85 2074 189 2166 stirps
205 2076 315 2146 fuerit
329 2072 479 2161 Graeca,
503 2076 609 2146 urbes
627 2076 754 2146 veteris
767 2076 976 2148 Pannoniae
992 2101 1070 2146 ma·
1119 2092 1154 2149 et
1167 2079 1344 2152 coloniam
1359 2103 1400 2148 eo
1413 2078 1616 2163 deduxisse,
1642 2079 1759 2150 inanis
1779 2077 1900 2146 fabula
1916 2087 1978 2150 εει.
2029 2071 2102 2144 Sed

84 2173 131 2262 gis
147 2188 298 2246 ornatae
313 2176 458 2248 suerunt
477 2177 633 2266 legibus,
657 2177 845 2257 aedificiis,
871 2179 1069 2268 disciplina,
1117 2177 1354 2248 -Teutonicam
1369 2179 1527 2267 linguam
1542 2180 1735 2252 retinentes
1749 2179 1796 2247 ad
1807 2173 1999 2268 Carpatum
2013 2185 2048 2244 et
2063 2174 2101 2242 in

85 2297 188 2366 quam
207 2273 300 2346 aliae
316 2276 462 2350 vicinae.
512 2275 596 2348 Post
609 2275 906 2366 praedicationem
915 2278 1068 2368 Aposto-
1119 2277 1248 2346 vicinia
1265 2279 1436 2368 reliquiae
1452 2292 1536 2348 sunt
1552 2277 1746 2350 Gottorum
1759 2290 1931 2351 veterum.

82 2373 197 2444 lorum
216 2377 289 2446 Clio
307 2376 411 2447 ellam
425 2373 604 2445 Ecclesiae
619 2377 672 2446 lbi
688 2380 897 2450 constitutae
913 2393 1008 2458 sunl,
1033 2390 1069 2448 el
1217 2391 1315 2464 Haec
1336 2393 1491 2464 breviter
1514 2390 1572 2462 hic
1596 2395 1759 2472 recitavi,
1791 2408 1832 2467 ug
1856 2395 1964 2465 geg-ies
1982 2413 2103 2464 rerum

82 2476 197 2545 ‘ludia
218 2474 533 2564 Gf³⁸⁶³⁰¹l¹¹8¹¹³⁶
557 2475 834 2551 iblflffiufflffll·
886 2477 975 2548 Nam
994 2477 1070 2549 11⁰·
1118 2493 1404 2565 Pannonicarum
1425 2495 1546 2587 aliquo
1562 2495 1669 2563 modo
1683 2492 1722 2562 in
1740 2508 1928 2586 conspectu
1943 2506 2044 2566 esset.

82 2597 190 2646 naeus
206 2573 404 2668 Episcopus
427 2578 465 2644 in
489 2574 631 2669 Syrmio
654 2578 829 2668 supplicio
845 2577 989 2649 affectus
1007 2592 1068 2652 ²⁵¹·
1222 2610 1269 2685 Ut
1284 2623 1400 2682 autem
1411 2610 1605 2681 Ardericus
1619 2609 1706 2681 vicit
1720 2609 1832 2680 lilium
1842 2609 1974 2680 Attilae
1985 2604 2101 2679 Ellac:

82 2671 206 2746 Fuisse
230 2691 348 2747 autem
371 2671 598 2770 Thucydidis
620 2690 778 2768 tempore
801 2676 910 2749 Getas
932 2679 1068 2750 vicinos
1118 2714 1168 2784 iffa
1199 2711 1290 2782 cim
1321 2709 1462 2782 Budam
1490 2709 1691 2782 walemir
1720 2731 1782 2779 m
1812 2707 1976 2779 goffia„
2017 2707 2103 2778 „gest

82 2771 252 2846 Poeoniis
268 2777 492 2848 manifestum
509 2789 580 2862 est,
605 2789 639 2847 ει
653 2776 855 2848 Alexander
869 2803 949 2848 curn
964 2777 1069 2850 Geti-
1118 2813 1356 2883 aliumfflium
1373 2809 1505 2882 Annae
1524 2809 1754 2881 vindonem,
1803 2809 2102 2902 Reyyqninugem

81 2897 119 2942 ⁰⁰
143 2899 230 2966 ‘²5⁶
246 2877 376 2976 symm
399 2878 535 2947 bellum
554 2876 680 2966 Smila
705 2879 789 2948 inde
807 2879 989 2975 syrmium
1005 2881 1067 2950 de·
1118 2909 1284 2983 heredem
1312 2913 1455 2982 fratrem
1477 2907 1719 2995 Theudomir,
1751 2933 1831 2980 cum
1863 2934 1933 3004 quo
1965 2931 2103 2980 summa

80 2978 307 3095 ”minium
326 3000 399 3048 ⁸⁸³⁰
414 3003 433 3046 ὃ
449 2974 862 3100 ὃῖῗῐῃῆωῃῧωῑῧῗωω
880 2995 940 3056 ²⁵²·
970 3061 973 3068 ·
1118 3013 1306 3084 concordia
1324 3013 1470 3086 vixerat.
1511 3009 1545 3081 ls
1560 3006 1786 3081 Theudomir
1801 3024 1899 3102 pater
1914 3024 1966 3081 est
1979 3005 2102 3080 Theo·

182 3076 260 3148 Diu
282 3089 400 3148 autern
426 3077 584 3152 Romam
605 3076 812 3152 Pannonios
832 3083 1069 3153 defenderunt
1119 3115 1228 3184 defici
1250 3111 1481 3198 peronem,

79 3191 205 3248 contra
221 3177 357 3253 vicinos
370 3177 478 3250 Getas
500 3193 534 3250 et
549 3178 681 3264 Dacos,
703 3183 817 3252 donec
831 3187 977 3253 tandem
994 3179 1068 3250 Va·

77 3275 187 3345 lentis
208 3274 432 3369 imperatoris
451 3293 608 3366 tempore
626 3277 738 3348 Getae
760 3284 909 3352 victores
924 3281 1069 3350 Panno-

77 3377 176 3446 niam
194 3391 431 3467 occuparunt,
456 3389 491 3446 et
507 3377 648 3445 eosdem
670 3399 744 3446 csse
760 3377 870 3448 Getas
889 3392 923 3448 et
938 3377 1068 3446 Gottos

79 3499 153 3546 non
172 3476 326 3546 dubium
342 3489 407 3548 est.
448 3473 629 3548 Vetustior
645 3491 761 3548 autem
779 3480 877 3548 sedes
893 3477 1067 3548 Getarum

81 3575 118 3644 in
133 3572 223 3648 Asia
238 3599 328 3669 quae
341 3577 468 3657 luerit,
491 3600 533 3646 ex
546 3573 731 3650 Herodoto
745 3579 896 3668 intelligi
910 3592 1034 3672 potest.

182 3674 429 3748 Valentiniani
444 3675 507 3748 111.
531 3691 689 3770 tempore
714 3673 827 3750 Attila
849 3678 1004 3750 Hunnos
1027 3679 1067 3748 in

82 3773 305 3848 Pannoniam
322 3779 478 3864 adduxit,
504 3791 538 3850 et
553 3780 624 3852 late
638 3780 815 3869 regnavit,
841 3781 898 3852 cui
915 3794 948 3851 et
964 3779 1066 3852 Gotti
1218 3782 1373 3856 Gentem
1403 3781 1579 3854 Henetarn
1610 3783 1764 3854 vicinam
1793 3781 1900 3853 luisse
1926 3779 2101 3878 Phrygiae

1503 3125 1543 3182 ut
1559 3135 1625 3182 nos
1644 3111 1888 3193 nominamus,
1914 3111 1977 3206 qui
1999 3109 2103 3182 aZe-

1117 3239 1213 3285 none
1240 3215 1280 3282 in
1301 3213 1442 3285 ltaliam
1466 3215 1593 3284 missus
1619 3209 1825 3284 Odoacrum
1853 3210 2042 3306 oppressit,
2067 3223 2103 3280 et

1122 3313 1825 3404 fflmfflmmwmw..
2077 3320 2080 3328 '

1118 3535 1207 3620 Quo
1233 3514 1441 3624 tempore
1469 3527 1664 3602 conditu
1687 3536 1755 3602 stt
1785 3527 1891 3602 urbs
1917 3534 2099 3606 Veneto

1298 3639 1346 3706 in
1372 3637 1479 3704 sines
1504 3633 1649 3704 muris
1671 3631 1924 3705 Adriatici.

85 3900 207 3964 parere
221 3901 296 3948 non
312 3892 530 3952 recusarunt.
570 3875 643 3952 Ubi
656 3893 774 3953 autem
791 3896 924 3952 veteres
939 3879 1067 3951 Hunni
1118 3887 1340 3958 manifestum
1363 3897 1416 3956 est
1429 3907 1471 3956 ex
1485 3882 1645 3956 Homero
1665 3898 1700 3958 ει
1715 3883 1923 3976 Apollonio.
1973 3881 2028 3954 Ea
2044 3907 2121 3956 rea.
2242 3925 2246 3934 ·

84 3977 234 4064 luerint,
266 4003 309 4049 ex
332 3979 452 4050 Plinio
476 3980 629 4070 intelligi
657 3995 793 4072 potest,
827 3983 887 4077 qui
919 3983 1067 4053 collocat
1117 3989 1174 4078 gio
1192 4001 1310 4078 postea
1328 3987 1420 4056 dicta
1444 4001 1496 4057 est
1514 3981 1757 4079 Paphlagonia
1777 4008 1798 4056 a
1817 3979 1997 4075 Paphlago
2012 3981 2103 4057 Pht:

84 4099 139 4146 eos
168 4080 265 4172 apud
295 4075 494 4164 Tocharos,
527 4081 588 4174 qui
619 4080 818 4155 Bactrianis
855 4084 966 4155 vicini
989 4084 1067 4154 fue·
1117 4087 1282 4159 neililid.
1331 4083 1471 4160 Deinde
1487 4085 1625 4158 Galatis
1646 4085 1685 4156 in
1702 4110 1741 4156 ea
1758 4086 1902 4171 regione
1923 4087 2023 4154 sedes
2036 4086 2102 4156 da-

83 4192 176 4254 mnt.
229 4177 348 4251 Sonus
374 4181 539 4252 vocabuli
562 4198 656 4255 certe
685 4178 850 4276 congruit
877 4209 957 4257 cum
986 4208 1068 4256 ver·
1118 4201 1291 4273 laesum,
1317 4211 1405 4281 quos
1422 4188 1461 4258 in
1476 4186 1597 4258 Asiam
1621 4186 1764 4256 attraxit
1786 4177 1990 4254 Antiochus
2012 4183 2102 4256 Hie·-

83 4275 127 4346 bo
148 4275 294 4361 Charra,
326 4284 423 4375 qnod
446 4295 496 4352 est
520 4295 632 4354 castra
654 4288 784 4377 posuit.
842 4286 931 4357 lnde
954 4297 1068 4380 potest
1117 4314 1180 4360 rax
1204 4291 1297 4361 inter
1320 4285 1512 4383 Phrygiam
1534 4299 1570 4358 et
1589 4281 1784 4380 Chalybes,
1810 4286 1875 4378 qui
1895 4287 2101 4358 venasserri

83 4397 152 4448 εεεε
173 4377 319 4466 Hunni,
354 4383 453 4475 quasi
483 4396 596 4454 castra
624 4401 805 4474 ponentes.
864 4387 933 4459 Sed
962 4388 1067 4459 tertio
1120 4405 1155 4462 ει
1170 4391 1306 4480 argenti
1328 4385 1549 4475 babuerunt,
1576 4389 1673 4458 unde
1696 4407 1827 4457 nomen
1843 4386 1910 4456 luit
1925 4381 2040 4481 Alybe
2054 4388 2100 4457 ab
2176 4417 2179 4426 ’

84 4495 175 4549 anno
189 4494 269 4571 post
285 4482 418 4554 Attilae
434 4497 583 4554 mortem
601 4485 704 4558 Gotti
727 4512 850 4559 rursus
868 4489 970 4581 potiti
986 4503 1069 4558 sunt
1117 4490 1280 4564 Hebraea
1302 4515 1388 4561 voce
1407 4485 1525 4569 lobel,
1559 4489 1655 4582 quod
1676 4487 1818 4578 proprie
1834 4485 2101 4576 significatMe-

85 4599 189 4668 rcgno
207 4579 425 4657 Pannoniae.
477 4582 569 4654 Nam
587 4583 766 4680 Gepidae,
792 4591 966 4683 qninunc
985 4604 1067 4662 sunt
1117 4593 1254 4668 talium.
1303 4586 1359 4661 Ex
1375 4615 1461 4662 voce
1475 4603 1592 4662 autem
1610 4588 1726 4684 Alybe
1746 4588 1879 4664 lactum
1902 4599 2100 4658 estuomen

85 4674 244 4770 Seposii,
269 4705 349 4774 pars
364 4683 723 4760 lueruntGottorum.
771 4689 856 4763 Fuit
870 4702 985 4761 autem
996 4686 1067 4760 Ar·
1117 4685 1319 4787 Chalybes.

86 4775 234 4868 daricus,
258 4786 320 4878 qrri
334 4786 449 4860 filium
464 4781 598 4859 Attilae
612 4790 709 4874 vicit,
734 4812 795 4859 rex
808 4789 1040 4884 Gepidarum.
1217 4791 1438 4865 Mentionem
1464 4791 1546 4864 lacit
1569 4787 1792 4863 Henetorum
1821 4804 1858 4863 ει
1883 4785 2099 4874 Herodotus,

113 4976 121 4995 ι
180 4881 270 4954 Post
298 4901 585 4960 annos·centum
608 4902 766 4979 tempore
789 4889 980 4963 lastiniani
1007 4916 1065 4963 re-
1117 4895 1187 4965 sed‘
1203 4909 1286 4967 tunc
1317 4917 1398 4964 cnm
1427 4905 1621 4965 tennerunt
1637 4885 1751 4966 ¹littus
1780 4892 1889 4962 maris
1913 4889 2101 4965 Adriatici.

89 4975 229 5054 dierunt
256 4983 402 5071 Hunni,
434 5000 468 5058 et
494 4988 653 5060 adiuncti
677 4990 727 5060 eis
748 4991 893 5065 luerunt
916 4995 1064 5080 Avares,
1115 4994 1401 5068 Consentaneum
1417 5007 1469 5067 est
1484 5008 1599 5066 autem
1615 4993 1842 5064 vetustiorem
1858 4995 1978 5063 sedem
1992 4991 2100 5064 luisse

91 5083 146 5166 qui
168 5100 385 5177 occuparunt
408 5083 599 5158 Thraciam
621 5105 658 5164 et
681 5090 816 5163 vicinas
843 5095 1004 5185 regiones
1031 5113 1065 5168 et
1115 5121 1222 5190 qnam
1239 5111 1431 5170 tennerunt
1441 5097 1527 5168 belli
1537 5093 1686 5165 Troiani
1697 5105 1854 5182 tempore
1864 5087 2101 5187 propePhry·

90 5169 316 5290 Pannoniam.
366 5186 527 5261 Fuerunt
546 5185 665 5263 autem
690 5189 823 5266 Avares
845 5195 1062 5268 Hunnorum
1115 5199 1219 5288 giam.
1272 5199 1324 5271 Ac
1339 5211 1485 5269 narrant
1500 5209 1581 5289 post
1595 5196 1731 5267 bellurn
1748 5194 1945 5268 Troianum
1961 5194 2006 5262 eb
2021 5191 2102 5261 An·

91 5283 207 5373 tlciui,
234 5311 274 5358 ex
296 5313 335 5359 ea
365 5293 509 5380 regione
538 5313 629 5386 quae
651 5288 759 5366 hodie
778 5297 907 5368 retinet
930 5321 1061 5368 nornen
1114 5313 1238 5372 tenore
1260 5303 1304 5370 ad
1331 5301 1449 5371 sinum
1474 5297 1581 5368 maris
1604 5297 1778 5368 Adriatici
1799 5294 1958 5366 Henetus
1974 5291 2100 5364 ductos

92 5369 166 5458 lura
184 5388 276 5464 ultra
298 5389 543 5475 Moscoviam.⁴
578 5387 629 5467 Et
649 5417 781 5466 nornen
800 5397 935 5492 Ungari
959 5423 1076 5472 usur,
1113 5424 1201 5491 esse,
1223 5401 1382 5475 fortassis
1398 5401 1491 5472 idem
1510 5398 1612 5475 duxit
1627 5419 1687 5470 eos
1703 5398 1743 5471 in
1756 5397 1911 5470 vicinam
1927 5391 2100 5488 illyriam.
