4726 5828
105 291 156 368 ts
365 368 372 377 ,
803 283 963 366 DECL.
996 285 1070 364 DE
1102 281 1439 366 suetonis.
2081 281 2132 356 80

106 457 280 532 mediocri
296 459 483 542 exercitio,
508 471 570 528 aut
583 456 737 529 tersione
752 457 863 527 laxari
877 470 1042 549 possunt,
1064 459 1094 526 si
1144 457 1231 548 legis
1254 473 1304 530 est
1327 458 1367 528 in
1388 459 1552 544 cerebro,
1584 461 1645 529 sed
1670 459 1708 528 in
1732 457 1837 529 corde
1858 469 1942 534 sunt
1964 453 2129 526 incendia

106 561 185 656 quis
207 572 345 630 meatus
367 583 441 633 nou
461 559 611 648 ignoret.
663 556 825 652 Denique
847 559 952 629 multi
974 559 1093 646 magni
1144 561 1320 630 contraria
1338 573 1419 628 aute
1436 560 1624 645 delictum,
1648 575 1688 631 ut
1703 559 1904 630 Alexander
1919 557 2030 628 iratus
2043 553 2128 648 Cly-

106 661 226 732 morbi
254 659 361 731 initio
389 659 560 734 mediocri
588 659 835 730 observatione
862 659 992 750 depelli
1013 680 1094 748 pos·
1144 674 1219 729 tum
1235 657 1412 744 interficit,
1438 661 1503 730 etsi
1518 662 1583 731 scit
1596 662 1707 731 scelus
1723 683 1797 730 esse
1810 659 2006 730 interlicere
2020 656 2128 726 inno-

107 777 202 847 sunt,
230 762 294 854 qui
311 761 527 845 confirmati,
553 773 672 852 postea
686 783 762 829 non
776 776 925 854 possunt
937 785 1003 852 epe
1019 784 1094 831 rne-
1143 776 1303 847 centum,
1324 775 1359 832 et
1376 763 1521 856 quidem
1536 764 1707 848 amicum,
1732 776 1767 833 et
1781 763 1871 831 bene
1885 759 2064 830 meritum.

107 864 186 934 dica
202 861 293 936 tolli.

314 961 324 978 .
366 961 375 980 .
402 962 411 980 .
1243 891 1383 966 Rursus
1399 908 1515 965 autem
1539 885 1745 982 congruunt
1760 894 1889 964 noticia
1913 903 1947 962 et
1968 914 2031 964 cor
2047 903 2126 980 post

212 959 343 1032 Gravis
364 974 473 1052 rgrtur
493 983 595 1032 causa
619 973 670 1032 est
692 963 842 1032 tuendae
858 984 940 1031 cura
955 961 1093 1031 valetu-

111 1062 225 1136 dinis:
267 1085 331 1132 cur
361 1057 449 1132 haec
476 1061 579 1132 initia
605 1062 800 1133 anatomica
823 1063 988 1132 discenda
1011 1061 1094 1134 siut.
1143 1007 1381 1085 perpetratum
1407 995 1529 1068 scelm'
1592 994 1682 1065 Nam
1707 991 1909 1064 Alexander
1927 1016 1966 1061 m
1986 1013 2125 1061 mmo

106 1161 156 1234 Et
170 1162 341 1254 praecipit
355 1161 469 1242 Deus,
494 1186 568 1232 non
583 1164 697 1234 solum
714 1163 805 1233 tueri
821 1162 978 1255 corporis
993 1161 1093 1230 inco·
1142 1118 1302 1164 moerore
1318 1109 1389 1178 ω’
1413 1109 1599 1189 P⁰⁸lq¹¹³m
1613 1099 1696 1166 Μ
1710 1099 1862 1166 caedem·
1910 1090 1980 1164 ¹1¹⁰
1992 1103 2125 1162 ΜΝ*

187 1266 196 1282 ,
490 1263 499 1280 ,
1070 1262 1078 1278 ,
1143 1196 1439 1265 considerandum
1458 1210 1509 1266 est
1524 1199 1710 1267 consilium
1725 1195 1810 1282 Dei,
1833 1218 1943 1290 quare
1954 1189 2051 1263 hunc
2064 1215 2124 1262 or·

107 1265 325 1347 lumitatem,
364 1265 423 1333 sed
452 1275 557 1332 ettam
590 1260 761 1335 honorem
789 1259 919 1334 ltabere
941 1286 1093 1354 corpori,
1143 1295 1616 1368 dinemimanxefflnem.

106 1365 192 1459 quia
208 1378 243 1434 ct
259 1388 315 1433 ars
332 1365 369 1432 in
383 1363 614 1435 fabricatione
630 1364 871 1436 testimonium
887 1379 936 1437 est
958 1365 1003 1432 de
1015 1359 1091 1432 Deo

105 1465 254 1557 opifice,
279 1477 313 1535 et
329 1478 448 1535 nostra
469 1469 626 1537 membra
647 1477 731 1536 sunt
747 1489 879 1555 organa
900 1465 1092 1535 multarum

105 1566 310 1636 divinarum
326 1566 519 1636 actionum.

210 1665 282 1736 Sed
303 1666 522 1735 corrsideratc
542 1679 576 1736 et
597 1665 684 1735 alias
706 1689 843 1736 causas:
877 1664 1023 1736 Necesse
1041 1689 1060 1734 e

103 1771 145 1838 in
162 1767 419 1856 gubernatione
438 1787 598 1848 morum,
625 1767 713 1837 seire
730 1767 920 1837 discrimen
943 1765 1093 1837 noticia-

102 1892 188 1940 rum
204 1880 238 1936 et
254 1863 414 1937 motuum
429 1866 673 1936 voluntatiset
688 1868 814 1938 cordis.
854 1865 942 1937 Item
960 1869 1093 1937 iustru-

102 1981 228 2039 menta
243 1981 359 2037 motus
375 1967 509 2036 localis.
546 1963 682 2036 Harum
698 1992 816 2037 rerum
833 1963 926 2036 nihil
941 1967 1092 2054 intelligi
1811 2033 1817 2054 ι

102 2081 243 2161 potest,
268 2068 298 2135 si
313 2091 389 2137 non
403 2066 475 2136 sint
489 2078 572 2135 nota
588 2067 746 2136 membra
763 2065 908 2138 humani
924 2069 1092 2159 corporis.
1245 2069 1363 2158 Quam
1377 2071 1487 2140 multa
1505 2071 1632 2160 passim
1648 2072 1826 2167 leguntur,
1852 2093 2003 2164 quorum
2019 2063 2123 2138 enar-

101 2168 268 2240 Noticiae
283 2189 370 2260 quas
384 2167 463 2235 vult
478 2162 575 2236 Deus
592 2189 664 2236 esse
686 2169 847 2238 rectrices
865 2171 976 2254 vitae,
1010 2182 1092 2237 suut
1144 2171 1274 2241 rationi
1293 2197 1454 2261 magnam
1470 2174 1585 2242 lucem
1601 2174 1700 2242 addit
1716 2173 1875 2242 doctrina
1894 2171 2101 2244 anatomica.

102 2273 144 2339 in
162 2269 326 2354 cerebro,
352 2266 448 2360 quod
462 2267 638 2338 vibratum
664 2281 697 2338 et
717 2268 969 2340 illustraturus
988 2269 1093 2360 spiri-

102 2371 204 2444 tibus
226 2370 357 2439 iormat
376 2367 557 2456 imagines.
616 2364 672 2437 Er
702 2363 769 2439 bac
791 2371 872 2440 sede
900 2369 1092 2461 sapientiae

103 2484 304 2541 mmmm
317 2467 444 2587 Nflvi’
470 2468 532 2586 ‘lul
547 2480 762 2587 ‘liemmffm
779 2494 910 2588 (ΨΜ
924 2483 1026 2587 ffunl’
1058 2482 1093 2539 ‘l
1144 2506 1352 2574 nominatur
1365 2501 1531 2599 θυιιικὴ,
1557 2505 1721 2576 videlicet
1743 2508 1781 2575 in
1803 2508 1926 2586 corde,
1951 2507 2024 2574 duo
2040 2519 2124 2577 sunt

102 2587 226 2643 ‘⁰⁰¹⁰'
248 2570 390 2650 1⁰⁰³l¹⁵’
413 2593 453 2638 ³⁶
474 2593 623 2660 ¹mper¹⁰
642 2584 828 2660 ⁰⁰g¹l³¹¹l¹⁵
851 2583 961 2664 Palm
980 2571 1113 2648 Μοῖρ’
1143 2571 1438 2677 turbulentissimi
1476 2623 1510 2678 ct
1535 2607 1730 2678 saevissimi
1758 2608 1930 2687 adfectus,
1972 2611 2053 2678 Ira
2088 2620 2123 2678 et

101 2684 564 2789 ‘egunm‘⁰.¹g³⁰³.m⁰l¹¹.⁸
584 2670 715 2744 ¹⁰35&
766 2669 870 2789 Ham,
892 2669 1092 2789 libellam
1141 2706 1361 2779 Ambitio.
1421 2711 1523 2782 Hiet
1545 2710 1647 2780 facile
1667 2711 1907 2780 accenduntur
1928 2710 1965 2777 in
1987 2708 2122 2796 magnis

103 2775 185 2844 vult
198 2771 295 2842 Deus
310 2797 348 2838 rn
364 2771 469 2840 nobis
483 2771 655 2864 reliquam
671 2791 762 2856 esse,
786 2784 826 2842 ut
842 2785 887 2840 srt
906 2796 945 2838 m
965 2782 1091 2839 natura
1143 2809 1248 2892 viris,
1289 2825 1322 2880 et
1352 2814 1488 2883 accensi
1514 2811 1584 2882 late
1615 2812 1761 2884 turbant
1788 2811 1934 2922 hesperia
1957 2821 1991 2878 et
2013 2807 2122 2880 vitam

101 2871 295 2945 hominum
313 2871 488 2950 delectus,
515 2884 549 2942 et
565 2884 726 2940 externae
742 2871 896 2941 actiones
913 2873 957 2939 ad
978 2872 1090 2960 legem
1142 2932 1375 2987 communem·

101 2976 267 3046 divinam
283 2993 496 3061 congruere,
520 2971 619 3043 etad
643 2971 831 3041 utilitatem
852 2986 1012 3042 mutuam
1033 2993 1092 3039 ac·
1598 3044 1609 3060 ⁸
1919 3042 1928 3060 .

101 3073 327 3146 commodari
342 3072 489 3164 possint.
539 3066 702 3164 Denique
718 3085 760 3142 ut
780 3073 826 3143 sit
849 3073 886 3142 in
908 3071 1012 3142 nobis
1033 3071 1092 3138 in·
1189 3139 1196 3150 ,
1243 3042 1696 3127 swinfllufflmbllwn‘s
1726 3039 1968 3112 ⁸13⁰l²l⁸¹bl
1992 3045 2122 3115 elfilio

100 3173 481 3257 12110c10513b0m155‚
521 3187 556 3244 ep
576 3173 725 3242 sciamus
746 3169 862 3245 Deum
886 3197 959 3243 esse
986 3194 1091 3260 ,gens
1141 3168 1205 3213 suo
1229 3147 1306 3214 viro
1330 3145 1523 3214 fortissimo
1547 3143 1714 3214 anteferri
1743 3159 1903 3237 tyronem
1926 3165 2048 3230 suum,
2088 3160 2123 3217 et

99 3276 342 3348 liberrimum·
1142 3247 1270 3314 ardens
1285 3247 1475 3338 cupiditate
1497 3247 1693 3327 vindictae,
1718 3245 1824 3314 simul
1850 3245 2012 3316 irascitur
2029 3246 2123 3316 mul-

211 3373 254 3445 [ῃ
279 3377 402 3458 corde,
433 3372 530 3467 quod
557 3373 638 3442 son,
658 3387 711 3444 ω
730 3373 841 3460 vim,
870 3385 954 3443 mm
974 3384 1091 3441 motu,
1141 3347 1186 3416 tis
1208 3347 1304 3432 aliis,
1341 3345 1506 3417 interficit
1527 3345 1733 3417 Sacerdotes
1756 3359 1790 3416 et
1810 3357 1902 3417 totas
1924 3369 2047 3418 eorum
2069 3347 2123 3416 fa-

1243 1426 1357 1502 Causa
1379 1425 1465 1502 haec
1485 1445 1553 1502 est:
1584 1430 1694 1522 Leges
1717 1456 1842 1504 omnes
1863 1429 2039 1520 obligant,
2067 1429 2126 1499 vel

1143 1533 1188 1601 ad
1204 1531 1441 1601 obedientiam
1458 1534 1514 1602 vel
1536 1534 1579 1601 ad
1603 1559 1763 1623 poenam.
1810 1533 2001 1625 Postquam
2016 1529 2125 1619 igitur

1061 1676 1093 1734 ,t
1144 1635 1249 1702 corda
1266 1628 1421 1702 humana
1438 1659 1510 1703 non
1527 1649 1704 1725 praestant
1723 1634 1961 1704 obedientiam
1982 1631 2125 1701 noticiis

1143 1734 1275 1803 divinis
1289 1733 1327 1802 iu
1342 1736 1451 1820 sacto,
1477 1747 1555 1826 past
1570 1737 1681 1805 scelus
1704 1760 1852 1826 poenam
1874 1735 2067 1816 sustinent,
2091 1745 2126 1802 et

1143 1849 1182 1905 ut
1206 1835 1260 1903 lex
1283 1847 1357 1904 rata
1373 1837 1436 1916 sit,
1460 1850 1495 1906 et
1509 1848 1549 1906 ut
1565 1860 1630 1906 nos
1646 1837 1883 1926 intelligamus
1898 1832 1960 1904 bas
1976 1833 2125 1904 noticias

1144 1953 1215 2005 esse
1231 1937 1380 2010 divinas.

1243 2301 1376 2374 Discite
1401 2327 1421 2372 a
1442 2328 1516 2388 me,
1549 2305 1665 2398 inquit
1687 2302 1882 2388 Dominus,
1923 2303 2005 2396 quia
2028 2305 2124 2374 mitis

1143 2425 1219 2473 sum
1236 2418 1269 2473 et
1282 2401 1428 2474 humilis
1441 2407 1558 2476 corde.
1612 2402 1653 2474 ln
1675 2429 1713 2474 ea
1736 2422 1833 2496 parte
1855 2399 2012 2474 hominis
2034 2428 2124 2496 quae

100 3477 268 3560 mirifici,
300 3476 363 3570 qui
383 3474 617 3544 nominantur
636 3476 812 3560 adiectus,
836 3473 899 3567 qui
924 3489 985 3546 aut
1007 3488 1091 3543 sunt
1142 3447 1269 3521 milla&

16 3634 20 3643 .
101 3577 402 3656 vll³⁸⁵³l⁰1³re³s
428 3587 469 3646 ut
485 3573 638 3655 laeticia,
664 3589 726 3646 aut
739 3588 824 3646 sunt
836 3575 1026 3667 supplicia,
1050 3587 1090 3644 ut
1241 3562 1342 3634 Bella
1359 3565 1477 3636 civilia
1493 3578 1588 3634 mota
1605 3589 1623 3631 a
1642 3561 1757 3656 Sylla,
1783 3559 1913 3644 Mario,
1939 3560 2122 3655 Pompeio,

99 3701 296 3752 moerores.
335 3675 389 3748 Ac
405 3676 554 3747 debebat
569 3676 649 3745 talis
663 3699 737 3746 esse
752 3678 940 3747 concordia
957 3675 1091 3745 cerebri
1141 3663 1246 3754 Iulio,
1266 3679 1343 3737 orta
1357 3667 1496 3737 suntab
1509 3665 1702 3735 ambitione
1721 3675 1754 3734 et
1771 3687 1790 3732 a
1806 3663 2005 3732 domesticis
2018 3664 2122 3736 odiis.

101 3797 138 3852 et
160 3779 300 3863 cordis,
333 3791 374 3848 ut
395 3798 532 3866 semper
552 3799 632 3847 cum
654 3777 795 3858 noticiis
823 3771 980 3848 honestis
1002 3800 1090 3846 con·
1139 3765 1303 3862 Denique
1329 3768 1427 3838 nulla
1452 3781 1546 3837 aetas
1569 3783 1661 3836 caret
1683 3763 1860 3854 exemplis.
1919 3761 1973 3834 Ae
1992 3763 2123 3835 similia

100 3893 276 3972 gnrcrent
294 3892 412 3950 motus
432 3879 556 3948 cordis.
623 3877 693 3948 Sed
715 3874 774 3947 hic
795 3878 971 3948 ceruimus
992 3877 1091 3946 triste
1141 3869 1231 3939 fiunt
1246 3871 1283 3939 in
1302 3865 1460 3940 Ecclesia
1479 3869 1645 3938 omnibus
1664 3864 1893 3956 temporibus.

100 3981 306 4054 dissidium.
338 3977 429 4048 Nam
448 3979 539 4048 mala
553 3977 718 4050 incendia
736 3980 853 4051 cordis
861 4004 941 4049 non
955 4001 1092 4070 semper
1241 4001 1369 4074 Arium
1389 4003 1491 4072 aiunt
1506 4001 1629 4072 dolore
1644 3999 1825 4088 repulsae,
1848 4025 1926 4070 cum
1944 4023 2018 4069 non
2033 4015 2123 4072 esset

102 4085 315 4172 extinguere
327 4078 480 4152 noticiae
495 4095 653 4170 possunt.
702 4079 787 4151 Non
803 4081 897 4151 enim
913 4079 1092 4150 sicdomi-
1139 4106 1251 4176 factus
1266 4101 1480 4194 Eppscopus,
1504 4113 1640 4170 motum
1664 4123 1754 4184 esse,
1782 4115 1822 4171 „t
1843 4124 1938 4170 novo
1960 4104 2122 4192 dogmate

101 4197 241 4254 uantur
259 4182 410 4252 noticiae
431 4180 549 4264 cordi,
570 4181 660 4250 sicut
680 4181 799 4251 nervis
821 4181 994 4252 cientibus
1013 4203 1091 4250 nro-
1139 4228 1281 4297 spmo,
1307 4201 1474 4298 Episcopi
1488 4201 1711 4273 autoritatem
1727 4200 1961 4277 labefactaret.

101 4300 180 4356 turn
196 4283 357 4354 localem.
409 4279 506 4350 Haec
519 4282 725 4352 discrimina
742 4307 815 4354 non
839 4283 988 4371 intelligi
1009 4301 1091 4372 pos-

102 4399 209 4469 sunt,
244 4382 320 4454 siue
341 4383 502 4456 doctrina
529 4385 738 4452 anatomica.
804 4381 951 4454 Prodest
972 4395 1089 4454 autem

102 4487 269 4558 moribus
298 4482 389 4554 scire
419 4505 510 4574 quac
537 4506 620 4575 pars
648 4488 827 4576 quomodo
848 4484 1036 4572 gubernari
1056 4495 1091 4554 et

101 4585 241 4658 frenari
256 4586 376 4678 possit.
425 4582 566 4654 Deinde
578 4583 754 4656 illustrior
769 4585 807 4654 fit
820 4585 923 4654 lectio
944 4579 986 4652 ¹in
1004 4586 1092 4653 scri-

103 4689 176 4778 ptis
192 4686 327 4758 divinis
342 4700 377 4757 et
390 4685 485 4769 aliis,
510 4707 591 4756 cum
610 4685 686 4757 loca
701 4699 736 4756 et
756 4687 915 4756 membra
935 4685 1091 4776 siugula-

1244 4339 1484 4410 Monetarium
1508 4333 1574 4406 hae
1595 4337 1709 4406 iuriae
1733 4336 1927 4409 incitabant
1955 4339 2123 4408 adversus

1139 4437 1355 4525 Lutherum,
1380 4440 1462 4532 quia
1485 4438 1561 4509 eius
1581 4438 1693 4526 gloria
1710 4439 1897 4524 urebatur,
1920 4450 1955 4508 et
1969 4437 2120 4508 similem

1140 4543 1378 4614 celebritatem
1394 4542 1433 4610 in
1448 4539 1580 4631 populo
1593 4539 1790 4630 adpetebat.

1241 4657 1339 4729 Haec
1355 4659 1403 4728 ita
1418 4657 1493 4730 lieri
1509 4655 1735 4726 manifestum
1753 4667 1824 4738 est,
1851 4668 1886 4724 et
1901 4668 2019 4727 vetera
2036 4660 2123 4748 poii-

104 4813 189 4860 rum
206 4787 388 4858 actionum
407 4786 624 4877 distinguere
638 4809 836 4877 possumus.
1000 4800 1006 4810 ·
1140 4775 1232 4833 “¹³¹2
1247 4774 1411 4844 mmm.
1435 4773 1476 4830 1¹1
1491 4759 1607 4850 lssqffil
1622 4750 1756 4882 Po'fllffl·
2207 4819 2221 4852 ‚

209 4886 341 4959 Tristis
362 4879 524 4980 quaerela
548 4901 600 4958 est
620 4890 715 4979 apud
731 4885 903 4974 Paulum,
925 4911 1005 4960 cum
1026 4886 1091 4956 ait:
1235 4963 1245 4982 .
1345 4865 1701 4977 Ρθῒῐῖωῑίωθΰῗῦῑῑξῑῒ
1715 4867 1803 4972 ⁰}1m·
1899 4956 1908 4974 ο

105 4991 233 5062 Talem
250 5011 323 5060 esse
338 5001 485 5058 naturae
500 4983 676 5058 humanae
695 4993 923 5081 pravitatem,
943 5003 984 5060 ut
999 4989 1093 5058 veri·
1141 4963 1267 5036 G¹⁰⁹¹³
1282 4985 1495 5055 P³¹¹⁰⁰f⁰¹¹¹2
1519 4959 1636 5030 ¹³⁰⁶ss
1648 4957 1815 5048 ²¹l¹²l¹q¹¹e
1829 4956 1969 5047 mind&

105 5088 304 5173 tatemDei,
329 5089 451 5172 idest,
471 5089 638 5165 noticiam
655 5087 725 5161 Dei
739 5104 773 5162 et
789 5091 924 5180 legum,
950 5103 1093 5161 teneant
1243 5079 1317 5151 Has
1329 5080 1439 5173 igitur
1453 5090 1577 5170 pestes,
1602 5073 1774 5144 iniustam
1790 5071 2022 5155 iracundiam,
2048 5096 2124 5143 arn·

106 5190 272 5264 homines
286 5189 461 5281 captivam
477 5189 517 5258 in
531 5192 721 5262 iniustitia.
752 5187 823 5261 Hic
839 5183 925 5284 quid
942 5190 1093 5280 intelligi
1141 5183 1327 5268 bitionem,
1341 5181 1579 5271 ¹cupiditatem
1593 5175 1781 5259 vindictae,
1806 5173 1882 5244 vult
1896 5174 2015 5242 abesse
2032 5173 2124 5244 filius

106 5305 239 5384 potest,
262 5291 333 5360 nisi
355 5290 551 5382 distinguas
573 5293 722 5364 noticias
740 5306 776 5363 et
797 5292 969 5375 adtectus,
1001 5304 1036 5361 et
1055 5293 1095 5363 fit
1141 5283 1227 5371 Dei,
1253 5309 1334 5354 cum
1351 5307 1370 5352 a
1385 5281 1530 5352 caeteris
1545 5278 1724 5363 omnibus,
1748 5288 1824 5346 turn
1841 5296 1924 5342 vero
1939 5273 2127 5388 praecipue

105 5395 258 5466 illustris
273 5387 460 5466 distinctio
475 5383 554 5464 cum
570 5392 647 5465 loca
661 5405 927 5467 monstrantur..
953 5391 1095 5465 Noticia
1144 5411 1164 5459 a
1181 5383 1481 5482 gubernatoribus
1491 5377 1681 5466 Ecclesiae,
1705 5389 1741 5450 et
1754 5397 1829 5449 sese
1842 5374 2129 5468 proponeretis
2252 5453 2254 5458 Ι
