4696 5820
269 295 345 373 ns
1028 284 1530 368 rnoeosrrromss.
1959 224 1966 236 ’
2205 295 2267 376 aa

275 483 459 542 cernemus
482 483 548 532 nos
570 485 644 533 non
665 457 822 533 accusari
842 474 1040 554 apeccato,
1066 459 1188 536 etesse
1202 459 1260 532 iu·
1307 461 1403 536 tibus
1431 461 1525 534 votis
1550 459 1590 532 in
1618 459 1826 556 quotidiana
1859 461 2086 538 invocatione
2116 475 2267 560 petamus.

274 585 369 655 stos,
394 567 468 636 nob
492 563 588 655 lege,
616 564 677 634 sed
702 561 894 654 sapientia,
926 563 1064 635 iusticia
1086 563 1260 636 divinitus
1307 561 1411 636 Hane
1431 562 1692 634 invocationem
1714 563 1935 658 experiemur
1954 589 1993 638 re
2016 567 2094 660 ipsa
2118 589 2191 638 non
2209 590 2269 638 esse

273 676 313 743 iu
325 668 431 740 nobis
445 689 600 750 accensa,
615 662 844 736 sicutPanlus
856 663 974 758 inquit
988 665 1024 736 2.
1033 660 1197 738 Corinth.
1208 663 1258 733 E:
1307 664 1464 746 irritam,
1492 677 1528 736 et
1549 662 1590 734 in
1611 658 1668 734 bis
1688 665 1862 740 exercitiis
1882 680 2041 742 crescant
2060 665 2190 758 agnitio
2203 665 2270 752 Dei,

279 769 415 844 Transi
414 767 546 838 ormari
563 781 731 862 tanquam
746 761 930 836 aDomino
944 765 1082 857 spiritu.
1134 763 1205 837 Sed
1221 762 1260 832 in
1307 767 1369 837 lux
1390 764 1491 852 fidei,
1515 786 1595 857 spes
1616 778 1653 837 et
1664 765 1754 838 aliae
1769 766 1936 857 virtutes,
1958 767 2052 841 sicut
2066 767 2195 841 dicitur
2207 765 2268 840 Lu·

276 872 343 944 bac
365 872 437 941 vita
460 868 671 940 durantibus
694 864 855 959 reliquiis
874 865 1025 957 peccati,
1049 862 1261 938 baccliber·
1307 867 1462 939 cae19.:
1495 863 1654 936 Habenti
1667 867 1822 943 dabitur.

276 991 331 1046 tas
348 974 487 1042 incoata
500 983 572 1056 est,
592 982 628 1040 et
643 969 777 1039 interea
792 966 976 1037 retinenda
999 979 1050 1038 est
1065 964 1260 1038 consolatio
1383 965 1481 1038 Haec
1493 968 1539 1037 de
1553 967 1787 1060 possibilitate
1799 938 1955 1040 breviter
1967 967 2064 1039 dicta
2080 968 2161 1044 siut.
2184 962 2268 1038 Alibi

274 1096 423 1170 prorsus
446 1070 658 1155 necessaria,
691 1091 892 1164 quanquam
917 1067 955 1136 iu
980 1069 1085 1140 nobis
1106 1069 1260 1138 multum
1307 1091 1410 1161 saepe
1423 1067 1570 1161 repetita
1583 1081 1636 1139 est
1651 1069 1833 1141 distinctio
1847 1071 1893 1140 de
1907 1067 2023 1140 libem
2038 1067 2200 1152 arbitrio,
2222 1063 2269 1137 bic

274 1191 328 1249 est
352 1173 513 1264 caliginis
536 1186 571 1244 et
590 1169 770 1255 sordium,
809 1167 901 1238 sicut
931 1168 1051 1264 inquit
1072 1165 1260 1252 lohannes,
1308 1168 1657 1262 locomotivaaliquo
1672 1171 1781 1240 modo
1797 1169 1943 1260 regitur,
1967 1167 2126 1241 etiamin
2142 1191 2269 1238 nonre-

278 1285 312 1354 1.
327 1270 453 1348 loban.
473 1276 526 1345 1.:
559 1270 600 1344 st
626 1271 776 1342 dicimus
798 1271 893 1363 quod
909 1284 1089 1361 peccatum
1106 1294 1181 1341 non
1195 1263 1262 1338 ha·
1308 1271 1421 1356 natis,
1446 1279 1488 1340 ut
1499 1269 1669 1359 regebant
1681 1282 1843 1342 externos
1860 1283 1977 1362 gestus
1991 1263 2183 1354 Aristides,
2204 1267 2268 1341 sci-

274 1383 419 1462 bemus,
449 1395 515 1445 nos
539 1373 635 1467 ipsos
657 1371 874 1456 seducimus,
907 1382 974 1446 etc.
1020 1371 1192 1444 Conversi
1215 1370 1259 1440 ad
1307 1370 1369 1463 pio
1389 1384 1425 1442 et
1447 1369 1590 1440 similes.
1641 1369 1715 1442 Sed
1736 1371 1814 1442 sine
1834 1393 1920 1444 voce
1941 1366 2129 1460 Evangelii
2152 1381 2185 1440 et
2206 1367 2268 1438 sine

274 1477 393 1553 Deum
415 1477 577 1568 placeant
599 1473 674 1544 sola
696 1471 784 1559 fide,
821 1472 1076 1563 pergratiam,
1116 1483 1262 1566 propter
1309 1469 1446 1564 Spiritu
1459 1484 1581 1543 sancto
1594 1492 1669 1542 non
1684 1472 1724 1542 fit
1734 1471 1890 1544 incoatio
1904 1471 1992 1561 legis
2006 1468 2077 1542 Dei
2089 1471 2129 1540 iu
2144 1469 2246 1540 corde.

274 1581 505 1652 mediatorem
520 1573 635 1646 Deum
652 1586 689 1645 et
702 1568 897 1660 bominem,
918 1573 1015 1646 iuxta
1027 1569 1096 1646 hoc
1110 1574 1260 1646 dictum:
1408 1569 1507 1644 LtV.
1532 1568 1724 1660 Quomodo
1740 1573 1875 1667 placeat
1888 1571 1928 1642 in
1941 1566 2009 1642 hac
2022 1583 2122 1644 tanta
2139 1569 2269 1639 infirmi-

274 1679 454 1753 Nonestis
470 1676 647 1767 sublege,
674 1676 734 1745 sed
752 1675 819 1745 sub
833 1673 958 1764 gratia.
1308 1685 1380 1744 tate
1404 1666 1591 1742 hominum
1616 1672 1657 1741 in
1682 1667 1866 1759 brevite,
1904 1683 1941 1744 et
1965 1673 2062 1742 inter
2082 1667 2145 1741 has
2169 1668 2268 1739 sordes

379 1776 478 1852 Llll.
500 1777 610 1848 Plura
626 1778 671 1847 de
687 1775 933 1847 liberationea
959 1775 1052 1864 lege,
1077 1785 1264 1845 sumantur
1309 1795 1404 1845 nova
1428 1771 1651 1859 obedientia,
1683 1795 1745 1846 seu
1767 1772 1936 1844 renatus?
1983 1769 2064 1844 Hac
2086 1769 2268 1866 quaestione

276 1907 318 1955 er
334 1881 414 1953 aliis
433 1879 572 1970 scriptis
589 1877 825 1967 longioribus.
875 1873 981 1946 Nunc
994 1875 1157 1969 ⁸breviter
1180 1897 1264 1966 per·
1310 1873 1413 1945 anxie
1427 1873 1673 1945 excruciantur
1684 1869 1867 1960 homines,
1890 1888 1930 1947 nt
1945 1895 2071 1944 omnes
2082 1869 2269 1963 experimur,

191 2009 195 2017 ·
273 1984 424 2056 terenda
446 1993 552 2065 sunt,
576 1979 731 2073 quaeda
754 1976 987 2048 renovatione
1011 1975 1129 2046 dicere
1144 1974 1263 2068 coepi·
1311 1987 1347 2047 et
1364 1975 1497 2047 multae
1518 1997 1641 2046 causae
1664 1987 1748 2046 sunt
1766 1973 2053 2058 dubitationum,
2082 1969 2266 2060 magnitudo

158 2103 164 2114 ’
262 2107 374 2168 mus,
399 2105 440 2153 ac
463 2081 665 2174 plerunque
687 2077 839 2149 docendi
863 2100 966 2149 causa
979 2077 1155 2149 distribuo
1170 2071 1264 2149 hanc
1311 2075 1581 2171 praeteritorum
1598 2075 1773 2166 lapsuum,
1787 2087 1824 2147 et
1835 2086 2045 2168 conspectus
2055 2067 2267 2163 praesentium

144 4929 147 4934 ·
281 4903 429 4986 stificat,
456 4899 629 4991 protegit,
660 4897 854 4987 gubernat,
879 4899 1053 4985 viviticat,
1078 4898 1208 4971 liberat
1230 4921 1271 4968 ex
1424 4895 1494 4967 Hic
1506 4892 1661 4990 primum
1679 4891 1746 4964 boc
1760 4897 1963 4987 planissime
1976 4895 2193 4965 affirmamus.

275 2183 460 2256 materiam
478 2183 516 2250 iu
534 2174 600 2251 hos
616 2179 775 2275 quinque
792 2179 931 2256 titulos:
1312 2177 1486 2251 sordium.
1561 2175 1684 2248 David
1709 2176 1869 2248 intuetur
1892 2171 2122 2268 praeteritum
2142 2171 2269 2262 lapsum,

328 2299 365 2394 l)
391 2297 501 2389 Quod
526 2294 722 2366 necessaria
736 2295 781 2366 sit
797 2293 899 2367 Nova
915 2293 1129 2368 obedientia.
1312 2278 1442 2349 deinde
1454 2299 1604 2369 poenas,
1630 2279 1671 2348 in
1685 2275 1816 2369 quibus
1828 2276 1993 2348 accidunt
2020 2285 2075 2345 tot
2087 2285 2172 2344 tetra
2186 2289 2268 2339 scan-

329 2415 383 2502 ΙΙ)
405 2414 597 2506 Quomodo
618 2412 696 2482 lieri
716 2413 827 2506 possit
848 2411 887 2482 in
906 2407 974 2485 bac
996 2424 1095 2485 tanta
1110 2411 1263 2484 infirmi-
1313 2379 1412 2498 ³²2¹&
1442 2380 1584 2497 md‘Jv
1615 2375 2021 2449 inefflffl'fflnlfflffflffi
2043 2373 2220 2462 wlfingum
2241 2377 2268 2434 ²¹

377 2531 449 2590 aare
471 2510 649 2586 humanae
671 2529 829 2588 aarum,
1312 2480 1402 2551 alsae
1417 2479 1659 2559 conlusrones,
1681 2489 1778 2550 retro
1793 2477 1900 2548 etiam
1917 2475 2119 2548 considerat
2134 2467 2266 2557 exempla

327 2631 406 2731 ω
432 2631 625 2723 οοω
794 2627 884 2702 οο
1312 2577 1827 2753 accusasatum
1850 2571 2268 2750 {tattaeus

326 2751 399 2847 lv)
423 2749 479 2824 De
492 2747 669 2886 Pfaefniif‘
1314 2781 1528 2867 lotionibus,
1558 2801 1763 2873 quanquam
1785 2790 1838 2849 est
1859 2777 1898 2847 in
1919 2801 1961 2848 eo
1985 2777 2126 2848 incoata
2144 2769 2269 2842 novitas.

327 2868 391 2988 V),
416 2865 471 2940 ΒΘ
484 2870 690 2987 d¹⁵ff¹¹⁰¹¹¹⁰
711 2878 952 2958 P²⁰⁰³l⁰ffl¹¹¹s
965 2885 1068 2983 ‚quie
1091 2889 1167 2937 ¹¹⁰⁰
1183 2878 1267 2936 ⁸¹1⁰!
1313 2880 1359 2952 ln
1371 2877 1437 2953 hac
1448 2881 1654 2975 quaestione
1663 2892 1855 2974 utrumque
1866 2878 2124 2962 consideretur,
2134 2871 2267 2944 Primum

380 2994 420 3042 ¹¹¹
436 2983 589 3054 renam,
612 2979 648 3038 0²
663 2990 754 3060 (1⁰³⁰
770 2978 938 3037 'mmm
962 2987 1002 3034 ¹¹¹
1017 2988 1078 3042 ⁰¹⁸·
1314 3003 1543 3072 agnoscamus
1556 2994 1715 3052 nostram
1733 2979 2011 3054 immunditiem.
2060 2971 2210 3050 Secundo
2226 2979 2268 3035 te·

249 3091 252 3100 '
278 3090 335 3166 De
347 3085 551 3172 necessitate
563 3081 697 3153 dictum
710 3095 780 3153 est:
803 3075 851 3152 Et
861 3081 1041 3172 quomodo
1055 3079 1132 3150 lieri
1145 3077 1266 3171 possit,
1314 3104 1464 3154 neamus
1477 3103 1597 3152 veram
1611 3079 1889 3152 consolationem
1906 3057 2147 3170 inEvangelio
2160 3088 2268 3164 propt·

278 3213 343 3262 seu
357 3185 495 3259 incoari
510 3207 603 3254 nova
620 3180 843 3263 obedientia,
869 3182 1063 3252 ostendunt
1084 3180 1190 3251 etiam
1205 3201 1267 3250 su·
1314 3183 1430 3255 sitam.

278 3313 345 3384 pra
367 3287 495 3360 dicta:'
511 3282 598 3354 ldeo
621 3282 717 3352 lilius
739 3278 807 3353 Dei
829 3282 1012 3375 apparuit,
1045 3293 1086 3352 nt
1108 3283 1265 3352 destruat
1417 3279 1618 3354 Fatendum
1633 3294 1686 3353 est
1699 3281 1738 3352 in
1755 3281 1935 3353 conversis
1956 3282 2003 3352 ad
2019 3279 2150 3361 Deum,
2170 3271 2201 3340 id
2220 3277 2268 3344 etl,

280 3413 389 3484 opera
403 3384 567 3470 Diaboli,
591 3397 771 3477 peccatum
787 3395 822 3454 et
836 3397 996 3454 mortem.
1037 3381 1184 3474 Colligit
1199 3382 1267 3473 igi·
1316 3383 1449 3458 renatis
1471 3382 1511 3453 in
1530 3377 1597 3452 bac
1616 3382 1710 3469 vita,
1733 3382 1912 3477 reliquum
1935 3405 2012 3453 esse
2025 3380 2172 3460 malum,
2192 3365 2268 3462 q1¹⁰d

280 3509 341 3566 tur
355 3487 549 3564 Ecclesiam
564 3507 649 3556 voce
668 3481 876 3575 Evangelii,
901 3498 935 3555 et
949 3483 1087 3577 Spiritu
1101 3507 1165 3556 suo
1181 3507 1266 3553 san·
1315 3486 1501 3556 nobiscum
1527 3482 1707 3569 nascitur,
1738 3505 1900 3575 pugnans
1927 3507 2010 3554 cum
2040 3483 2132 3571 lege,
2162 3467 2270 3544 scilicet

280 3609 338 3666 cto
352 3590 510 3664 accendit
524 3589 564 3659 in
578 3585 683 3656 nobis
702 3585 815 3655 lucem
840 3585 941 3669 fidei,
965 3597 1001 3656 et
1020 3599 1139 3656 motus
1154 3606 1267 3654 novos
1285 3633 1286 3640 η
1315 3607 1478 3677 maguam
1491 3583 1676 3674 caliginem
1694 3595 1729 3654 et
1743 3606 1869 3676 pravas
1882 3584 2142 3662 inclinationes,
2160 3584 2192 3643 et
2203 3564 2269 3638 hinc

280 3696 322 3765 io
339 3694 526 3772 cordibus,
551 3687 615 3782 qui
629 3687 868 3772 suntlincoata
884 3685 1103 3771 obedientia,
1129 3696 1164 3755 et
1188 3707 1268 3754 sna·
1315 3689 1484 3760 oriuntur
1505 3687 1638 3756 multae
1666 3685 1830 3757 flammae
1858 3685 2073 3756 viciosorum
2099 3678 2269 3750 affatuum

277 3809 393 3868 tentat
416 3789 629 3872 Ecclesiam,
654 3799 690 3858 et
714 3787 860 3877 depellit
884 3787 1055 3859 Diabolus
1079 3781 1268 3858 horribili·
1316 3789 1422 3860 multi
1437 3809 1585 3871 errores,
1597 3786 1703 3857 multi
1720 3785 1839 3876 lapsus
1853 3785 2076 3876 ignorantiae
2089 3765 2268 3852 staminio·

282 3910 339 3966 ter
354 3903 549 3986 grassantes
565 3911 630 3980 per
646 3909 682 3958 se
699 3898 734 3957 et
747 3909 811 3978 per
826 3909 887 3958 sua
902 3910 1045 3978 organa.
1317 3890 1388 3962 nis.
1438 3884 1536 3958 Haec
1559 3887 1678 3958 omnia
1700 3899 1783 3958 sunt
1806 3909 1888 3956 vere
1906 3901 2046 3978 peccata
2067 3905 2130 3954 suo
2156 3886 2268 3965 genart·

382 3991 585 4079 Cogitemus
600 3986 709 4077 igitur
721 3988 975 4079 promissiones
989 3979 1130 4060 divinai
1144 3990 1188 4059 de
1203 4011 1267 4058 au·
1318 3990 1404 4062 ldeo
1416 3988 1548 4060 dicitnr
1564 3985 1751 4058 iuPsalmo
1772 3983 1869 4060 tata
1895 3985 1978 4058 Nou
1996 3976 2226 4059 iustificabitur
2238 3965 2267 4031 iu

280 4095 388 4179 silio,
414 4085 545 4165 Matth.
568 4091 642 4160 11.:
676 4087 806 4160 Venite
820 4091 865 4159 ad
881 4113 936 4158 me
961 4113 1104 4175 omnes,
1130 4089 1194 4184 qui
1215 4090 1269 4160 la·
1319 4100 1509 4181 conspectu
1523 4102 1585 4160 tuo
1601 4087 1718 4158 omnis
1735 4087 1869 4162 vivens.
1895 4083 1944 4159 Et
1957 4075 2208 4184 MoysesErod·
2222 4061 2268 4134 34·

280 4195 417 4268 boratis
444 4206 480 4263 et
504 4189 642 4263 onerati
664 4189 765 4273 estis,
790 4212 855 4280 ego
879 4191 1032 4260 reficiam
1055 4215 1129 4262 vos.
1180 4187 1267 4261 Item
1319 4189 1479 4264 aclob9.
1495 4189 1625 4281 capite:
1640 4185 1720 4260 Non
1737 4187 1985 4262 iustificabitur
1998 4207 2113 4261 coram
2127 4193 2158 4252 te
2171 4171 2267 4244 h⁰¹¹¹⁰·

280 4294 410 4373 laban,
435 4294 514 4366 10.:
552 4289 667 4362 Nemo
689 4292 802 4381 rapiet
821 4315 903 4362 oves
923 4309 1018 4362 meas
1041 4315 1083 4361 er
1104 4291 1270 4362 manibus
1319 4291 1369 4366 Et
1388 4291 1520 4364 Paulus
1541 4286 1669 4363 Roma.
1693 4291 1747 4365 &a
1780 4289 1831 4364 Ut
1849 4313 1931 4362 reus
1953 4290 2000 4362 sit
2023 4301 2115 4362 totus
2140 4268 2268 4376 mundns

272 4399 383 4474 meis.
434 4387 766 4470 ltemlohau.15.:
798 4390 901 4463 Dabo
926 4392 1028 4464 vobis
1042 4393 1270 4486 paracletum,
1320 4393 1414 4479 Deo,
1440 4405 1476 4464 et
1497 4393 1702 4464 obstruatur
1725 4415 1832 4462 omne
1853 4413 1905 4465 os.
1951 4386 2268 4476 cumtgtturmu·

282 4499 346 4596 qui
359 4497 521 4592 procedit
535 4518 556 4566 a
572 4508 681 4586 patre.
732 4489 820 4565 Item
838 4491 1050 4568 loban.14.:
1077 4493 1270 4564 Veniemus
1321 4497 1449 4568 festum
1471 4495 1536 4573 sit,
1562 4493 1739 4586 reliquum
1765 4515 1838 4565 esse
1859 4506 2040 4586 peccatum
2062 4489 2100 4557 in
2114 4499 2187 4550 vere
2202 4487 2269 4537 con·

281 4606 327 4675 ad
348 4623 449 4685 eum,
474 4611 509 4672 et
528 4594 749 4666 mansionem
770 4595 863 4685 apud
888 4620 967 4667 eum
994 4597 1173 4668 faciemus.
1222 4590 1270 4664 Et
1323 4598 1433 4669 versis
1452 4597 1492 4664 in
1513 4589 1580 4664 bac
1602 4595 1692 4680 vita,
1721 4605 1756 4664 et
1770 4591 1866 4665 Deus
1893 4615 1959 4674 nos
1982 4592 2016 4662 id
2033 4587 2117 4659 velit
2131 4597 2204 4650 vero
2218 4567 2268 4634 ἅθ’

282 4703 379 4796 apud
393 4697 538 4773 Esaiam
564 4697 675 4787 capite
691 4693 726 4766 7.
750 4695 956 4767 nominatur
973 4698 1067 4767 lilius
1083 4694 1269 4782 Emanuel‚
1313 4699 1399 4768 'lore
1413 4717 1621 4786 agnoscere,
1647 4708 1681 4764 et
1697 4697 1859 4766 ostendat
1873 4691 2136 4765 consolationes,
2157 4682 2269 4747 necesse

281 4804 322 4875 id
338 4815 408 4886 est,
433 4801 621 4872 nobiscum
635 4793 752 4880 Deus,
778 4819 859 4866 vere
877 4798 994 4879 adest,
1022 4797 1184 4881 exaudit,
1214 4799 1272 4867 iu·
1324 4793 1551 4870 estbomines
1568 4790 1692 4866 dehac
1707 4810 1802 4867 tauta
1818 4809 1962 4866 rerecte
1978 4789 2104 4863 doceri.
2223 4880 2268 4932 um

2207 4893 2221 4935 C

280 5015 398 5076 morte
415 5013 450 5072 et
465 5001 606 5078 snierrs,
632 5010 724 5069 srcut
738 5012 876 5091 anqurts
902 4993 939 5070 Ο
958 5023 1072 5084 mors,
1098 5022 1159 5070 ero
1175 5021 1272 5070 mors
1324 4999 1364 5072 in
1378 4999 1609 5070 conversione
1624 4990 1732 5068 bomo
1748 4997 1874 5090 accipit
1888 4996 2124 5067 remissionem
2138 4976 2269 5071 pt⁰⁶³¹⁰'

265 5122 357 5180 tna.
407 5099 683 5176 Consideremus
706 5099 948 5172 infirmitatem
971 5115 1006 5174 et
1030 5099 1186 5194 pericula
1203 5123 1272 5170 no·
1324 5101 1509 5184 romilde,
1547 5112 1582 5168 et
1603 5097 1710 5168 sentit
1738 5120 1775 5166 sc
1800 5095 2075 5193 acquiescerem
2099 5074 2269 5155 mediatore,

283 5222 369 5279 stra.
423 5200 584 5274 Sciamus
597 5195 714 5270 Deum
736 5200 908 5272 immensa
933 5201 1094 5274 bonitate
1117 5199 1272 5272 voluisse
1325 5216 1411 5272 tunc
1428 5201 1468 5270 in
1483 5195 1629 5269 bomine
1644 5197 1716 5268 iam
1740 5193 1876 5270 habitat
1891 5196 2007 5280 Deus,
2032 5173 2267 5281 rtvcrissimjffl

282 5305 341 5380 his
357 5304 461 5376 malis
482 5321 665 5392 opponere
686 5294 774 5370 baec
797 5323 861 5372 sua
883 5303 1071 5386 beneficia,
1097 5325 1189 5396 quae
1210 5325 1273 5393 per
1324 5315 1377 5374 est
1405 5303 1557 5373 dictum:
1581 5296 1775 5391 Accepistis
1790 5298 1964 5392 Spiritum
1987 5279 2176 5386 adoptionis
2194 5265 2267 5370 dhe·

283 5410 397 5480 filium
414 5415 600 5500 praestat„
612 5413 647 5472 el
660 5399 693 5471 ei
710 5401 1013 5494 gustassemus,
1037 5417 1071 5476 et
1087 5427 1127 5476 ea
1144 5403 1273 5476 arden-
1325 5427 1425 5491 rum,
1448 5425 1520 5496 quo
1535 5401 1728 5482 clamamus
1743 5399 1844 5472 Abba
1859 5413 1981 5494 pater,
2006 5395 2129 5472 Roma.
2144 5379 2174 5449 Β·
2216 5357 2269 5434 1³¹⁶
