4604 5804
50 253 111 336 ur
294 299 298 313 .
455 229 461 238 ’
530 236 1358 362 '3210n1aourcoucaa10u1s
1565 199 1569 208 ’
1887 337 1891 344 ,
1972 266 2048 341 79⁸

44 425 82 494 lis
94 423 134 494 ad
149 417 379 496 Artemisium
401 443 476 494 nou
499 438 624 514 magna
644 422 732 509 hait,
758 423 818 494 sed
840 423 924 517 quia
942 421 1013 498 luit
1060 413 1193 488 Persici
1208 415 1399 502 exercitus,
1424 427 1465 488 ut
1479 413 1611 496 Xerxes
1627 437 1706 516 post
1722 449 1854 518 paucos
1875 433 1950 507 dies
1965 457 2044 531 post
2152 469 2157 486 ¹

44 526 152 606 foelix,
176 523 285 596 erexit
302 522 523 598 Graecorum
539 525 735 596 animosad
752 524 1009 607 defensionem,
1060 513 1129 590 hoc
1161 519 1334 610 praelium
1359 540 1469 611 parvo
1495 522 1637 614 navigio
1659 527 1799 620 fugiens
1830 538 1977 612 redierit
2003 543 2041 613 in

44 628 129 698 etad
151 648 271 696 curam
291 627 530 698 instituendae
552 627 681 699 classis.
728 623 899 715 ¹Pugnam
922 647 1007 694 vero
1058 614 1193 692 Asiam.
1244 618 1406 692 Relictus
1422 634 1474 692 est
1487 619 1597 712 igitur
1610 623 1823 705 Mardonius¹
1843 661 1923 710 cum
1943 666 2043 715 exer-

43 729 79 798 ad
99 723 350 822 Thermopylas
375 749 500 796 omnes
529 739 659 799 aetates
687 727 880 798 admiratae
912 740 1007 801 sunt.
1058 721 1131 792 citu
1151 721 1191 791 in
1213 717 1385 802 Graecia,
1411 723 1643 797 dimicaturus
1665 732 1704 800 in
1719 745 1831 822 terra,
1855 754 1889 811 ct
1904 741 2040 836 ingenti

42 826 87 900 lbi
106 829 194 898 enim
217 851 298 898 cum
312 829 457 918 exiguus
473 829 645 900 exercitus
670 829 862 900 custodiret
877 828 1006 910 fauces,
1057 823 1190 913 praelio
1205 825 1249 893 ad
1266 820 1403 896 plateas
1416 824 1530 904 victus
1544 841 1613 910 est,
1639 846 1673 904 et
1689 830 1836 910 Graecia
1854 853 1928 916 toto
1942 847 2038 920 bello

40 931 170 1002 uersuti
183 929 471 1014 Lacedaemonii,
496 929 747 1022 quadringenti
762 925 945 1013 Thebani,
971 941 1006 998 et
1056 921 1197 994 Persico
1218 925 1366 996 liberata
1391 939 1453 998 est.
1506 925 1739 1005 Mardonium
1763 940 1820 1008 vir
1842 941 2038 1036 Spartanus

40 1055 73 1100 er
93 1033 166 1100 aliis
185 1031 276 1101 loris
293 1029 464 1102 Graeciae
488 1031 629 1102 circiter
652 1028 857 1105 triamillia.
907 1024 1005 1100 Pho-
1055 1025 1249 1111 interiecit,
1273 1025 1838 1128 coniectolapideincaputeius.
1889 1041 2038 1120 Hicfuit

39 1132 264 1224 censesprimi,
280 1133 410 1202 deiude
424 1131 486 1202 alii
498 1133 733 1203 discesserunt
747 1129 1005 1223 antcpugnam,
1056 1128 1167 1198 exitus
1198 1129 1275 1198 eius
1307 1129 1394 1209 viri,
1423 1129 1494 1222 ‘qui
1524 1133 1711 1227 praecipue
1741 1134 1902 1215 hortator
1923 1150 2039 1224 suerat

38 1236 89 1302 sed
103 1246 304 1305 manserunt
317 1233 387 1306 soli
403 1233 455 1304 ibi
472 1231 762 1314 Lacedaemonii,
787 1227 953 1306 Thebani
968 1243 1004 1304 et
1055 1226 1270 1320 suscipiendi
1293 1222 1399 1300 huius
1422 1229 1519 1304 belli.

39 1327 265 1426 Thespienses.
318 1332 388 1405 Hic
405 1354 536 1427 parvus
558 1357 728 1406 numerus
742 1333 933 1405 trucidarit
947 1332 1003 1402 ri·
1153 1328 1249 1401 Sunt
1273 1342 1390 1401 autem
1415 1333 1572 1424 exempla
1595 1336 1635 1406 in
1661 1331 1727 1408 bac
1744 1334 1892 1417 historia
1918 1353 2036 1423 consi·

38 1433 111 1521 giuti
124 1436 233 1506 millia
249 1437 289 1505 iu
303 1436 458 1506 exercitu
471 1435 617 1518 Xerxis,
644 1435 706 1506 sed
722 1435 791 1527 ipsi
814 1434 922 1506 simul
943 1433 1002 1506 iu·
1054 1430 1354 1522 derationedigna
1368 1432 1531 1525 plurima·
1584 1434 1764 1522 Primum,
1788 1468 1832 1516 ne
1848 1451 1929 1542 quis
1942 1453 2037 1525 lidu-

38 1536 152 1608 terierti
165 1550 262 1622 sunt,
288 1534 559 1622 Lacedaemonii
572 1550 606 1609 et
619 1533 854 1630 Thespienses
868 1558 1003 1623 omnes,
1054 1531 1107 1601 cia
1134 1538 1314 1624 potentiae
1341 1558 1397 1604 res
1427 1559 1502 1605 non
1528 1539 1740 1611 necessarias
1762 1564 1918 1637 moveat,
1947 1557 2036 1648 'quia

38 1649 154 1724 praeter
168 1640 274 1710 auos
304 1636 394 1709 -.Nec
410 1638 479 1708 alia
495 1638 623 1709 similis
636 1660 756 1730 pugna
771 1649 865 1710 extat
886 1637 925 1707 in
942 1633 1001 1707 hi·
1053 1629 1149 1704 Deus
1170 1635 1289 1708 subito
1304 1658 1468 1726 magnam
1486 1640 1679 1727 potentiam
1697 1642 1969 1740 delerepotest,
1995 1671 2036 1728 ut

38 1738 154 1824 storiis,
187 1750 328 1832 praeter
348 1737 571 1813 Helveticum
595 1741 727 1811 factum
752 1741 797 1809 ad
811 1737 1001 1826 basileam,
1053 1729 1268 1806 bochellum
1285 1750 1367 1808 ante
1383 1738 1569 1810 biennium
1585 1740 1726 1812 linitum
1742 1759 1804 1822 est.
1844 1747 1904 1821 Ad
1916 1749 2035 1826 Ther-

37 1849 171 1931 tempore
189 1840 337 1936 synodi,
370 1863 451 1910 eum
466 1839 563 1934 Papa
579 1841 619 1910 in
631 1837 862 1910 Germaniam
883 1840 1000 1910 misis-
1051 1835 1213 1930 mopylas
1236 1837 1442 1909 dimicatum
1468 1852 1519 1912 est
1546 1863 1665 1913 mense
1693 1840 1818 1930 Iunio,
1852 1865 1886 1923 et
1908 1852 2033 1928 iisdem

36 1951 78 2010 set
95 1938 314 2034 Delphinum
333 1935 514 2011 Gallicum
540 1965 620 2012 cum
643 1942 797 2012 exercitu
814 1937 1000 2010 Armoric-
1050 1937 1124 2006 iere
1139 1938 1265 2008 diebus
1281 1943 1324 2010 ad
1338 1938 1568 2012 Artemisium
1584 1945 1686 2034 pulsa
1701 1958 1755 2017 est
1766 1949 1885 2022 classis
1894 1951 2049 2037 Xerxis„

37 2062 155 2128 corum,
180 2043 343 2135 quicum
365 2063 529 2130 magnam
551 2043 793 2113 crudelitatem
809 2041 847 2110 in
863 2040 1001 2114 Alsatia
1050 2036 1190 2110 Deinde
1221 2042 1265 2110 ad
1292 2040 1507 2112 Salaminem
1539 2043 1623 2116 vicit
1657 2041 1793 2120 Graeca
1821 2053 1942 2126 classis
1975 2043 2048 2137 die'

37 2145 267 2230 exercuissent,
301 2145 347 2214 ad
368 2141 544 2214 Basileam
566 2135 804 2228 accesserunt,
831 2143 918 2214 ibis
934 2143 999 2216 tri·
1041 2141 1112 2214 Ι16.
1128 2139 1263 2214 Martii.
1314 2141 1441 2213 Postea
1457 2141 1651 2217 trucidatus
1666 2145 1917 2226 eseMardont't
1933 2140 2033 2230 exer-

35 2241 518 2316 husmillibnsHelretiorum
532 2243 647 2315 millia
669 2240 1000 2332 hominumviginti
1050 2241 1138 2312 citus
1159 2243 1218 2313 die
1240 2240 1272 2314 4.
1295 2240 1457 2332 Augusti.
1511 2243 1669 2320 Traiecit
1696 2263 1813 2323 autem
1835 2242 2052 2334 Xerses.in''

37 2341 66 2410 in
79 2341 207 2416 Gallico
225 2347 381 2421 exercitu
396 2345 569 2419 trucidata
587 2359 688 2430 suut,
710 2345 895 2416 sedsimul
910 2343 999 2415 Hel·
1048 2338 1248 2434 Europam,
1275 2344 1313 2412 in
1330 2342 1422 2415 Vere
1444 2345 1529 2415 anni
1544 2348 1754 2441 superioris,
1780 2369 1816 2426 et
1837 2373 1917 2450 post
1931 2359 2031 2434 Sala.

36 2445 102 2515 vetii
115 2449 263 2520 victores
278 2447 538 2528 occubuerunt,
559 2469 710 2539 cumque
724 2447 895 2541 reliquiae
909 2444 998 2517 Gal·
1049 2443 1195 2513 miniam
1219 2468 1373 2538 pugnam
1394 2445 1501 2536 fugit,
1527 2471 1636 2542 quare
1655 2475 1730 2521 non
1747 2457 1860 2530 multo
1878 2461 1958 2551 plus
1974 2464 2031 2534 in-

35 2541 79 2614 lici
96 2551 263 2622 exercitus
286 2550 467 2638 sugerent,
497 2545 691 2618 Germania
712 2549 776 2617 illo
795 2561 930 2620 terrore
951 2548 998 2618 li·
1048 2559 1252 2636 tegroanno
1275 2548 1343 2618 fuit
1365 2547 1402 2616 in
1418 2544 1575 2640 Europa.
1625 2549 1765 2624 Deinde
1787 2561 2031 2638 consideretur

34 2644 131 2720 haara
149 2665 212 2727 eat,
1048 2648 1205 2718 studium
1231 2649 1440 2719 concordiae
1463 2652 1614 2723 tuendae
1634 2667 1779 2747 propter
1800 2671 2028 2734 communem

113 2750 198 2825 Post
227 2773 386 2846 pugnarn
426 2752 466 2822 in
495 2747 753 2846 Thermopylis
784 2748 997 2822 Mardonius
1047 2749 1214 2830 salutem,
1240 2753 1336 2844 quod
1355 2751 1394 2820 in
1404 2744 1682 2826 Atheniensibus
1698 2755 1837 2850 insigne
1849 2761 1937 2846 init,
1964 2765 2028 2862 qui

35 2853 256 2926 exercitumin
277 2852 463 2928 Graeciam
478 2855 600 2940 duxit,
623 2845 997 2954 cumquePhocenses
1046 2849 1163 2922 statim
1179 2851 1284 2923 initio
1297 2874 1471 2922 summam
1496 2853 1636 2947 imperii
1651 2849 1937 2936 Lacedaemoniis
1952 2891 2046 2938 ces-·
2146 2905 2152 2918 ·

35 2949 236 3029 ctThcbaui
256 2977 298 3024 se
326 2955 360 3026 ei
383 2956 637 3044 adiungerent,
671 2953 770 3027 misit
798 2955 930 3044 legatos
951 2953 996 3023 ad
1045 2963 1178 3026 serunt.
1227 2949 1354 3024 Postea
1366 2965 1447 3024 ante
1460 2977 1615 3046 pugnam
1632 2959 1678 3028 ad
1693 2955 1840 3051 Platean,
1865 2963 2028 3039 cumAr-

34 3046 265 3144 Athenienses,
290 3056 353 3152 qui
369 3050 619 3142 hortarentur,
642 3069 683 3128 ut
699 3055 803 3128 certis
818 3054 996 3126 conditio·
1045 3056 1147 3124 cades
1175 3065 1259 3125 ante
1280 3054 1374 3146 ipsos
1395 3055 1562 3128 collocari
1588 3058 1738 3144 vellent,
1768 3063 1872 3137 aiunt
1892 3091 1930 3138 se
1951 3094 2027 3141 non

34 3154 125 3228 nibus
140 3183 175 3230 se
191 3157 311 3230 Persis
333 3159 514 3234 dederent.
565 3155 636 3230 Sed
657 3169 754 3231 tanta
773 3157 842 3229 fuit
857 3156 997 3246 magni·
1045 3169 1202 3227 moturos
1224 3177 1298 3225 esse
1320 3157 1529 3228 seditionem
1553 3158 1624 3230 loci
1646 3183 1770 3250 causa,
1796 3167 1856 3236 sed
1870 3167 2027 3241 ubieun-

33 3259 101 3327 tudo
123 3261 342 3344 animorum,
366 3272 408 3329 ut
426 3283 501 3330 non
523 3259 596 3330 sint
610 3261 780 3330 admissae
797 3259 895 3330 ullae
909 3282 996 3328 con·
1045 3281 1113 3349 que
1128 3257 1366 3343 collocentur,
1391 3281 1426 3327 se
1443 3260 1519 3329 iore
1539 3259 1635 3331 viros
1653 3263 1773 3336 sortes.
1824 3265 1904 3360 Ipse
1919 3271 2026 3344 ctiam

33 3355 165 3430 ditiones
190 3359 399 3435 deditionis.
461 3357 555 3432 Cum
582 3373 702 3430 autem
734 3359 822 3428 civis
850 3357 994 3451 quidam
1045 3353 1299 3427 Themistocles
1312 3359 1413 3441 dixit,
1439 3381 1475 3427 se
1489 3361 1612 3430 vicisse
1628 3363 1742 3436 socios
1756 3367 1941 3459 patientia,
1967 3398 2025 3444 ce-

33 3453 262 3545 Atheniensis‚
288 3482 394 3556 quem
416 3457 621 3532 Herodotus
639 3459 809 3556 Lycidam
824 3459 997 3544 nominat,
1044 3457 1180 3529 leritate
1196 3453 1324 3534 hostes.
1348 3473 1349 3478 ’
1377 3457 1499 3530 Tertio
1525 3459 1562 3529 in
1580 3455 1647 3533 hac
1664 3465 2024 3564 brevitatetemporis

31 3551 269 3636 Demosthenes
298 3561 496 3657 Cyrsilum,
527 3585 650 3634 suasor
679 3571 768 3632 esset
798 3559 996 3652 accipiendi
1044 3554 1304 3645 consideretur,
1327 3573 1500 3654 quantum
1524 3561 1635 3652 prosit
1657 3563 1832 3656 celeritas,
1857 3596 1903 3644 ne
1919 3575 1978 3644 det

31 3665 250 3752 conditiones,
283 3664 412 3736 caeteri
436 3663 530 3733 cives
554 3659 789 3736 Athenienses
814 3661 996 3754 lapidibus
1043 3661 1200 3753 spacium
1223 3661 1478 3752 perterrefactis
1502 3657 1663 3736 hostibus
1686 3681 1760 3738 sese
1783 3659 1905 3743 rursus
1920 3658 2055 3767 celiel„

31 3781 97 3834 sum
125 3767 334 3841 obruerunt.
391 3763 574 3837 Necarunt
602 3764 828 3836 etmulieres
856 3759 996 3835 Atticae
1042 3761 1162 3851 gendi.
1214 3761 1315 3833 Sicut
1338 3761 1448 3833 lulius
1465 3763 1727 3856 interrogatus,
1743 3747 2034 3863 qudmoaa'un-‘
2073 3787 2078 3794 '

31 3882 157 3940 usuram
178 3870 257 3942 eius
285 3866 476 3958 lapidibus.
537 3864 674 3937 Tantus
693 3866 763 3937 iuit
785 3863 894 3936 ardor
916 3865 995 3935 ani·
1043 3865 1095 3934 tas
1110 3886 1166 3934 res
1181 3863 1399 3956 perfecisset,
1427 3867 1627 3957 respondit:
1659 3864 1797 3964 Μηδὲν
1812 3869 2023 3976 daedalici-

31 3970 205 4040 uosumin
220 3969 429 4046 defensione
444 3966 598 4059 patriae,
619 3968 704 4061 quia
718 3967 890 4039 barbaros
905 3965 995 4036 scie-
1041 3987 1162 4059 μενος.
1227 3961 1275 4036 Ει
1301 3961 1575 4058 reprehenditur
1601 3963 1781 4054 Annibal,
1817 3980 1914 4070 quod
1944 3971 2038 4074 posp'
2105 3981 2106 3986 ’

29 4060 101 4139 bant
114 4071 256 4143 abolitis
274 4071 409 4160 legibus
425 4081 459 4140 et
474 4068 660 4162 disciplina
679 4066 850 4140 Graeciae
868 4067 996 4140 crude·
1043 4080 1179 4159 captam
1193 4063 1365 4157 Capenam
1381 4091 1455 4138 non
1470 4068 1609 4140 obsedit
1624 4073 1748 4143 urbem
1763 4071 1927 4154 Romam.
2019 4131 2025 4164 ,
2120 4135 2132 4151 ,

29 4161 97 4238 liter
111 4171 345 4263 imperaturos
369 4158 461 4251 esse,
488 4183 523 4241 ct
546 4171 731 4260 coniuges,
757 4171 869 4253 lilios,
892 4169 995 4256 filias,
1143 4166 1280 4256 Quarto
1295 4168 1452 4262 exempla
1462 4171 1715 4262 praestantium
1731 4174 1889 4248 virorum
1904 4180 1945 4248 in
1954 4175 2022 4254 bac
2124 4259 2128 4262 ,

30 4279 57 4336 et
70 4269 245 4347 facultates
256 4285 465 4365 erepturus,
490 4271 621 4364 quibus
637 4270 782 4344 vellent.
834 4269 901 4340 His
916 4294 994 4340 ma·
1042 4266 1190 4340 historia
1206 4271 1433 4360 intueamur,
1458 4271 1521 4365 qui
1540 4284 1618 4363 post
1636 4273 1824 4348 victoriam
1841 4279 1925 4352 elati
1942 4303 2023 4354 suc-

29 4363 65 4434 lis
84 4376 258 4450 servitutis
279 4387 431 4446 mortem
452 4373 737 4464 anteponendam
768 4395 843 4442 esse
864 4383 995 4443 statue·
1043 4371 1198 4442 cessibus
1219 4372 1301 4442 iacti
1324 4384 1407 4454 sunt
1426 4385 1487 4442 aart
1504 4372 1775 4464 negligentiores
1788 4391 1850 4450 aut
1862 4379 2023 4454 insolen-

29 4485 116 4556 uns,
138 4488 178 4548 ut
191 4501 290 4548 nunc
306 4473 458 4550 Turcica
473 4473 634 4568 tyrannis
650 4471 806 4564 ingentia
829 4473 922 4542 mala
939 4495 995 4543 ae—
1042 4475 1168 4557 tiores,
1193 4485 1229 4543 et
1250 4473 1398 4562 tragicos
1419 4471 1531 4542 exitus
1550 4467 1768 4563 habuerunt,
1794 4491 1834 4550 ut
1847 4481 2024 4554 discamus

30 4589 96 4640 cnm
117 4579 242 4650 adfert.
293 4573 372 4650 Etsi
397 4573 643 4667 igitur-poena
664 4572 819 4669 Lycidas
842 4575 996 4645 atrocior
1043 4574 1130 4646 hacc
1159 4573 1269 4644 dicta:
1307 4571 1405 4652 Deus
1439 4576 1602 4666 superbis
1638 4575 1785 4665 resistit,
1825 4576 2024 4656 humilibus

29 4667 120 4746 fuisse
134 4679 294 4764 videtur,
318 4691 437 4749 tamen
458 4673 575 4768 palam
595 4675 728 4748 iniusta
742 4675 889 4748 consilia
905 4678 995 4747 dan·
1042 4691 1160 4748 autern
1178 4678 1237 4747 dat
1252 4675 1411 4766 gratiam.
1431 4721 1433 4732 .
1464 4673 1569 4746 item:
1594 4671 1826 4752 Abominatio
1838 4697 1891 4756 ‚est
1904 4709 2024 4757 coram
2092 4683 2095 4690 ’

30 4779 349 4866 trepuntroiustum
363 4790 430 4868 est.
539 4835 545 4848 .
1043 4776 1199 4851 Domino
1216 4777 1391 4876 quidquid
1407 4777 1621 4850 estsublime
1637 4793 1755 4851 coram
1772 4777 1993 4884 bominibus.
2037 4865 2043 4889 .

114 4877 236 4972 Pugna
250 4883 295 4954 ad
309 4879 530 4953 'Salaminem
550 4879 704 4950 insulam
720 4877 995 4950 celebratissima
1143 4871 1359 4951 Pausaniae
1378 4877 1566 4973 Spartani,
1597 4881 1659 4975 qrai
1684 4883 1756 4955 dux
1778 4884 1848 4957 init
1871 4889 1917 4988 ad
1940 4886 2026 4964 Pte
2094 4889 2097 4895 ’

32 4987 90 5060 est,
113 4980 148 5050 in
166 5005 234 5077 qua
251 4981 387 5070 Graeca
404 4980 541 5068 classis,
566 4981 713 5052 navium
734 4979 811 5050 378
834 4993 910 5053 toto
936 4981 997 5052 die
1043 4996 1135 5068 teas,
1160 4995 1260 5053 tanta
1275 4982 1343 5054 suae
1360 4983 1531 5054 modestia
1545 4983 1584 5052 in
1601 4983 1767 5071 victoria,
1790 5001 1832 5060 ut
1846 5011 1926 5060 eum
1942 5014 2025 5064 enm

30 5079 209 5170 praelians,
230 5083 408 5157 Persicam
422 5105 512 5175 quae
528 5082 642 5155 multo
658 5079 773 5153 maior
788 5083 923 5168 isserat,
945 5081 997 5155 ita
1043 5078 1504 5178 adhortarenturquidam,
1528 5098 1569 5155 ut
1583 5083 1696 5177 capita
1709 5081 1932 5164 Persicorum
1957 5095 2025 5164 du·
2115 5115 2120 5131 ·

31 5173 218 5272 dissipavit,
247 5197 288 5258 ut
310 5181 486 5277 plurimae
510 5204 620 5252 naves
640 5181 768 5280 Xerxis
794 5183 998 5256 submersae
1044 5209 1126 5258 cum
1139 5185 1696 5276 insensatorumasagereocruet,
1721 5189 1811 5262 sicut
1824 5189 1951 5264 rause
1964 5182 2037 5282 ati-3
2149 5227 2153 5234 ·

32 5272 110 5365 sint,
134 5296 168 5355 et
184 5287 356 5360 trucidata
370 5305 497 5376 magua
510 5305 592 5377 pars
606 5284 777 5356 exercitus
791 5284 940 5372 navalis,
963 5297 999 5357 et
1041 5291 1110 5379 ,put
1121 5285 1303 5360 Leonidae
1325 5287 1417 5378 regis
1432 5285 1601 5381 Spartani
1620 5289 1732 5360 simili
1743 5292 1957 5382 contumelia
1972 5291 2045 5362 ai-'

30 5377 185 5476 “Ulnia
201 5388 299 5480 »iuga
329 5383 517 5460 renuunt.
573 5382 726 5480 Eoisque
754 5399 855 5462 tanta
880 5387 998 5460 clades
1045 5392 1218 5480 fecerant,
1249 5389 1504 5560 ιειροιιάειόἰῗ..
1522 5412 1560 5464 se
1592 5404 1753 5466 mortuos
1775 5393 1885 5510 natta
1900 5404 2040 5467 coutu-·
2087 5403 2095 5414 '
