4706 5818
221 293 297 371 cas
466 285 678 366 semera
703 289 780 364 on.
805 282 925 362 nno.
951 284 1018 360 ao
1044 219 1174 364 niso.
1198 279 1343 360 onor.
1370 277 1654 360 urendos.
1680 277 2004 362 senesanna.
2173 283 2253 360 oss

224 459 898 554 Factasuntigituraliqootpraelia,
925 461 1116 552 inquibus
1141 457 1210 527 Ze·
1361 451 1453 526 Cum
1477 469 1595 527 autem
1615 479 1756 528 necesse
1777 457 1823 529 sit
1842 472 1961 530 vetera
1988 459 2181 532 certamina
2217 473 2254 528 et

226 567 334 639 nobia
351 567 441 637 duce
456 563 644 658 aliquoties
651 561 808 634 Romani
823 563 992 632 exercitus
1007 561 1103 652 pulsi
1118 571 1210 629 sunt.
1261 579 1362 626 verae
1375 553 1555 628 Ecclesiae
1576 558 1708 628 iudicia
1730 581 1854 642 nosse,
1880 583 1955 630 non
1971 561 2255 653 praetereundae

228 669 391 740 Tandem
411 666 636 736 circumsessa
651 662 813 756 Palmyra
836 688 914 732 cum
931 660 1089 732 Zenobia
1112 685 1153 730 ex
1171 683 1211 729 ea
1244 669 1344 728 'sunt
1365 651 1432 727 hae
1453 659 1687 729 maximarum
1708 684 1827 732 rerum
1843 662 2124 745 controversiae,
2148 685 2253 753 prae-

228 771 318 840 urbe
340 769 381 840 in
403 769 480 836 loca
498 768 629 838 tutiora
645 765 856 848 discederet,
880 777 1099 854 conspectam
1114 763 1152 830 in
1171 785 1212 830 eo
1260 758 1382 828 sertim
1402 782 1481 827 cum
1506 783 1561 829 res
1576 762 1756 842 ostendat,
1780 761 1819 831 id
1836 764 1932 853 quod
1947 759 2178 855 Thucydides
2192 762 2252 830 in-

228 871 355 961 itinere
379 866 595 939 Aurelianus
625 867 751 957 coepit.
808 862 878 933 Hic
906 865 991 933 belli
1022 865 1104 933 finis
1126 863 1212 947 fuit3
1261 859 1357 952 quit,
1389 860 1570 946 accidere,
1592 875 1633 932 ut
1652 863 1766 930 donec
1782 864 1904 932 eadem
1918 858 2107 933 hominum
2122 878 2253 934 natura

230 972 309 1040 viva
333 968 486 1040 Romam
511 968 704 1050 domest,
738 965 802 1036 ubi
824 965 862 1033 in
887 961 1070 1056 triumpho
1095 965 1212 1055 splen-

229 1071 410 1154 didissime
425 1081 548 1138 ornata
565 1090 707 1138 currum
714 1067 901 1136 Aureliani
916 1067 953 1134 iu
968 1089 1093 1156 magna
1108 1067 1212 1136 turba

229 1173 465 1263 captivarum,
491 1166 674 1238 antecessit
693 1173 774 1237 culn
789 1168 871 1235 liliis
890 1180 924 1237 et
940 1166 1092 1239 filiabus.
1142 1164 1213 1235 Po·
1233 1175 1234 1178 ’

231 1288 301 1344 stea
318 1291 521 1341 concessum
538 1282 589 1338 est
602 1266 798 1352 Zenobiae,
823 1264 1008 1337 utRornae
1024 1291 1123 1338 more
1138 1267 1214 1356 pri-

230 1386 330 1443 vatae
348 1364 527 1439 mettense
541 1391 620 1437 cum
633 1368 775 1438 filiabus
789 1369 934 1440 viveret.
987 1367 1123 1441 Romae
1137 1367 1214 1438 Au-

230 1474 386 1544 relianus
411 1493 493 1540 cum
517 1469 584 1538 alia
605 1470 776 1560 quaedam
799 1469 876 1559 paci
898 1470 1001 1539 utilia
1020 1469 1214 1552 constituit,

230 1588 307 1644 turn
324 1572 427 1642 etiam
446 1563 658 1662 ἀμνηστίαν
674 1571 808 1651 sanxit,
835 1595 880 1638 ne
895 1572 1126 1654 audirentur,
1152 1570 1214 1662 qui

231 1674 437 1745 deferebant
457 1672 548 1740 male
573 1672 709 1740 locutos
731 1673 775 1740 de
793 1671 1026 1760 principibus.
1076 1669 1215 1742 Deinde

231 1795 352 1845 rursus
379 1797 420 1840 ex
449 1771 538 1868 urbe
568 1772 612 1840 ad
638 1771 773 1840 bellum
795 1769 1021 1841 Vindelicum
1046 1771 1215 1851 discessit,

231 1875 295 1946 ubi
310 1872 418 1942 Boios
441 1895 529 1963 quos
550 1868 839 1942 nuncBohemos
860 1872 1086 1942 nominamus
1101 1895 1217 1961 egres-

232 2000 288 2048 sos
317 1998 359 2045 ex
382 1973 527 2043 saltibus
548 1973 622 2043 suis
644 1985 677 2042 et
698 1974 908 2066 populantes
932 1997 1032 2042 oram
1048 1973 1216 2043 Vindeli-

134 2155 137 2160 ,
233 2100 309 2146 cam
340 2074 483 2163 repulit.
539 2071 628 2143 lude
658 2074 836 2144 rediturus
865 2074 906 2169 in
931 2069 1118 2144 Orientem
1142 2098 1217 2143 non

231 2175 356 2267 procul
371 2172 544 2268 Byzantio
567 2175 772 2244 interfectus
797 2191 847 2245 est
871 2174 1102 2260 militibus,
1127 2175 1218 2243 inci-

234 2279 316 2349 tatis
344 2297 364 2342 a
386 2275 499 2344 scriba
521 2269 710 2344 Mnestheo
719 2323 731 2358 ,
774 2275 830 2343 cui
854 2273 1069 2346 Aurelianus
1097 2299 1217 2345 necem

233 2377 419 2446 minitatus
433 2376 559 2457 fuerat,
583 2376 643 2444 sed
659 2375 778 2444 statim
793 2376 963 2446 exercitus
977 2372 1219 2450 deMnestheo

228 2485 365 2570 'poenas
381 2475 532 2567 sumpsis
548 2499 699 2568 eumque
713 2477 835 2546 bestiis
852 2478 991 2548 obiecit.

564 2723 629 2794 De
662 2703 890 2796 Ecclesia.

337 2871 431 2944 Dum
454 2874 547 2941 inter
568 2896 641 2942 sese
660 2870 819 2943 Romani
840 2860 947 2942 duces*
970 2875 1036 2943 sub
1053 2871 1220 2943 Gallieno

237 2974 511 3066 belligerantur,
536 2969 834 3043 crevieEcclesia:
860 2973 965 3043 multi
987 2976 1082 3042 enim
1103 2974 1221 3044 liben-

236 3078 309 3148 tius
335 3073 487 3166 arnpleri
516 3085 598 3144 sunt
621 3074 817 3144 doctrinam
843 3075 887 3143 de
908 3099 990 3143 vero
1012 3073 1108 3159 Deo,
1140 3098 1220 3144 curn

237 3179 402 3247 viderent
432 3174 580 3257 seelera,
612 3175 768 3258 furores,
801 3187 835 3244 et
866 3196 996 3263 poenas
1027 3175 1219 3267 impiorum

237 3277 452 3369 principum,
478 3273 540 3365 qui
554 3273 650 3342 idola
664 3274 911 3344 defendebant.
963 3272 1221 3359 simulantem,

239 3393 279 3448 ut
293 3379 331 3447 fit
346 3378 385 3445 in
399 3374 666 3445 confusionibus
681 3374 931 3464 imperiorum,
955 3399 1062 3465 prava
1079 3375 1220 3466 ingenia

121 3481 146 3520 .·
239 3491 441 3571 sparserunt
461 3474 589 3566 impias
610 3473 807 3565 opiniones.
860 3472 913 3545 Ac
928 3476 1112 3566 praecipue
1128 3475 1220 3547 dua'e

238 3579 352 3649 furiae
387 3577 536 3648 diversis
567 3576 653 3645 locis
681 3577 784 3644 valde
816 3577 1031 3664 perniciosae
1058 3578 1218 3647 fuerunt:

239 3679 366 3749 Manes
379 3678 417 3746 in
431 3677 569 3762 Persia,
594 3699 613 3746 a
631 3699 703 3770 quo
721 3672 921 3746 Manichaei
937 3677 1113 3748 nominati
1127 3691 1220 3763 sunt,

241 3793 276 3851 et
289 3777 420 3851 Paulus
431 3776 681 3850 Samosetenus
696 3773 918 3852 Antiochiae.
968 3775 1220 3866 Attigitflure-

242 3881 332 3950 lieni
352 3894 511 3968 tempora
534 3891 693 3971 uterquc.
745 3877 963 3966 Imposturae
983 3890 1100 3948 autem
1115 3879 1220 3948 dissi-

240 3980 343 4050 miles
364 3981 519 4050 fuerunt
571 3970 781 4046 Manichaea
805 4001 965 4067 pugnans
986 4002 1065 4048 cum
1088 3979 1219 4050 iudicio

240 4081 389 4152 rationis
427 4092 463 4150 et
493 4079 588 4150 civili
619 4078 874 4148 consuetudine
904 4079 1015 4159 vitae,
1056 4081 1220 4164 absurda,

240 4195 457 4268 monstrosa,
489 4180 690 4266 barbarica,
724 4191 860 4269 spectro
882 4178 1023 4262 similis,
1048 4203 1110 4250 seu
1131 4176 1221 4251 Chi-

240 4306 376 4368 merae,
408 4306 470 4353 seu
493 4277 670 4373 Empusae
698 4281 849 4350 conflata
878 4304 919 4348 ex
945 4280 1064 4350 stoicis
1090 4282 1221 4352 delira-

240 4383 388 4469 mentis,
412 4397 447 4453 et
464 4382 627 4479 fanaticis
649 4380 830 4452 furoribus
854 4403 894 4450 ac
919 4379 1093 4452 simulatis
1108 4383 1220 4452 adlla-

241 4486 347 4555 tibus.
405 4483 663 4555 Samosetenica
682 4505 787 4566 vero,
819 4496 858 4553 ut
881 4483 972 4551 bella
997 4483 1219 4554 meretricula

239 4587 355 4655 furata
390 4577 646 4677 philosophicis
685 4582 881 4666 coloribus,
935 4583 1138 4670 lasciviens,
1185 4599 1219 4656 et

1260 971 1399 1041 manet,
1425 961 1556 1039 similia
1572 963 1685 1034 multa
1698 963 1871 1057 accidant,

1363 1094 1413 1168 Ut
1434 1111 1551 1168 autem
1573 1099 1617 1167 de
1633 1111 1775 1170 nostrae
1789 1101 1910 1171 aetatis
1928 1098 2178 1170 controversiis
2195 1123 2254 1169 re-

1263 1197 1531 1269 ctiusiudicare
1551 1200 1746 1289 possimus,
1770 1201 1914 1290 prodest
1934 1202 2077 1272 collatio
2092 1214 2254 1271 veterum

1262 1299 1496 1369 certaminum
1513 1311 1547 1368 et
1562 1299 1789 1372 iudiciorum.

1365 1415 1438 1486 Nec
1473 1416 1627 1485 difficilis
1663 1429 1714 1485 est
1750 1415 1914 1486 refutatio
1944 1413 2255 1504 Manichaeorum,

1264 1519 1346 1611 quia
1367 1517 1470 1586 multi
1493 1528 1575 1585 sunt
1599 1515 1779 1586 manifesti
1793 1519 1940 1586 furores.
1992 1515 2040 1589 Et
2056 1531 2176 1589 extant
2191 1545 2254 1588 ve-

1263 1631 1377 1688 tustae
1392 1617 1622 1687 refutationes
1638 1619 1787 1709 scriptae
1801 1618 1845 1686 ab
1861 1614 2005 1688 irenaeo
2019 1633 2140 1690 contra
2150 1619 2254 1690 Mar-

1264 1721 1422 1803 cionem,
1469 1731 1504 1787 et
1540 1720 1587 1787 ab
1620 1714 1822 1806 Augustino
1858 1731 1981 1788 contra
2011 1716 2256 1805 Manichaeos,

1264 1842 1350 1912 quas
1374 1811 1487 1906 legere
1513 1819 1671 1888 eruditos
1694 1819 1783 1888 utile
1800 1832 1871 1904 est,
1897 1833 1931 1890 et
1948 1822 2080 1890 multae
2094 1837 2254 1892 recentes

1265 1933 1387 1990 contra
1404 1915 1666 2010 Anabaptistas.

1367 2033 1528 2108 Fuerunt
1548 2048 1664 2105 autem
1686 2023 1772 2106 haec
1790 2037 1978 2128 praecipua
1996 2041 2111 2132 capita
2131 2042 2256 2110 mani-

1266 2132 1392 2207 chaeae
1407 2149 1529 2206 sectae.
1587 2135 1636 2208 Ut
1648 2135 1758 2208 Stoici
1774 2138 1952 2208 dixerunt:
1979 2135 2061 2210 Duo
2077 2142 2255 2232 principia

1267 2261 1342 2307 esse
1364 2237 1497 2328 pariter
1518 2249 1678 2321 aeterna,
1705 2241 1812 2308 Νοῦν
1836 2233 1900 2308 καὶ
1919 2233 2031 2332 ὕλην,
2058 2243 2106 2311 ita
2131 2241 2254 2312 Mani-

1267 2335 1366 2409 chaei
1396 2339 1468 2406 duo
1495 2337 1668 2428 principia
1695 2336 1829 2427 pariter
1852 2353 2014 2424 aeterna,
2045 2356 2076 2411 et
2100 2343 2195 2413 inter
2218 2367 2256 2412 se

1268 2439 1461 2533 pugnantia
1484 2437 1680 2520 linxerunt,
1705 2435 1846 2506 Bonum
1872 2453 1907 2510 et
1928 2437 2088 2523 Malum,
2110 2443 2257 2512 Bonum

1268 2537 1653 2623 nominaruntLucem,
1678 2535 1816 2607 Malum
1831 2541 1993 2609 tenebras
2007 2556 2041 2611 et
2056 2546 2256 2628 materiam,

1270 2666 1375 2733 quam
1402 2641 1586 2724 dixerunt,
1621 2639 1798 2716 malorum
1822 2639 1983 2710 omniurn
2006 2666 2146 2712 causam
2169 2670 2255 2714 esse.

1270 2738 1382 2813 Ortos
1410 2764 1431 2808 a
1460 2740 1554 2809 malo
1582 2741 1815 2809 nominarunt
1835 2735 1987 2832 χοϊκούς
2007 2740 2071 2814 καὶ
2092 2739 2255 2827 ditantis.

1269 2841 1345 2913 Hos
1363 2843 1546 2926 dixerunt,
1580 2840 1663 2934 quia
1679 2835 1850 2910 haberent
1866 2843 1998 2912 semina
2013 2847 2125 2915 malae
2142 2862 2257 2917 mate-

1269 2945 1362 3028 riae,
1397 2939 1593 3011 necessario
1622 2941 1786 3012 scelerate
1816 2943 1948 3030 faeere,
1982 2969 2046 3014 nec
2075 2970 2177 3037 posse
2208 2952 2255 3018 ad

1269 3044 1385 3116 Deum
1406 3041 1578 3113 converti.
1631 3039 1764 3113 Contra
1786 3067 1869 3113 vero
1891 3058 2027 3138 ortosa
2053 3046 2149 3119 bono
2166 3047 2257 3132 Deo,
2334 3067 2335 3072 ’

1270 3145 1465 3213 necessario
1495 3155 1587 3210 recta
1618 3142 1750 3226 facere,
1784 3166 1849 3212 nec
1872 3146 2034 3216 damnari
2057 3172 2116 3217 eos
2139 3172 2257 3239 posse,

1270 3244 1352 3338 quia
1375 3243 1446 3313 sint
1468 3242 1507 3311 in
1533 3243 1582 3311 eis
1605 3241 1693 3312 lucis
1715 3245 1869 3328 semina,
1893 3270 1959 3316 nec
1976 3249 2089 3318 teneri
2105 3273 2163 3318 eos
2179 3251 2257 3341 lege

1270 3346 1374 3416 etiam
1397 3369 1477 3413 cum
1495 3343 1669 3413 contraria
1686 3342 1757 3432 legi
1772 3345 1921 3427 faciant,
1947 3349 2030 3440 quia
2044 3349 2100 3419 lex
2116 3365 2257 3424 tantum

1269 3447 1401 3516 iudicet
1415 3457 1511 3514 ortos
1527 3468 1547 3513 a
1561 3443 1716 3516 materia.

1372 3560 1424 3632 lta
1443 3563 1641 3632 docuerunt
1663 3560 1782 3630 omnia
1805 3563 2001 3632 necessario
2022 3563 2117 3650 lieri,
2142 3565 2257 3646 bonas

1270 3676 1305 3734 et
1327 3663 1436 3732 malas
1460 3663 1636 3745 actiones,
1661 3675 1695 3730 et
1717 3685 1861 3752 prorsus
1883 3663 2021 3733 nullam
2036 3689 2110 3735 csse
2126 3658 2257 3736 huma-

1270 3789 1336 3833 nae
1357 3763 1549 3834 voluntatis
1570 3763 1769 3832 libertatem
1793 3763 1832 3831 in
1852 3763 1957 3832 bonis
1975 3780 2011 3837 et
2027 3766 2130 3836 malis
2146 3767 2257 3838 actio-

1270 3866 1376 3938 nibus
1393 3863 1623 3934 interioribus
1639 3876 1674 3933 et
1690 3863 1934 3935 exterioribus.
1995 3947 1999 3952 .

1370 3980 1528 4073 Reiectis
1550 3980 1655 4050 etiam
1675 3975 1890 4071 propheticis
1905 3993 1940 4052 et
1954 3981 2156 4072 apostolicis
2169 3987 2258 4056 scri·

1271 4083 1360 4174 ptis,
1383 4105 1516 4152 novum
1532 4078 1767 4170 Evangelium
1788 4082 2023 4173 scripserunt,
2047 4095 2082 4153 et
2100 4095 2257 4156 utente-

1271 4185 1397 4253 cellere
1414 4183 1593 4253 communi
1608 4177 1794 4251 hominum
1810 4182 2034 4253 multitudini
2049 4199 2084 4256 et
2097 4182 2258 4258 Semidei

1271 4285 1496 4368 viderentur,
1520 4282 1733 4353 simularunt
1748 4277 2005 4355 enthusiasmos
2017 4307 2079 4355 seu
2093 4288 2256 4369 adflatus,

1271 4385 1388 4455 subito
1416 4385 1454 4452 in
1475 4384 1578 4454 turba
1602 4407 1638 4454 se
1659 4385 1699 4452 in
1720 4397 1849 4455 terram
1871 4385 2077 4456 abiicientes
2096 4400 2134 4458 et
2156 4390 2257 4459 velut

1271 4485 1414 4556 attoniti
1434 4486 1497 4554 diu
1519 4498 1693 4570 tacentes,
1722 4485 1852 4556 deinde
1876 4498 2042 4579 tanquam
2066 4489 2256 4560 redeuntes

1271 4613 1312 4656 ex
1331 4609 1434 4677 specu
1450 4581 1679 4676 Trophonio,
1705 4598 1739 4656 et
1752 4587 1931 4676 plorantes
1945 4587 2056 4660 multa
2072 4589 2256 4659 vaticinati

240 4687 381 4756 blandis
411 4685 585 4755 illecebris
611 4684 767 4755 invitans
793 4685 928 4753 curiosa
952 4685 1111 4772 ingenia,
1143 4709 1218 4756 non
1271 4703 1362 4757 sunt.
1415 4687 1565 4758 Prorsus
1585 4681 2255 4778 utAnabaptistaerecensfeceruntin

241 4801 325 4854 tunc
347 4788 499 4876 primurn
522 4799 623 4869 nata,
648 4787 709 4853 sed
730 4797 831 4854 antea
854 4782 987 4854 Plotini
1008 4785 1218 4876 disputatio·
1271 4790 1444 4858 seditione
1465 4785 1750 4882 Monasteriensi.
1799 4785 1880 4856 Etsi
1901 4802 2019 4860 autem
2041 4790 2079 4857 in
2105 4793 2255 4880 quibus-

241 4886 347 4956 nibus
362 4887 596 4956 Alexandriae
620 4897 766 4977 compta.
818 4882 992 4975 Cognosci
1013 4901 1162 4980 utraque
1177 4911 1217 4956 ex
1271 4893 1351 4959 dam
1384 4890 1567 4958 manifesta
1600 4888 1777 4959 simulatio
1805 4888 1891 4973 fuit,
1926 4891 2254 4983 tamen'aquuihus

211 5043 212 5046 ,
241 4999 381 5055 nostrae
406 4991 528 5058 aetatis
551 4986 755 5077 spectaculis
776 4997 900 5076 potest.
958 4985 1111 5058 Furores
1130 5012 1218 5060 ana·
1270 4993 1381 5082 reipsa
1404 5015 1423 5059 a
1445 4989 1596 5060 diabolis
1610 4992 1746 5060 furores
1761 4989 1936 5060 immissos
1952 5013 2025 5060 esse
2039 5003 2173 5061 eertum
2190 5008 2256 5064 est.

240 5087 416 5177 baptistici
452 5089 584 5158 similes
617 5100 701 5156 sttnt
731 5083 1022 5156 Manichaeorum
1051 5087 1217 5160 Servetus
1269 5091 1466 5162 Finxerunt
1487 5092 1598 5162 etiam'
1615 5090 1838 5182 coniugium,
1871 5091 2056 5183 politicum
2079 5093 2255 5178 ordinem,

237 5187 435 5276 Hispanus,
460 5191 521 5279 qui
545 5190 608 5258 diu
629 5188 698 5258 fuit
712 5187 750 5256 in
765 5189 952 5258 academiis
969 5183 1216 5262 Mahometicis

236 5288 275 5356 in
298 5287 486 5372 Numidia,
518 5287 813 5360 Samosetenicam
837 5290 934 5360 illam
957 5292 1214 5362 meretriculam

236 5387 275 5456 in
291 5382 466 5459 theatrum
482 5388 632 5458 reduxit.

1269 5189 1515 5284 Magistratus,
1553 5204 1588 5262 et
1615 5190 1767 5282 iudicia,
1802 5216 1908 5282 opera
1935 5216 2027 5275 esse,
2059 5217 2137 5280 npn
2164 5194 2255 5265 lucis

1268 5315 1328 5362 seu
1355 5291 1554 5378 boniDei,
1586 5294 1646 5362 sed
1673 5295 1759 5363 meli
1788 5294 1967 5386 principii.
2034 5292 2085 5364 Hi
2117 5294 2256 5365 furores

1266 5394 1376 5465 multa
1396 5408 1484 5464 tetra
1499 5391 1646 5481 scelera,
1667 5395 1864 5466 libidinum
1885 5281 2118 5613 confusione>
2143 5413 2178 5468 et
2201 5420 2255 5465 se-
