4706 5818
125 281 223 353 109³
684 275 712 347 l.
762 271 1051 364 CHRONICON
1075 268 1322 348 CARIONlS.
1372 271 1499 349 PARS
1525 271 1572 346 ll.
2036 273 2134 348 1094

122 447 198 515 sinc
220 458 376 537 peccato,
409 468 474 514 nec
495 457 603 516 ruunt
627 458 722 516 extra
739 447 850 535 legem
866 443 944 515 Dei.
996 443 1102 528 sitio,
1253 437 1431 532 Tempore
1461 439 1580 513 lrenes
1611 440 1775 535 Synodus
1809 465 1898 535 quae
1927 441 2132 513 nominatur

121 547 257 638 inquit,
288 537 384 639 quod
410 546 515 637 primi
537 548 666 636 gradus
690 560 753 620 est.
803 545 959 618 Secundi
974 547 1103 637 gradus
1153 540 1310 634 Septima
1327 540 1585 637 οἲκουμηνικὴ,
1613 543 1651 610 in
1676 539 1801 614 urbem
1818 541 1959 612 Niceam
1978 544 2130 614 transla-

122 660 206 715 sunt
227 647 366 715 dolores
390 647 429 714 in
453 647 665 718 laceratione
690 648 857 740 corporis.
909 645 982 717 Nec
1006 646 1100 716 enim
1152 656 1186 712 ta
1204 659 1270 726 est,
1296 667 1386 735 quae
1407 645 1584 714 decretum
1605 643 1687 714 fecit
1707 645 1751 713 de
1772 644 1896 736 statuis
1914 657 1949 715 et
1964 643 2129 735 imagini-

123 747 388 835 imaginandum
400 759 460 829 est,
481 742 662 817 Christum
677 749 784 817 fuisse
800 748 996 837 scopulum,
1021 771 1100 816 cum
1152 745 1218 812 bus
1234 744 1470 816 restituendis.
1521 741 1575 814 De
1599 767 1667 837 qua
1690 744 1928 814 controversia
1943 769 2016 814 non
2034 746 2128 812 addo

123 847 268 938 quidem
290 846 364 935 ipse
386 848 495 916 dicat:
522 845 651 917 Tristis
672 861 722 917 est
745 851 863 918 anima
886 873 961 918 mea
990 871 1102 940 usque
1153 843 1439 933 disputationem.
1490 842 1561 944 bed
1582 846 1805 916 manifestum
1830 859 1880 915 est
1895 846 2030 916 cultum
2047 845 2129 913 ido-

121 947 167 1015 ad
189 959 350 1018 mortem.
402 943 450 1016 Et
472 948 574 1016 nervi
597 948 723 1018 ordine
742 963 887 1018 naturae
903 948 1102 1018 sentiebant

121 1047 406 1119 destructionem.
464 1043 523 1116 Sic
553 1061 586 1117 et
617 1072 679 1118 cor
703 1051 829 1118 ordine
851 1063 996 1120 naturae
1024 1049 1101 1116 sinc

121 1159 263 1235 peccato
279 1145 449 1216 sentiebat
465 1148 753 1225 destructionem.

222 1293 272 1364 Hi
296 1297 436 1366 dolores
458 1320 651 1368 nervorum
675 1311 709 1368 et
730 1299 846 1369 cordis
870 1301 1098 1392 aliquomodo

121 1398 166 1464 ad
188 1397 342 1466 animam
365 1421 516 1490 quoque.
531 1411 736 1487 penetrant,
767 1400 857 1471 sicut
878 1401 979 1470 dicit:
1018 1399 1099 1470 Non

120 1497 212 1568 sicut
244 1517 306 1585 ego
337 1497 430 1565 volo.
486 1495 559 1566 Nec
589 1512 671 1568 sunt
695 1515 853 1588 peccata,
876 1502 936 1570 sed
962 1515 1097 1572 tantum

121 1597 297 1666 cruciatus
326 1597 491 1684 patieutis
517 1593 667 1682 Christi,
695 1601 784 1670 sicut
813 1602 888 1691 ipsa
917 1624 1033 1686 mors,
1064 1615 1098 1670 et

120 1697 380 1764 concurrebant
401 1698 444 1763 ad
467 1720 657 1766 nervorum
680 1711 715 1766 et
737 1701 853 1770 cordis
875 1723 1015 1770 sensum
1034 1702 1096 1770 alii

120 1796 261 1864 dolores
279 1796 316 1862 in
331 1791 491 1879 Christo,
517 1797 579 1887 qui
594 1798 746 1866 animam
762 1799 949 1884 feriebant,
975 1824 1097 1870 sensus

119 1897 193 1964 irae
216 1893 284 1963 Dei
306 1896 472 1966 adversus
497 1911 632 1986 peccata
650 1897 786 1984 generis
808 1893 974 1983 humani,
999 1902 1095 1972 iuxta

120 1996 269 2064 dictum:
297 1993 502 2086 lniquitates
519 2019 639 2064 eornm
655 1998 730 2086 ipse
747 2001 920 2084 portabat.
959 1999 1095 2068 Interea

119 2110 238 2164 tamen
262 2091 590 2164 voluntashumana
613 2094 651 2164 in
670 2097 786 2164 anima
812 2091 942 2165 Christi
969 2097 1097 2165 retinet

118 2195 317 2265 firmitatem
341 2194 530 2284 propositi,
556 2208 590 2264 et
613 2217 650 2264 se
666 2197 711 2264 ad
726 2195 963 2265 obedientiam
979 2197 1094 2266 offert.

118 2293 202 2362 Non
223 2307 263 2362 ut
286 2315 348 2382 ego
371 2295 470 2377 volo,
495 2296 556 2362 sed
573 2306 613 2364 ut
630 2307 669 2365 tu
689 2297 753 2366 vis.
805 2293 856 2364 lta
874 2309 992 2367 manet
1013 2291 1096 2364 har-

117 2394 238 2463 monia
263 2405 296 2461 et
326 2394 553 2481 congruentia
584 2417 664 2464 curn
691 2391 778 2465 Deo.
833 2392 1095 2467 Testimonium

117 2517 203 2562 vero
225 2494 269 2560 de
291 2493 489 2574 voluntate,
520 2517 610 2587 quae
632 2509 683 2564 est
707 2497 848 2586 propria
873 2497 1014 2565 divinae
1031 2520 1096 2566 na-

117 2609 219 2663 turae
241 2593 287 2660 in.
302 2587 466 2678 Christo,
495 2588 636 2665 firmum
663 2608 728 2664 est:
770 2595 883 2666 Nemo
909 2597 1010 2667 novit
1031 2621 1096 2688 pa-

117 2709 221 2777 trem,
247 2692 314 2760 nisi
331 2691 442 2773 lilius,
468 2707 502 2764 et
514 2695 570 2764 cui
586 2695 663 2764 vult
678 2697 832 2766 revelare
846 2697 955 2770 tilius.
982 2689 1013 2767 ol
1030 2693 1097 2769 ἐὰν

115 2785 295 2886 βούληται
318 2787 337 2862 ὁ
359 2789 439 2873 υἱὸς
457 2789 706 2890 ἀποκαλύψαι.
760 2795 801 2866 ld
818 2798 907 2868 velle
925 2812 977 2869 est
992 2813 1096 2868 natu-

116 2916 178 2961 rae
200 2891 362 2981 divinae,
391 2918 480 2986 quae
503 2920 582 2966 cum
605 2911 704 2986 patre
719 2911 754 2968 et
777 2896 874 2986 eligit
889 2897 1095 2984 Ecclesiam,

117 3006 151 3061 et
165 3005 216 3062 est
237 2993 275 3059 in
299 3015 337 3062 ea
359 2993 487 3064 ellicax.
537 2994 736 3086 Diligenter
755 3011 871 3069 autem
889 3016 924 3071 et
941 3001 988 3071 ob
1003 2995 1095 3070 hanc

115 3115 257 3162 causam
278 3091 315 3160 id
337 3094 471 3164 dictum
492 3099 786 3168 considerandum
806 3113 873 3184 est,
900 3101 982 3194 quia
999 3102 1096 3171 refu-

114 3207 166 3262 tat
198 3190 484 3279 samosatenum,
523 3211 558 3268 et
591 3211 737 3271 testatur
768 3195 836 3270 τὸν
870 3195 982 3294 λόγον
1021 3224 1094 3270 esse

115 3283 384 3386 ὑφιστάμενον.

147 3479 151 3492 ·
216 3453 313 3524 Haec
334 3456 487 3526 breviter
502 3459 619 3548 attigi,
645 3475 686 3532 ut
707 3465 930 3535 considerent
945 3463 1093 3536 studiosi

98 3569 102 3577 ‘
114 3555 388 3646 disputationem
405 3556 501 3626 illius
515 3562 683 3650 temporis
697 3565 982 3654 resgravissimas
996 3588 1094 3634 com-

113 3659 253 3748 plexam
273 3677 364 3739 esse,
395 3681 482 3750 quas
506 3661 658 3748 cogitare
679 3665 724 3732 ad
747 3663 965 3754 agnitionem
983 3677 1019 3734 et
1036 3664 1093 3732 in-

113 3756 336 3840 vocationem
357 3751 490 3831 Christi
514 3761 601 3832 utile
620 3776 688 3846 cst,
712 3778 747 3836 et
770 3767 834 3837 alit
852 3765 1092 3837 eruditionem

114 3854 202 3927 haec
218 3856 462 3930 consideratio.

1150 947 1267 1014 lorum
1283 945 1500 1016 cumulatum
1517 968 1590 1015 esse
1604 947 1740 1019 statuis.
1759 939 1761 944 ’

1251 1059 1335 1131 Fuit
1347 1059 1468 1150 Pipini
1489 1062 1708 1153 temporibus
1722 1063 1761 1131 in
1776 1060 1967 1134 Germania
1979 1061 2129 1132 Bonifa-

1150 1162 1243 1242 cius,
1274 1162 1375 1232 cuius
1394 1159 1576 1254 Epistulae
1597 1175 1733 1244 extant,
1759 1188 1849 1256 quae
1873 1165 2026 1241 ostendit
2047 1185 2128 1232 eum

1150 1263 1188 1330 in
1210 1261 1383 1351 Turingia
1408 1275 1441 1332 et
1467 1263 1592 1334 vicinis
1620 1264 1708 1332 locis
1737 1266 1868 1336 multos
1889 1262 2128 1336 Ecclesiarum

1150 1365 1279 1432 abusus
1302 1365 1488 1433 emendare
1512 1377 1677 1434 conatum
1699 1376 1788 1432 esse:
1820 1364 1992 1453 Queritur
2006 1364 2128 1433 crebra

1150 1486 1222 1532 esse
1239 1463 1411 1534 adulteria
1435 1467 1671 1547 sacerdotum,
1702 1477 1737 1534 et
1758 1487 1906 1554 poenam
1929 1465 2041 1534 sancit
2065 1466 2128 1532 de-

1149 1559 1341 1653 prehenso,
1383 1587 1554 1634 carcerem
1583 1563 1690 1634 unius
1722 1564 1818 1632 anni.
1874 1561 2064 1634 Prohibuit
2094 1577 2129 1632 et

1148 1659 1289 1734 ethnica
1303 1663 1488 1744 sacrificia,
1514 1679 1554 1736 ut
1569 1665 1643 1756 ipse
1657 1665 1833 1748 nominat,
1859 1689 1949 1760 quae
1964 1666 2128 1734 dicebant

1147 1787 1183 1832 se
1211 1765 1341 1835 sanctis
1367 1765 1489 1836 facere.
1546 1761 1720 1836 Existimo
1745 1765 1932 1836 barbarica
1964 1765 2127 1835 convivia

1146 1863 1267 1936 fuisse.
1328 1859 1519 1938 Prohibuit
1546 1882 1580 1937 et
1610 1865 1766 1956 Magios,
1810 1865 1961 1960 q'uorum
1993 1864 2126 1956 ubique
2177 1869 2182 1876 “

1147 1966 1239 2050 apud
1274 1959 1447 2036 lltbnicos
1485 1988 1634 2056 magnus
1668 1990 1753 2035 usus
1781 1969 1859 2039 luit.
1885 2043 1891 2061 ,
1920 1964 2052 2038 Scribit
2080 1966 2127 2030 ad

1147 2056 1338 2148 Anglicum
1360 2085 1493 2152 regem,
1517 2090 1621 2155 quem
1644 2067 1805 2157 obiurgat
1827 2061 2126 2159 propteradulte-
2152 2073 2156 2081 ⁴

1147 2159 1211 2231 ria.
1263 2155 1414 2228 Gentem
1436 2157 1642 2231 saxonicam
1666 2166 1772 2230 etiam
1786 2181 1972 2260 antequam
1989 2166 2127 2236 audivit

1147 2259 1343 2329 doctrinam
1359 2254 1555 2345 Ecclesiae,
1580 2263 1667 2332 adeo
1692 2263 1896 2333 detestatam
1918 2287 1991 2333 esse
2005 2276 2127 2353 stupra

1148 2372 1183 2427 et
1197 2359 1392 2443 adulteria,
1424 2373 1465 2430 ut
1480 2374 1672 2452 stmpratas
1687 2372 1720 2430 et
1734 2363 1911 2434 adulteras
1927 2363 2126 2452 strangula-

1146 2472 1200 2529 tas
1214 2460 1342 2528 deinde
1358 2463 1602 2534 cremaverint.
1654 2457 1707 2530 Ac
1723 2485 1828 2554 supra
1855 2484 1957 2552 rogos
1979 2485 2126 2554 suspen-

1146 2582 1204 2630 sos
1227 2574 1261 2631 et
1277 2560 1449 2634 osculatos
1470 2585 1543 2631 esse
1567 2574 1782 2652 stupratores
1798 2576 1832 2633 et
1852 2559 2033 2646 moechos,
2059 2567 2142 2632 do-‘

1146 2683 1211 2730 nec
1228 2674 1460 2733 morerentur.
1512 2660 1610 2732 llaec
1630 2664 1795 2733 severitas
1811 2659 1856 2732 iri
1866 2664 1988 2755 poenis
2011 2665 2125 2752 stupri

1146 2773 1181 2830 et
1202 2763 1367 2836 adulterii
1389 2763 1495 2854 digna
1518 2763 1688 2832 memoria
1707 2776 1777 2848 est,
1802 2777 1836 2833 et
1850 2766 2042 2853 optandum
2063 2777 2125 2846 est,

1145 2875 1186 2932 ut
1212 2861 1478 2933 commonefacti
1510 2863 1731 2952 magistratus
1753 2859 1821 2933 hoc
1847 2865 2026 2953 exemplo,
2057 2859 2125 2932 hac

1146 2963 1279 3052 ipsein
1308 2987 1346 3033 re
1374 2963 1446 3034 sint
1466 2962 1676 3047 severiores,
1710 2963 1800 3036 sicut
1822 2960 1919 3034 Deus
1941 2963 2124 3056 praecipit,

1146 3063 1208 3156 qui
1231 3062 1323 3154 leges
1343 3063 1508 3136 eastitatis
1528 3061 1691 3145 tradidit,
1719 3077 1755 3131 et
1770 3086 1890 3132 earum
1905 3065 2019 3150 legum
2037 3088 2123 3133 con-

1145 3177 1316 3255 temptum
1338 3159 1560 3236 horribiliter
1579 3162 1700 3254 punit,
1722 3174 1764 3232 ut
1787 3184 1901 3252 poena
1921 3158 2069 3232 Davidis
2089 3179 2124 3232 et

1144 3263 1214 3328 alia
1228 3265 1384 3354 exempla
1400 3263 1558 3334 omnium
1575 3275 1772 3352 temporum
1788 3264 1990 3337 ostendunt.
2024 3263 2124 3333 Tau-
2222 3343 2225 3346 ,

1145 3359 1225 3428 dem
1248 3356 1472 3431 Bonifatium
1495 3385 1515 3430 a
1538 3361 1670 3453 Frysiis
1693 3361 1845 3430 occisum
1860 3385 1932 3432 esse
1945 3363 2123 3436 scribitur.

1144 3457 1283 3550 Corpus
1305 3460 1485 3530 doctrinae
1505 3459 1616 3550 ipsius
1639 3459 1815 3550 integrum
1837 3483 1910 3529 non
1926 3475 2036 3554 extat,
2060 3465 2122 3532 sed

1144 3575 1417 3633 consentaneum
1439 3574 1490 3631 est
1503 3557 1670 3650 Gregorii
1694 3559 1893 3634 doctrinam
1915 3574 1950 3631 et
1965 3563 2123 3652 exempla

1144 3675 1301 3732 secutum
1317 3684 1402 3736 esse.
1453 3659 1583 3731 Precor
1604 3673 1721 3732 autem
1744 3660 1856 3731 filium
1865 3659 1943 3747 Dei,
1967 3674 2007 3734 ut
2030 3685 2122 3731 sem-

1143 3784 1206 3851 per
1227 3753 1419 3832 Ecclesiam
1441 3761 1480 3830 in
1504 3756 1561 3830 bis
1583 3760 1787 3850 regionibus
1807 3762 1966 3854 colligat,
1993 3762 2121 3853 etipse

1143 3886 1219 3933 eam
1236 3862 1407 3951 gubernet
1425 3878 1458 3939 et
1475 3876 1651 3954 protegat,
1675 3857 1803 3938 Amen.
