4696 5820
982 249 1486 378 rnorostmonns.
1574 236 1578 245 ’

333 425 434 500 XVI.
472 421 516 494 ln
537 419 603 493 hac
624 423 814 515 depravata
833 433 960 494 natura
982 425 1059 495 sinc
1074 447 1218 515 regene-
1367 423 1470 498 XIX.
1503 423 1576 500 Sed
1600 420 1662 497 hic
1683 447 1812 518 magna
1833 425 2007 500 dissensio
2028 441 2083 502 est
2102 425 2260 517 rationis
2301 427 2305 432 ’

137 613 140 619 ,
233 534 371 608 ratione
391 523 510 598 manet
529 525 569 594 in
590 519 735 594 bomine
756 523 877 616 aliquo
897 526 1004 594 modo
1019 526 1151 597 noticia
1166 527 1219 596 le-
1268 541 1303 598 ιι
1317 521 1514 616 Evangelii.
1563 525 1672 600 Ratio
1687 528 1886 600 admiratur
1900 528 2146 622 disciplinam,
2168 529 2261 624 quia

155 701 160 710 .
236 640 306 730 gis,
329 633 421 702 sicut
445 628 569 696 insunt
590 620 767 700 humanae
788 624 899 695 menti
921 625 1072 697 noticiae
1090 650 1220 697 nnme-
1270 643 1322 698 est
1356 649 1524 718 magnum
1561 629 1687 710 decus,
1723 640 1766 700 ut
1791 651 1875 700 vere
1904 629 2042 702 dictum
2071 644 2142 704 est:
2181 629 2262 702 Nec

236 758 376 816 rorum,
399 742 434 799 et
449 725 539 808 aliae
553 728 726 820 quaedam
746 720 911 819 physicae
924 727 1087 802 noticiae.
1138 726 1220 798 Ma·
1269 727 1449 821 Hesperus
1490 751 1556 799 nec
1586 728 1730 802 Lucifer
1775 729 1968 802 formosior
2014 744 2067 804 est
2104 729 2262 802 iusticia:

238 851 299 909 net
321 833 427 903 ctiam
446 826 535 900 haec
553 851 635 918 pars
654 826 844 912 libertatis,
867 829 963 920 quod
985 851 1084 898 mens
1108 841 1142 898 et
1156 852 1221 897 vo-
1271 853 1312 901 ac
1349 829 1503 900 somniat
1540 853 1617 902 eam
1655 829 1724 920 legi
1759 827 1828 901 Dei
1859 831 2075 919 satisfacere,
2114 831 2264 925 placare

238 942 356 1010 luntas
378 942 527 1025 possunt
547 930 721 1022 imperare
742 927 991 1012 focomotivae,
1015 942 1058 1001 ut
1080 941 1223 999 ertema
1272 931 1363 1000 iram
1392 925 1479 1011 Dei,
1518 930 1647 1001 mereri
1674 929 1915 1003 remissionem
1938 946 2183 1025 peccator-un,
2224 946 2266 1004 et

239 1039 400 1108 membra
424 1032 479 1101 vel
501 1043 659 1114 moveat,
691 1029 749 1099 vel
771 1029 943 1099 coerceat.
994 1027 1044 1100 Ut
1065 1024 1224 1099 Achilles
1274 1031 1385 1100 vitam
1408 1044 1597 1102 aeternam.
1653 1027 1702 1102 Ει
1722 1026 1789 1101 hac
1811 1032 1985 1124 opinione¹
2002 1032 2043 1103 in
2066 1029 2178 1104 lsra'el
2196 1056 2266 1103 cu·

240 1158 446 1234 quanquam
474 1132 603 1216 iratus,
634 1143 751 1200 tamen
772 1130 908 1199 ratione
931 1131 1225 1200 commonefactus
1275 1131 1458 1201 mulabant
1480 1131 1585 1201 multi
1605 1131 1790 1218 sacrificia,
1815 1145 1850 1202 et
1865 1155 2003 1226 semper
2017 1133 2105 1219 fuit,
2128 1146 2201 1218 est,
2227 1145 2268 1204 ιι

242 1251 356 1332 potest
376 1235 550 1324 imperare
573 1231 757 1315 manibus,
788 1252 834 1300 ne
857 1229 1032 1319 stringant
1056 1229 1226 1320 gladium,
1276 1231 1345 1300 erit
1372 1225 1459 1300 haec
1481 1233 1659 1322 persuasio
1686 1232 1924 1324 plurimorum
1948 1227 2157 1316 hominurn,
2192 1227 2269 1302 ho·

245 1355 277 1410 et
293 1337 461 1429 pedibas,
486 1347 527 1404 ut
543 1334 587 1402 ab
600 1330 866 1419 Agamemnone
878 1331 1070 1402 discedant.
1122 1329 1226 1400 Hanc
1276 1332 1390 1400 mines
1412 1353 1486 1401 esse
1507 1331 1620 1402 iustos
1638 1328 1705 1402 hac
1725 1331 1911 1426 disciplina
1936 1355 2056 1404 coram
2076 1329 2172 1404 Deo:
2199 1335 2270 1402 sed

243 1453 381 1533 partem
402 1429 574 1505 libertatis
595 1431 709 1502 voluit
724 1430 821 1502 Deus
840 1431 880 1499 in
893 1426 1039 1502 homine
1054 1431 1227 1524 reliquam
1279 1431 1445 1502 omnibus
1479 1433 1698 1524 temporibus
1735 1455 1804 1503 vox
1837 1432 2026 1503 ministerii
2058 1432 2272 1524 evangelici,

245 1565 331 1611 esse.
392 1534 573 1619 Primum,
605 1546 647 1603 ut
674 1531 892 1620 intelligatur
921 1533 1112 1602 discrimen
1134 1533 1229 1602 inter
1279 1555 1386 1625 quam
1419 1533 1593 1603 sonabant
1628 1531 1768 1618 Patres,
1804 1529 2022 1625 Prophetae,
2060 1531 2155 1604 filius
2182 1527 2271 1617 Dei,

246 1660 353 1730 agens
375 1635 527 1704 liberum
549 1650 584 1705 et
598 1656 672 1702 non
687 1631 851 1702 liberum.
903 1631 1061 1717 Deinde,
1084 1646 1126 1702 ut
1140 1631 1229 1701 scia'-
1280 1631 1462 1723 Apostoli,
1488 1647 1522 1702 et
1541 1632 1670 1702 deinde
1687 1631 1798 1726 aliqui
1814 1646 1908 1704 recte
1923 1633 2105 1719 docentes,
2130 1633 2272 1704 taxavit

246 1765 326 1810 mus
341 1739 456 1827 ipsum
471 1732 588 1808 Deum
603 1755 794 1820 esseagens
810 1731 1044 1807 liberrimum.
1095 1733 1230 1818 Tertio,
1280 1747 1317 1812 et,
1330 1745 1424 1803 taxat
1436 1727 1673 1815 Pharisaicas,
1697 1731 1920 1822 Pelagianas,
1944 1729 2214 1824 Philosophicas
2231 1747 2272 1804 et

247 1855 288 1911 nt
309 1861 374 1906 nos
397 1857 561 1924 regamur
583 1831 781 1923 disciplina.
833 1831 988 1920 Quarto,
1014 1847 1054 1904 ut
1071 1833 1231 1904 conside·
1280 1830 1472 1925 Papisticas
1494 1833 1719 1924 persuasione
1746 1835 1790 1901 de
1813 1834 1907 1922 lege,
1932 1846 1967 1903 et
1981 1855 2140 1925 expresse
2156 1833 2270 1903 adfar-

247 1961 365 2012 remns
381 1933 662 2024 magnitudinem
676 1933 936 2024 depravationis
951 1935 990 2002 in
1003 1933 1126 2019 nobis,
1149 1955 1231 2002 cum
1281 1945 1369 2018 mat,
1396 1933 1434 2000 in
1455 1933 1622 2002 omnibus
1643 1929 1870 2017 hominibus,
1893 1945 2039 2025 propter
2053 1931 2169 2001 filium
2183 1931 2271 2013 Dei,

249 2037 481 2126 intelligimus
504 2036 702 2104 libertatem
727 2056 800 2102 esse
823 2034 1002 2117 mutilam,
1028 2048 1062 2104 et
1081 2056 1142 2103 cor
1158 2057 1232 2102 non
1281 2028 1496 2103 horrendam
1511 2055 1585 2102 esse
1598 2033 1870 2122 discrepantiam
1884 2035 1929 2102 ad
1944 2030 2056 2121 legem
2071 2029 2158 2118 Dei,
2180 2055 2272 2124 pro-

223 255 316 342 403'
2175 261 2259 338 tos

251 2141 396 2212 obedire
419 2135 490 2224 legi
510 2135 656 2221 Dei,-et
675 2146 853 2203 externam
875 2134 1082 2225 disciplinae
1103 2133 1233 2223 guber-

251 2241 433 2312 nationem
457 2234 638 2305 difficilem
660 2256 743 2302 esse.
803 2229 901 2304 llaec
921 2248 964 2305 ut
983 2236 1104 2328 aliquo
1125 2237 1232 2304 modo

253 2339 485 2432 aspiciantur,
511 2349 594 2406 nota
619 2335 663 2404 sit
683 2332 830 2426 puerilis
854 2335 1015 2413 doctrina
1040 2339 1083 2405 de
1106 2347 1234 2427 poten·

254 2439 476 2512 tiisanimac.
812 2502 815 2515 ,

147 2527 152 2534 ’
355 2533 470 2607 XVll.
503 2533 729 2605 Sevecissime
747 2534 919 2626 praecipit
940 2533 1038 2606 Deus
1056 2549 1235 2606 externam

255 2633 494 2728 disciplinam,
519 2647 553 2704 et
564 2635 667 2724 punit
680 2635 907 2705 violationem
923 2637 1100 2706 atrocibus
1114 2634 1236 2726 poenis

255 2742 294 2810 in
306 2734 373 2806 hac
384 2738 467 2820 vita,
488 2747 523 2804 et
536 2733 659 2824 poenis
669 2735 829 2820 aeternis,
849 2735 879 2805 si
890 2759 962 2805 non
972 2737 1033 2807 fiat
1043 2735 1236 2808 conversio.

256 2839 310 2909 Ac
324 2849 408 2908 nota
420 2833 493 2906 sint
503 2833 596 2904 dicta
608 2836 713 2904 etiam
728 2835 773 2904 de
785 2837 1026 2926 praesentibus
1040 2837 1176 2931 poenis,
1197 2845 1238 2904 ιιι

258 2943 301 3008 ιιι
325 2936 641 3019 cultu'idolorum,
671 2931 908 3028 blasphemia,
941 2939 1075 3026 magia,
1107 2937 1238 3006 dicitur

257 3037 371 3110 Exod.
384 3037 462 3110 2⁰5
487 3034 638 3104 Puniam
657 3034 696 3102 in
712 3037 851 3106 tertiam
867 3049 902 3106 et
916 3051 1077 3128 quartam
1093 3058 1238 3126 genera-

259 3138 408 3209 tionem.
458 3135 565 3218 Item,
589 3131 702 3204 Levit.
716 3139 794 3208 20st
820 3133 954 3206 Ponam
976 3137 1100 3206 faciem
1115 3142 1239 3203 'meam

259 3249 380 3307 contra
396 3257 465 3318 eos,
486 3249 527 3304 ιιι
540 3233 746 3302 interficiam
762 3257 820 3304 eos
833 3236 1005 3304 demedio
1019 3236 1153 3328 populi.
1186 3234 1239 3306 De

258 3334 462 3404 homicidiis
477 3331 689 3408 Matheo:
717 3335 788 3422 Qui
800 3336 952 3424 gladium
962 3338 1144 3426 acceperit,
1165 3337 1240 3425 gla-

260 3439 320 3506 dio
342 3434 481 3528 peribit.
532 3432 585 3504 De
602 3433 704 3506 furtis
721 3433 846 3504 Esaiae
860 3436 938 3510 55.:
964 3432 1065 3507 Vaeh
1080 3439 1141 3529 qui
1157 3460 1240 3525 spo-

166 3531 167 3536 *
259 3539 336 3622 lias,
362 3536 445 3628 qnia
460 3535 676 3626 spoliaberis.
728 3531 781 3605 De
796 3537 935 3606 incestis
949 3537 1145 3610 Levit.18.:
1163 3534 1240 3616 ‚Ca-

260 3653 337 3708 vete
353 3661 397 3706 ne
411 3648 445 3706 et
458 3659 521 3705 vos
535 3635 696 3706 similiter
710 3650 869 3724 evomat,
897 3660 975 3706 cum
989 3637 1119 3708 similia
1135 3637 1241 3706 facie-

261 3739 325 3816 tis,
351 3739 441 3807 sicut
460 3735 616 3806 evomuit
632 3749 769 3826 gentem
786 3762 875 3830 quae
890 3736 957 3807 fuit
971 3751 1051 3808 ante
1069 3759 1143 3810 vos.
1194 3733 1242 3806 Et

261 3839 345 3928 quia
367 3837 406 3904 in
428 3847 502 3905 toto
525 3857 650 3925 genere
671 3831 827 3905 humano
844 3837 1088 3926 multipliciter
1101 3850 1241 3907 etatro-

262 3937 347 4004 citer
367 3936 522 4004 violatur
539 3935 745 4026 disciplina,
767 3936 847 4005 ideo
861 3939 1086 4008 cumulantur
1099 3961 1241 4028 poenae,

261 4035 350 4105 fiunt
370 4056 517 4122 magnae
536 4035 693 4123 gentium
713 4035 959 4125 dissipationes
973 4051 1007 4107 et
1020 4041 1240 4124 vastationes,

262 4136 352 4205 sicut
371 4132 494 4204 Esaias
517 4135 653 4229 inquit,
677 4159 752 4227 cap.
769 4134 846 4207 64.:
872 4135 1078 4230 Iniquitates
1100 4154 1239 4209 nostrae

261 4238 351 4306 sicut
368 4237 463 4303 venti
478 4234 737 4325 dissipaverunt
751 4261 829 4309 nos.
878 4239 885 4250 '

186 4349 187 4352 ’
362 4333 497 4406 xt'ltt.
533 4333 651 4406 Etiam
681 4361 755 4406 non
784 4337 915 4424 renati,
945 4351 1092 4429 possunt
1119 4341 1238 4433 aliquo

260 4437 368 4506 modo
391 4451 532 4505 externa
555 4435 642 4526 legis
660 4461 763 4527 opera
780 4440 911 4520 facere,
937 4453 970 4510 et
986 4439 1142 4510 sciantur
1156 4465 1240 4512 cau-

260 4559 317 4607 sac
335 4549 507 4630 quatuor,
529 4559 593 4628 cur
606 4531 692 4606 haec
705 4537 891 4630 disciplina
908 4539 954 4609 sit
969 4543 1188 4630 praestanda.

360 4637 520 4708 Primum
543 4637 627 4730 quia
640 4633 737 4708 Deus
760 4662 835 4707 eam
859 4641 1053 4731 praecepit,
1078 4641 1135 4712 cui
1153 4642 1238 4712 sim-

258 4737 397 4826 pliciter
412 4760 534 4806 omnes
551 4750 730 4807 creaturae
743 4740 875 4810 debent
889 4739 1136 4811 obedientiam.
1175 4741 1239 4814 Se-

258 4839 393 4914 cundo,
420 4853 459 4907 ut
482 4839 639 4909 vitentur
655 4861 799 4929 poenae.
851 4837 974 4909 Tertio
992 4855 1134 4932 propter
1150 4843 1239 4912 afio-

257 4959 338 5003 rum
357 4938 660 5028 tranquillitatem.
708 4935 866 5024 Quarto‚
890 4939 973 5034 quia
990 4955 1040 5011 est
1055 4929 1238 5035 multiplea

1282 2145 1362 2225 pter
1384 2157 1490 2226 quam
1506 2133 1776 2225 discrepantiam
1790 2131 1844 2202 rei
1857 2146 1960 2218 sunt,
1986 2133 2031 2201 de
2047 2153 2117 2225 quo
2130 2131 2272 2204 Paulus

1283 2234 1418 2329 inquit,
1443 2232 1549 2309 Rom.
1565 2235 1617 2310 8.:
1642 2233 1773 2306 Sensus
1793 2233 1909 2304 carnis
1925 2231 2117 2303 inimicicia
2134 2245 2187 2304 est
2201 2234 2272 2304 ad—

1283 2357 1404 2404 versus
1427 2333 1563 2419 Deum,
1594 2358 1660 2404 nec
1687 2345 1803 2424 potest
1832 2331 1900 2422 legi
1924 2330 1993 2403 Dei
2020 2332 2159 2408 subiici.
2217 2331 2272 2404 Et

1285 2432 1449 2504 Ieremias
1465 2435 1583 2529 inquit
1598 2433 1754 2525 cap.17.:
1779 2432 1990 2503 Perversum
2004 2447 2055 2504 est
2070 2456 2131 2504 cor
2144 2427 2270 2502 homi-

1284 2534 1342 2604 nis
1367 2547 1402 2604 ct
1424 2557 1692 2619 aerumnosum,
1721 2535 1849 2620 idest,
1881 2556 2043 2604 aversum
2064 2557 2085 2603 a
2107 2530 2205 2617 Deo,
2234 2547 2272 2603 et

1285 2635 1381 2704 varie
1400 2657 1524 2719 ruens,
1557 2634 1748 2722 effugiens
1768 2633 1883 2704 Deum
1907 2633 2000 2703 tristi
2019 2627 2162 2706 fremitu
2187 2633 2273 2704 sine

1285 2734 1528 2806 consolatione
1545 2748 1578 2806 et
1593 2735 1673 2805 fide.

1387 2885 1467 2960 XX.
1500 2883 1623 2978 lnquit
1637 2883 1906 2976 igitur-Paulus:
1930 2880 1987 2955 Ex
2001 2883 2273 2977 operibuslegis

1286 3013 1361 3058 non
1390 2986 1638 3058 iustificabitur
1667 2986 1785 3054 omnis
1810 3009 1893 3056 caro
1921 3009 2042 3056 eoram
2066 2982 2154 3057 Deo.
2204 2981 2275 3056 Est

1287 3089 1396 3176 igitur
1424 3097 1604 3178 peccatum
1633 3086 1672 3158 in
1702 3087 1869 3158 omnihus
1896 3079 2104 3157 hominibus
2130 3099 2273 3177 praeter

1288 3183 1467 3260 Christum
1490 3186 1529 3254 in
1552 3181 1723 3274 brevite,
1748 3209 1813 3257 nec
1827 3198 1975 3278 possunt
1988 3180 2151 3257 homines
2165 3183 2274 3256 satis-

1287 3289 1400 3360 facere
1431 3288 1500 3378 legi
1521 3285 1606 3370 Dei,
1642 3310 1707 3357 nec
1737 3287 1925 3378 disciplina
1955 3299 2019 3357 aut
2043 3285 2119 3358 ulla
2147 3299 2274 3357 nostra

1288 3413 1393 3480 opera
1429 3401 1611 3458 merentur
1644 3387 1888 3458 remissionem
1918 3398 2162 3479 peccatorum,
2204 3409 2274 3456 nec

1287 3492 1363 3579 lege
1391 3484 1554 3558 homines
1580 3488 1665 3557 iusti
1693 3501 1776 3558 sunt
1802 3510 1922 3558 coram
1950 3485 2041 3561 Deo.
2110 3485 2185 3558 Sed
2214 3487 2275 3556 lex

1288 3591 1477 3660 ostendens
1500 3603 1699 3680 peccatum,
1726 3601 1777 3660 est
1800 3586 2038 3659 ministerium
2058 3585 2206 3668 mortis,
2232 3601 2275 3658 ut

1288 3690 1419 3760 Paulus
1445 3691 1580 3784 inquit,
1609 3687 1763 3762 Roman.
1781 3689 1835 3759 7.:
1867 3686 1942 3758 Lex
1964 3687 2055 3758 iram
2078 3687 2186 3758 efficit
2206 3701 2275 3762 etc.

1289 3791 1518 3862 Manifestum
1535 3803 1586 3862 est
1598 3790 1707 3880 igitur
1720 3811 1941 3884 nequequam
1957 3788 1996 3857 in
2009 3783 2155 3858 homine
2164 3789 2274 3858 talem

1288 3891 1487 3962 libertatem
1508 3891 1700 3982 voluntatis
1713 3890 1887 3983 reliquam
1901 3911 1993 3976 esse,
2021 3902 2063 3960 nt
2079 3888 2191 3980 possit
2203 3889 2274 3962 tol-

1288 3993 1360 4061 lere
1383 4004 1563 4082 peccatum
1585 4005 1622 4063 et
1642 4003 1812 4072 mortem,
1836 4013 1899 4061 seu
1914 3990 2050 4059 efficere
2064 3989 2273 4062 interiorem

1288 4092 1545 4172 obedientiam,
1572 4114 1677 4185 quam
1699 4091 1756 4162 fer
1773 4087 1841 4161 Dei
1861 4090 2027 4182 postulat.
2076 4085 2128 4161 Et
2148 4090 2274 4161 dolea-

1288 4217 1366 4262 mus
1395 4216 1461 4262 nos
1487 4215 1561 4261 non
1592 4192 1675 4263 satis
1705 4191 1902 4280 intelligere
1928 4188 2220 4282 depravationem
2241 4203 2274 4261 et

1287 4293 1548 4366 immunditiem
1561 4293 1601 4362 in
1619 4293 1786 4364 cordibus
1801 4292 1944 4364 nostris.

1314 4515 1315 4520 ,
1387 4443 1487 4522 XXI.
1522 4443 1615 4534 Quia
1633 4469 1717 4516 vero
1733 4442 2015 4516 Deusimmensa
2029 4442 2277 4516 misericordia

1288 4545 1496 4636 deprecante
1507 4571 1570 4638 pro
1581 4547 1686 4617 nohis
1696 4545 1769 4615 filio
1781 4568 1845 4616 suo
1855 4545 2051 4636 unigenito,
2072 4569 2148 4616 non
2159 4546 2276 4617 voluit

1287 4660 1400 4718 totum
1426 4671 1536 4736 genus
1558 4641 1756 4717 humanum
1779 4645 1912 4738 perire,
1937 4647 2117 4716 decretum
2140 4647 2274 4718 tactum

1288 4758 1357 4826 est,
1384 4761 1423 4818 ut
1444 4771 1508 4840 per
1528 4747 1642 4817 lilium
1663 4746 1847 4818 satisfieret
1867 4746 2026 4819 iusticias
2050 4745 2214 4830 divinae,
2240 4761 2275 4818 et

1286 4847 1517 4918 redimeretur
1536 4871 1647 4937 genus
1669 4843 1885 4931 humanum,
1911 4861 1945 4920 et
1964 4845 2153 4939 promissio
2177 4847 2274 4918 edita

1286 4959 1355 5030 est,
1381 4970 1472 5040 qaae
1494 4961 1546 5018 est
1566 4974 1634 5019 vor
1647 4943 1853 5035 Evangelii,
1879 4941 2131 5039 comprehensa
2152 4947 2192 5017 in
2216 4943 2273 5018 his

256 5037 468 5128 paedagogia
499 5051 533 5106 et
555 5038 865 5122 commonefactio,
897 5052 931 5110 et
952 5065 1178 5131 perseverans
1199 5046 1237 5112 in
1286 5047 1403 5116 verbis
1426 5044 1549 5119 lohan.
1565 5051 1617 5121 8.:
1644 5047 1704 5118 Sic
1730 5043 1826 5118 Deus
1852 5049 1974 5120 dilexit
2002 5047 2199 5134 mundum,
2231 5061 2272 5118 ut

254 5133 392 5206 delictis
409 5148 529 5205 contra
545 5139 814 5222 conscientiam,
840 5163 913 5208 non
927 5155 978 5210 est
991 5147 1179 5214 conversus
1193 5147 1237 5216 ad
1285 5144 1398 5216 filium
1427 5171 1530 5218 suurn
1561 5147 1784 5237 unigenitum
1814 5150 1969 5236 dederit,
2000 5161 2042 5222 ut
2069 5147 2186 5218 omnis
2210 5148 2274 5244 qui

249 5233 384 5320 Deum,
416 5235 629 5307 iuxtaillud
657 5233 927 5310 1Timotb.1.:
962 5239 1082 5314 Milita
1105 5245 1235 5315 bonam
1284 5247 1396 5320 credit
1412 5249 1448 5318 in
1467 5272 1547 5319 eum
1562 5269 1636 5318 non
1651 5262 1791 5341 pereat,
1817 5253 1877 5322 sed
1892 5248 2020 5324 habeat
2033 5249 2142 5322 vitam
2157 5263 2273 5321 oeter-

248 5331 593 5430 militiam„habens
608 5338 713 5408 fidem
730 5353 764 5411 et
781 5341 913 5411 bonam
927 5344 1190 5419 conscientiam.
1286 5369 1379 5416 nam.
