4726 5828
76 273 132 352 aa
654 263 819 351 uacr.
856 261 934 344 nu
971 261 1217 346 uranos.
1254 261 1536 344 scuunrr.
1960 375 1962 384 ¹
2054 277 2110 352 ao

77 445 255 524 consensu
271 435 473 518 mussent
488 463 525 515 sc
537 441 712 516 electuros
729 465 804 516 esse
819 443 998 530 maun,
1022 465 1072 514 ne
1120 451 1211 512 asset
1229 449 1334 510 autor
1352 458 1468 508 novae
1486 436 1622 508 tornae
1642 433 1798 530 imperii.
1847 437 1919 514 Sed
1935 443 2108 540 quicquid

77 547 276 622 Germania
308 543 564 618 distraheretur
595 541 802 618 Electorum
836 543 1070 620 dimensione
1120 542 1206 622 erit,
1252 559 1396 611 oremus
1426 537 1542 610 Deum
1575 549 1759 610 aeternum
1788 555 1925 633 patrem
1956 541 2107 630 Domini

73 651 148 724 Nec
176 648 359 744 peregrini
385 646 500 740 Reges
525 647 685 718 accersiti
716 659 821 726 sunt.
841 646 927 728 ,nisi
950 648 1070 732 semel,
1117 639 1232 714 nostri
1245 638 1326 714 lesu
1336 635 1491 725 Christi,
1514 637 1578 734 qni
1594 639 1760 713 condidit
1772 665 1883 734 genus
1897 639 2107 737 humanum,

74 776 157 824 cum
175 751 239 822 alii
255 748 446 822 Allonsnm
461 748 682 842 Hispanum,
705 748 769 819 alii
782 746 980 820 Ricardum
989 743 1070 818 Au-
1117 758 1152 816 et
1176 757 1324 836 propter
1347 739 1543 814 Ecclesiam
1568 755 1686 814 uruat
1709 743 1848 840 aliquas
1872 747 2034 838 politias,
2064 765 2107 825 ut

72 855 175 944 glum
194 863 427 924 attraxerunt.
707 891 709 898 ι
1116 845 1308 916 clementer
1340 844 1478 933 mitiget
1513 842 1762 936 impendentes
1796 846 2029 937 mutationes,
2069 868 2106 928 et

178 949 236 1023 Dc
250 949 400 1023 Alionso
415 974 490 1022 non
512 949 663 1024 dubium
687 963 740 1022 est
765 949 972 1022 accersitum
993 971 1067 1020 esse
1115 958 1276 1038 protegat
1306 944 1347 1016 in
1376 939 1434 1016 his
1466 944 1674 1034 regionibus
1705 941 1882 1020 Ecclesias
1914 963 1949 1021 et
1981 975 2104 1024 carum

71 1067 224 1148 propter
246 1053 475 1122 excellentem
496 1052 705 1144 sapientiam
728 1063 762 1122 ct
781 1051 970 1134 uirtutem,
1003 1050 1066 1145 qui
1115 1043 1281 1139 hospitia.
1332 1044 1383 1118 Et
1400 1045 1536 1119 diutius
1557 1058 1671 1117 servet
1686 1047 1725 1117 in
1744 1045 1936 1122 Germania
1952 1052 2103 1142 legitimi

71 1145 292 1226 tamencum
310 1165 400 1223 esset
417 1148 676 1244 Philosophus,
699 1165 734 1223 et
750 1152 920 1224 dimicare
934 1155 979 1224 de
994 1153 1066 1222 im-
1114 1149 1257 1242 imperii
1286 1149 1410 1234 decus,
1455 1160 1555 1240 regat
1585 1148 1692 1220 ctiam
1720 1147 1927 1243 Principum
1953 1152 2103 1240 animos,

70 1257 173 1348 perio
196 1277 273 1324 non
292 1255 415 1339 vellet,
446 1275 648 1347 quanquam
670 1250 845 1322 Basileam
867 1255 984 1339 venit,
1009 1268 1066 1324 ta-
1115 1273 1161 1321 ne
1182 1264 1243 1321 aut
1264 1250 1358 1321 odiis
1379 1263 1440 1321 ant
1459 1247 1657 1322 ambitione
1675 1249 1813 1323 incensi
1834 1253 1987 1344 patriam
2010 1255 2102 1325 dila-

69 1379 155 1426 men
174 1356 303 1425 volens
318 1354 421 1424 cessit
440 1356 564 1426 relicto
584 1350 652 1424 hoc
668 1353 872 1427 certamine.
924 1352 1064 1445 Anglua
1114 1365 1249 1421 cerent:
1298 1354 1358 1421 sed
1382 1366 1422 1424 ut
1446 1364 1532 1422 sunt
1552 1351 1711 1440 cognati,
1751 1351 1801 1424 ita
1828 1353 1899 1424 sint
1921 1356 2017 1426 inter
2041 1378 2101 1428 se-

69 1459 142 1530 eito
157 1469 322 1526 mortuns
337 1470 397 1526 est.
1114 1475 1196 1522 vere
1212 1450 1406 1534 Germani,
1430 1475 1505 1522 non
1525 1452 1641 1522 fucata
1662 1452 1910 1526 benevolentia
1932 1478 2007 1527 sese
2020 1481 2101 1527 rnu-

175 1555 364 1628 lnterdum
399 1555 505 1626 etiam
536 1553 651 1625 iuriae
684 1555 885 1648 pontificiae
917 1555 1063 1624 luerunt
1113 1568 1175 1623 tuo
1200 1554 1489 1644 complectentes,
1511 1566 1548 1623 et
1563 1551 1668 1622 saluti
1686 1556 1869 1626 communi
1886 1553 2101 1629 Germaniae

69 1679 199 1729 causae
216 1657 446 1726 dissidiorum
464 1653 757 1728 intcrElectores.
795 1654 843 1728 Et
858 1679 932 1726 non
948 1655 1062 1725 multo
1113 1668 1149 1726 et
1164 1654 1538 1744 vicinarumgentinm
1554 1654 1753 1726 consulant.
1803 1651 1898 1726 Dixi.

70 1772 152 1828 ante
164 1756 333 1828 Pontifex
349 1755 535 1828 Romanus
556 1771 703 1827 conatus
718 1771 770 1828 est
791 1752 888 1827 hunc
908 1777 1061 1826 nervum
1557 1789 1562 1796 ·

70 1858 236 1948 imperii,
268 1857 433 1927 videlicet
462 1858 518 1927 iua
549 1857 748 1943 electionis,
779 1857 913 1948 insigni
934 1857 1063 1927 astutia

70 1961 228 2030 abolere.
280 1955 371 2026 Nam
386 1954 603 2049 Episcopum
617 1957 871 2047 Moguntinnm
886 1955 1062 2028 Comitem

71 2058 320 2147 lsenbergium
345 2058 503 2150 obligare
525 2058 640 2128 voluit
663 2057 802 2128 Aeneas
826 2059 988 2153 Sylvius,
1016 2080 1062 2126 ne

70 2183 232 2254 unquam
257 2158 328 2226 nisi
358 2158 574 2228 adsentiente
594 2156 760 2230 Romano
782 2158 952 2230 Pontifice
977 2156 1062 2227 Mo·
1510 2225 1519 2246 ‚
1696 2226 1707 2252 ,

71 2261 248 2352 guntinus
268 2255 450 2328 Electorea
474 2274 695 2330 convocaret.
754 2258 834 2349 Qua
857 2261 896 2328 in
918 2283 956 2330 re
981 2282 1061 2329 cum
1346 2226 1423 2312 De
1451 2225 1639 2314 Hiemi·
1669 2219 1866 2342 Pssimrff·
1993 2255 2001 2271 ’

71 2385 147 2432 non
162 2361 393 2430 assentiretur
408 2357 661 2449 Mogontiaus‚
686 2361 795 2432 sensit
810 2361 945 2430 fulmen
969 2383 1062 2452 pon-
1179 2383 1211 2438 1„
1225 2380 1500 2440 ..mmmm
1515 2380 1563 2439 ιιι,
1605 2381 2101 2460 .tttaqq.,tttaaara,1t‚p,sra„

71 2462 241 2545 tificium,
267 2463 328 2530 sed
343 2483 364 2528 a
378 2458 560 2530 Friderico
576 2460 737 2531 Palatino
755 2462 896 2534 sortiter
909 2475 945 2533 et
958 2460 1062 2531 foeli-
1215 2451 1333 2574 {9303}-
1346 2449 1552 2573 Wffifss·
1581 2399 1920 2523 brumaepmrinaana.
1951 2453 2100 2514 cesima.

72 2565 162 2634 citer
194 2562 360 2630 defensus
393 2573 456 2631 cat.
515 2558 697 2632 Postremo
731 2563 885 2634 ostendit
920 2561 1061 2632 duratio
1236 2538 1244 2572 ¹
1274 2556 1284 2576 '
1330 2539 1367 2574 ‘⁶
1385 2581 1393 2597 ·
1412 2535 1439 2574 ⁰'
1504 2558 1512 2575 ⁸

73 2662 250 2732 divinitus
272 2657 364 2730 hanc
388 2661 530 2753 imperii
554 2663 703 2730 formam
735 2677 769 2733 et
798 2664 997 2737 institutam
1026 2673 1063 2733 ct
1113 2699 1242 2768 omno
1289 2693 1336 2766 de
1374 2697 1457 2766 ,uqa
1497 2695 1778 2786 ngfonymg
1823 2695 2099 2792 mmm-5,
2196 2729 2201 2738 .

72 2775 318 2878 ‘⁰¹¹⁸‘mim
342 2783 432 2845 ‘⁸⁵⁹’
462 2763 546 2853 (μὴ
570 2783 684 2831 ³⁰¹¹⁰⁸
710 2761 863 2880 fmi'lius,
887 2764 1062 2882 ‘tumim'
1112 2801 1214 2868 laris
1239 2799 1436 2889 utriusque
1457 2795 1651 2883 Hectoris,
1689 2800 1856 2870 recitato
1886 2821 1911 2870 α
1939 2803 1989 2872 D.
2011 2805 2100 2875 Mi·

71 2879 131 2933 tos
144 2873 275 2930 mansit
290 2857 377 2931 haec
390 2861 524 2947 forma,
548 2875 652 2955 atquc
668 2876 805 2932 utinam
826 2866 962 2934 diutius
984 2885 1061 2931 eam
1392 2918 1413 2967 c
1421 2893 1447 2968 ἠ
1454 2917 1479 2965 a
1489 2895 1530 2965 ῥ’
1538 2917 1559 2965 e
1592 2901 1651 2966 Te
1659 2918 1685 2965 u
1695 2895 1716 2966 b
1723 2918 1745 2966 e
1754 2918 1776 2967 Ι,
1783 2921 1816 2970 0.

73 2966 179 3036 Deus
191 2975 387 3032 conservet.
426 2960 496 3032 Sed
512 2963 748 3053 plurimorum
764 2985 955 3054 regnorum
973 2965 1063 3033 iata·

1112 2023 1178 2098 No.
1198 2022 1283 2098 tlt.
1934 2055 1984 2100 an.
2002 2033 2099 2100 1554.

1119 2117 1291 2150 m
1920 2121 2093 2152 Μ

73 3067 125 3135 les
156 3063 299 3154 periodi
322 3064 468 3132 inerunt
499 3064 586 3132 anni
615 3064 812 3156 quingenti.
876 3063 936 3136 Ab
966 3065 1063 3136 exitu
1112 3051 1259 3136 Mirum
1280 3074 1350 3144 est,
1376 3081 1457 3134 cum
1478 3060 1597 3152 legum
1620 3073 1655 3131 et
1676 3062 1786 3134 totius
1805 3065 1944 3137 ordinis
1964 3069 2101 3160 politici
2216 3097 2225 3112 ·

73 3165 318 3236 Israi'litarum
333 3188 373 3234 ex
387 3159 549 3258 Aegypto
563 3179 646 3235 sunt
663 3167 708 3235 ad
724 3165 955 3236 Salomonem
976 3165 1064 3235 anni
1112 3165 1300 3236 manifesta
1314 3164 1360 3236 sit
1374 3164 1560 3252 utilitasget
1574 3157 1825 3256 pulchritudo,
1846 3180 1965 3241 tamen
1980 3173 2100 3240 omni-

74 3265 218 3337 circiter
233 3263 430 3358 quingenti.
480 3263 569 3334 lnde
583 3267 627 3334 ad
646 3266 789 3336 exilium
803 3266 1064 3361 Babylonicum
1113 3268 1182 3339 bus
1203 3265 1423 3357 temporibus
1442 3265 1551 3335 fuisse
1574 3264 1726 3344 multos,
1768 3265 1831 3360 qui
1859 3292 1933 3340 non
1960 3284 2099 3342 tantum

73 3387 200 3438 rursus
231 3363 431 3457 quingenti.
496 3363 532 3435 A
556 3367 673 3436 reditu
698 3368 884 3460 quingenti
907 3369 953 3437 ad
975 3367 1064 3437 ulti·
1113 3368 1275 3438 licentiae
1306 3366 1499 3456 cupiditate
1530 3365 1684 3440 oderunt
1711 3365 1919 3459 disciplinae
1947 3371 2101 3460 vincula,

72 3491 175 3537 mum
196 3465 383 3538 excidium.
444 3460 499 3536 Ac
519 3467 737 3554 significatur
757 3463 816 3538 hic
835 3491 1005 3538 numerus
1025 3467 1065 3536 in
1114 3466 1301 3538 sedetiam
1326 3466 1436 3550 alios,
1473 3489 1625 3559 qnorum
1649 3467 1815 3538 nonnulli
1840 3484 2020 3560 praetextu
2043 3497 2099 3544 sa·

72 3565 226 3638 Daniele
241 3563 321 3635 cur'n
334 3567 373 3636 fit
387 3567 522 3636 mentio
540 3569 760 3659 septuaginta
785 3563 1064 3658 hebdomadum,
1114 3568 1280 3662 pientiae,
1299 3567 1405 3639 multi
1419 3579 1598 3658 praetextu
1611 3565 1794 3654 religionis
1810 3571 1992 3641 vociferati
2006 3588 2101 3658 sunt,

74 3692 167 3762 quae
189 3679 274 3736 sunt
295 3668 382 3736 anni
407 3664 657 3759 quadringenti
689 3684 723 3742 et
745 3671 951 3759 nonaginta.
1009 3665 1064 3738 Ac
1115 3683 1230 3742 toturn
1248 3664 1346 3739 hunc
1359 3669 1522 3738 ordinem
1538 3660 1707 3736 honestae
1730 3682 1765 3741 et
1789 3668 1903 3738 civilis
1925 3671 2018 3742 vitae
2041 3674 2100 3742 in-

73 3793 175 3840 nunc
190 3781 367 3859 postrema
384 3770 509 3837 mundi
527 3783 686 3840 senectus
703 3783 766 3840 cst.
819 3769 940 3860 Quare
962 3770 1065 3840 valde
1114 3772 1244 3841 iustam
1259 3769 1485 3863 tyrannidem
1502 3789 1593 3855 esse,
1611 3766 1810 3861 sicutapud
1819 3768 2003 3841 Platonem
2019 3776 2100 3868 qui-

74 3869 269 3940 metucuda
292 3883 343 3940 est
367 3863 476 3939 huius
498 3869 633 3940 formae
658 3870 826 3957 mutatio,
858 3870 1063 3963 praesertim
1115 3874 1197 3943 darn
1219 3872 1333 3961 legem
1356 3868 1520 3940 nominat
1539 3884 1744 3964 tyrannum.
1801 3867 1850 3944 Et
1871 3876 1967 3966 quod
1990 3878 2100 3967 magis

76 3995 160 4042 curn
185 3971 292 4040 ctiam
307 3968 446 4039 Turcos
469 3992 715 4061 progressuros
740 3995 814 4041 esse
836 3972 942 4042 multi
963 3995 1066 4064 prae-
1114 3973 1248 4043 mirum
1270 3985 1339 4054 est,
1370 3995 1451 4040 cnm
1474 3995 1543 4040 vox
1565 3970 1687 4040 divina
1711 3971 1749 4040 in
1766 3965 1924 4042 Ecclesia
1948 3977 2100 4049 maxime

77 4073 248 4145 dixerint.
300 4068 347 4140 Et
372 4065 549 4141 lohannes
573 4069 697 4142 Hilten
718 4073 973 4144 Franciscanus
993 4070 1067 4144 Ise-
1116 4087 1220 4144 ornet
1232 4073 1325 4164 leges
1340 4083 1374 4141 et
1388 4072 1535 4163 imperia
1545 4121 1560 4158 ,
1586 4084 1702 4142 tamen
1726 4072 1799 4141 iere
1820 4075 1989 4148 omnibus
2005 4093 2100 4152 acta-

76 4173 243 4244 nacensis
277 4171 417 4263 scripsit
456 4195 551 4242 anno
588 4174 777 4244 millesimo
816 4175 1065 4245 sexcentesimo
1116 4176 1211 4247 tibus
1226 4173 1343 4264 vagati
1359 4185 1442 4243 sunt
1457 4171 1601 4242 fanatici
1617 4170 1780 4262 spiritus.
1804 4175 1867 4266 qui
1881 4199 2002 4246 omnes
2017 4200 2099 4248 ner-

78 4271 220 4345 Tuscos
243 4274 281 4341 in
308 4271 503 4344 Germania
532 4286 566 4344 et
592 4271 692 4344 ltalia
715 4275 960 4348 dominaturos
982 4297 1066 4348 esse.
1117 4299 1180 4346 vos
1209 4269 1377 4345 honestae
1407 4271 1584 4344 societatis
1612 4271 1836 4360 inciderunt,
1881 4279 2100 4350 sustulerunt

77 4373 246 4448 Narravit
277 4373 382 4444 ctiam
414 4375 571 4466 optimus
603 4373 772 4468 Princeps
793 4376 874 4447 Dux
894 4375 1067 4448 Saxnmae
1117 4378 1197 4447 iura
1234 4375 1414 4465 coniugii,
1466 4385 1500 4445 et
1538 4371 2097 4466 distinctionem'llominiorum,

77 4473 227 4548 Elector
245 4473 444 4560 lohannes,
469 4479 613 4546 fratrem
632 4489 670 4548 ct
693 4499 729 4546 se
750 4478 988 4546 adolescentes
1006 4500 1068 4546 co·
1118 4481 1377 4548 damnaverunt
1398 4473 1645 4563 Magistratus,
1670 4472 1800 4564 Leges,
1827 4475 1973 4552 Iudicia.

78 4580 224 4649 mitatos
253 4599 327 4646 esse
357 4591 492 4668 patrem
520 4579 563 4646 ad
589 4575 829 4647 Maximiliani
849 4578 1068 4662 electionem,
1221 4576 1328 4650 Tales
1361 4578 1498 4648 furores
1537 4575 1833 4649 circumtulerunt
1869 4580 1985 4649 statim
2019 4593 2100 4670 post

79 4679 204 4772 ibique
238 4677 408 4748 iudaeum
449 4678 681 4748 vaticinatum
723 4702 816 4764 esse,
860 4693 946 4751 tnnc
986 4679 1068 4767 eligi
1120 4672 1897 4772 ApostolostemporeAdrianilmperatoris,
1920 4675 2099 4753 Haeretici

78 4795 299 4872 postremum
334 4776 588 4849 Germanicum
624 4776 888 4870 imperatorem.
951 4779 1068 4851 Tanta
1119 4784 1157 4852 in
1184 4781 1308 4851 multis
1339 4777 1445 4851 Asiae
1476 4791 1512 4849 et
1534 4777 1676 4850 Africae
1704 4779 1809 4863 locis,
1858 4775 2100 4870 Carpocrates,

79 4905 163 4951 cum
179 4881 369 4950 autoritate
386 4873 469 4948 haec
482 4879 677 4972 praedictio
697 4903 815 4972 sparsa
837 4894 908 4964 est,
930 4894 970 4953 ut
983 4878 1069 4952 Ele-
1119 4881 1281 4953 Martion
1314 4893 1348 4950 et
1373 4880 1501 4950 deinde
1522 4877 1669 4965 Manes,
1710 4879 1793 4972 qui,
1830 4880 1915 4972 quia
1938 4876 2099 4954 homines

80 4995 196 5052 dores
217 4995 332 5050 vatem
356 4979 460 5051 illum
484 4984 528 5052 ad
552 5005 589 5052 se
611 4995 843 5065 accerserent,
873 4997 909 5054 ct
929 4983 1069 5072 longio—
1119 4982 1222 5052 facile
1246 4982 1435 5072 capiuntur
1456 4979 1626 5071 opinione
1647 4993 1682 5052 et
1703 5001 1763 5069 spe
1785 4979 1900 5051 divini
1921 4985 2101 5070 consortii,

7 5159 8 5170 χ
81 5106 157 5152 rem
194 5081 467 5175 explicationem
496 5082 708 5172 flagitarent.
783 5081 854 5153 Hic
887 5085 1071 5176 respoudit
1115 5083 1337 5155 simulabant
1365 5084 1404 5152 in
1427 5082 1501 5153 suis
1521 5079 1765 5170 congressibus
1786 5082 1920 5154 subitas
1943 5100 2102 5157 conster-

81 5177 393 5274 alium'potentcm
410 5180 662 5274 Imperatorem
686 5197 766 5276 post
780 5183 1070 5256 Maximiliannm
1119 5185 1302 5269 nationes,
1350 5183 1521 5275 suspiria,
1567 5175 1769 5276 lachrymas
1804 5197 1840 5268 et
1867 5185 1955 5254 alios
1984 5200 2101 5276 gestus

82 5298 288 5354 scrutariam
304 5305 388 5368 ease,
412 5285 475 5378 qni
490 5302 597 5374 regna
612 5298 754 5355 externa
770 5287 875 5356 etiam
891 5307 1071 5377 possessus
1120 5299 1195 5356 arte
1221 5287 1337 5365 fictos,
1379 5297 1419 5356 nt
1448 5283 1701 5374 persuaderent
1721 5282 1819 5368 aliis,
1861 5307 1897 5354 sc
1920 5309 1998 5356 curn
2024 5285 2101 5358 Deo

80 5406 144 5456 rus
160 5397 269 5472 esset,
296 5385 355 5457 sed
378 5398 496 5458 ortum
519 5383 821 5469 aMaximiliano,
846 5388 910 5484 qui
929 5388 1071 5463 iuturus
1119 5387 1298 5482 colloqui,
1331 5399 1365 5456 et
1384 5384 1578 5555 invigaqent
1597 5383 1743 5467 stultos,
1776 5396 1816 5454 ut
1835 5401 2034 5486 sperarent,
2065 5409 2101 5467 se
