4606 5822
52 270 129 376 Ι30

155 439 215 514 16.
251 433 487 534 Euangeliou
508 435 617 536 erigit
638 441 900 534 313οη301033
921 433 1044 512 bomi-

59 547 172 629 liatos,
197 542 352 636 gratuita
367 541 631 631 condonatione
646 559 882 636 peccatorum,
899 555 943 639 ‚et
959 565 1044 636 pro-

61 645 418 718 missione‘bonorum
436 645 553 714 omnis
574 645 724 734 generis.
761 645 766 654 '

156 759 217 834 14.
262 760 406 833 lusticia
422 756 627 834 Christiana
649 784 689 832 ea
710 764 854 832 demum
877 773 948 845 est,
973 759 1044 830 fade

59 865 161 956 erigi,
188 879 225 936 et
246 863 482 960 tranquillum
498 861 574 933 lieri
593 886 656 934 cor
677 858 917 936 humiliatum.

58 1084 83 1154 p
156 983 215 1057 15.
261 982 345 1055 Sola
368 983 431 1054 illa
445 982 531 1054 fides
555 981 657 1056 novit
670 977 806 1064 Deum,
832 993 868 1054 et
889 979 1045 1075 adpellat

84 1099 204 1158 altem.
250 1129 254 1138 ·
528 1093 533 1106 ’
760 1101 765 1112 ’

151 1201 215 1274 16.
244 1199 352 1274 Ratio
373 1226 439 1272 nec
454 1199 571 1276 Deum
596 1197 714 1284 novit,
740 1221 804 1270 nec
820 1196 962 1271 Patrem
978 1223 1043 1294 po-

59 1317 117 1375 test
132 1314 272 1380 vocare.

153 1419 215 1494 17.
260 1417 315 1492 Ea
332 1419 419 1490 fides
434 1418 549 1492 cernit
566 1417 713 1491 unicum
737 1416 947 1490 sacrificium
970 1441 1043 1489 esse

61 1523 218 1612 spiritum
241 1521 449 1594 contritum.
502 1517 658 1616 Ideoque
680 1520 855 1613 patienter
867 1521 937 1593 fert
950 1521 1044 1592 affli-

59 1625 205 1695 ctionem
221 1647 288 1695 seu
304 1647 456 1695 crucem.
881 1645 888 1656 ·

153 1743 213 1814 18.
242 1739 351 1814 Ratio
370 1753 492 1811 contra
510 1741 548 1812 in
565 1739 721 1814 adversis
746 1737 876 1824 rebus,
892 1755 954 1813 aut
972 1739 1042 1812 ira·

61 1845 158 1914 scitur
166 1841 262 1932 Deo,
275 1857 337 1916 aut
353 1842 458 1935 plane
474 1858 575 1934 negat
592 1844 625 1913 ei
640 1838 798 1914 bumana
812 1865 886 1912 esse
902 1867 1018 1917 curae.

153 1963 214 2036 19.
257 1958 329 2034 Sed
345 1939 501 2052 Spiritus
522 1973 663 2032 sauctus
678 1959 783 2030 fidem
800 1961 894 2052 parit
910 1961 950 2030 in
964 1985 1043 2030 cor-

62 2063 318 2148 dibuseorum,
343 2061 407 2155 qui
423 2063 706 2148 sanctificantur,
732 2085 823 2157 quae
843 2063 952 2138 sentit
964 2060 1042 2136 Deo

60 2187 118 2242 003
131 2186 206 2236 3333
226 2186 349 2238 30333.

149 2281 211 2353 20.
254 2278 407 2350 Fructus
423 2277 571 2371 spiritus
594 2291 668 2366 est,
693 2304 795 2352 amor
811 2280 907 2373 pacis
922 2281 1043 2372 publi-

64 2405 132 2470 cae,
155 2396 190 2456 et
205 2391 277 2476 pro
293 2403 334 2452 ea
349 2383 593 2452 conservanda
608 2382 708 2456 iubet
721 2405 823 2454 orare
837 2381 1043 2475 Apostolus,

63 2486 136 2556 item
154 2484 339 2558 Ieremias.
809 2497 812 2504 '

3 2673 4 2676 ,
153 2606 216 2677 at.
255 2596 400 2672 Etcum
417 2593 662 2702 Christianus,
687 2623 801 2694 neque
819 2599 1044 2684 Iudaeussit‚

3 2711 5 2764 ἰ
65 2725 167 2798 neque
201 2703 387 2787 Graecus,
433 2700 521 2772 citra
561 2697 795 2773 conscientiae
825 2704 1044 2795 periculum,

65 2808 366 2906 qualibuscunque
379 2801 514 2896 politiis
529 2803 655 2876 utitur.
989 2895 992 2898 ι

74 2935 77 2942 ’
154 2923 216 3000 22.
257 2919 336 2992 lmo
351 2933 570 3013 praesentem
587 2919 748 3012 politiam
764 2935 910 3015 propter
922 2945 1043 3015 pacem

66 3025 158 3097 debet
170 3027 277 3095 ferre.

155 3143 216 3217 16.
255 3137 322 3212 Est
336 3151 453 3209 autem
471 3136 615 3228 politia,
640 3139 755 3212 civilis
767 3139 965 3223 ordinatio,
991 3143 1044 3211 le-

3 3255 5 3276 *
68 3267 135 3334 ges,
158 3243 312 3327 iudicia,
338 3240 514 3311 bonorum
531 3239 678 3327 divisio,
702 3242 859 3328 libertas,
884 3247 1043 3318 servitus.

155 3365 217 3439 24.
262 3359 387 3446 Nunc,
417 3355 479 3452 qui
504 3357 777 3448 decimationes,
807 3362 870 3455 qui
892 3364 1044 3434 servitu-

69 3479 148 3552 tem,
176 3477 241 3536 301
264 3460 393 3532 similia
423 3458 657 3547 labefaciunt,
688 3461 808 3553 impii,
839 3486 913 3531 000
935 3459 1043 3536 Chri·

70 3567 164 3637 stiani
187 3578 290 3646 sunt,
318 3577 353 3634 et
376 3567 462 3634 3001
485 3557 1044 3655 3Μ3ςί31331113033136103013-

70 3669 170 3742 33011.

72 3901 273 3998 (XLVIII.)
307 3904 418 3979 Alio
446 3899 743 3994 disputatio:
778 3902 1045 4008 113103ιί1130-

72 4013 173 4082 ttone.
227 4013 354 4095 oerore
372 4002 450 4105 fide
463 4004 557 4078 solu
573 3999 840 4101 testificaretur,
872 4033 948 4084 000
967 4009 1044 4112 fide

74 4121 107 4182 et
120 4109 288 4207 operibus
303 4111 429 4184 3130331.
485 4109 591 4200 (opp.
608 4110 702 4179 Bastt.
720 4112 761 4181 Τ.
774 4112 834 4188 ΙΙΙ.
849 4139 881 4202 p,
897 4121 1045 4203 322.,utt

365 4215 526 4300 Grueigoro
542 4217 745 4300 adscribitur.)

74 4365 294 4462 Adversarii,
319 4375 349 4446 si
375 4375 439 4470 qui
462 4361 545 4445 sunt
564 4374 737 4464 saniores,
763 4381 963 4450 concedunt
977 4381 1044 4474 ipss

74 4500 180 4564 nunc,
202 4479 298 4572 quod
324 4476 500 4548 dubitatio
514 4475 561 4548 sit
575 4475 694 4569 impia.

79 4696 86 4711 .
141 4601 202 4716 .2.⁰
241 4595 361 4687 Quare
384 4597 604 4683 concedunt,
631 4597 726 4690 quod
744 4597 812 4668 lide
828 4612 862 4669 et
879 4601 1046 4695 operibus

77 4711 153 4768 ruste
166 4722 289 4774 samus.

166 4802 203 4872 6.
241 4797 290 4872 Et
314 4801 410 4893 quod
432 4801 518 4872 fides
545 4799 590 4870 sit
612 4823 714 4870 causa
736 4803 961 4896 principalis,
984 4829 1046 4877 seu
1081 4786 1088 4799 ⁴

77 4903 164 4991 quod
177 4927 283 4996 opera
298 4902 559 4996 aliquantulum
575 4896 727 4974 babeant
740 4906 934 4996 dignitatis,
950 4912 1045 5002 quod

77 5003 209 5173 ephlides
230 5005 390 5099 suppleat
413 5005 610 5098 reliquum,
641 5006 817 5102 quidqmd
841 5011 940 5081 deest
961 5036 1047 5104 ope-

78 5122 95 5167 ῐ
127 5127 178 5176 118.

171 5205 205 5279 4.
242 5203 339 5280 Haec
364 5179 506 5276 videtur
531 5204 602 5278 illis
628 5207 830 5296 civilissima
852 5210 943 5282 ratio
965 5236 1054 5306 esse,

84 5307 258 5476 uppigendi
273 5310 314 5380 in
329 5303 554 5380 concordiam
571 5313 761 5382 sententias
775 5312 818 5380 de
833 5313 900 5384 fide
915 5329 948 5386 et
964 5341 1050 5410 ope-

82 5424 110 5472 0
133 5432 181 5486 us.
235 5456 242 5462 -
299 5470 304 5476 .

688 227 954 344 30111331
993 259 1446 359 0111300000.

2009 275 2085 361 618
2138 279 2142 286 ’

1083 505 1091 512 .
1127 467 1133 478 ·
1197 432 1235 512 6.·
1266 435 1381 512 Nemo
1397 438 1500 530 enim
1510 439 1733 516 eruditorum
1746 445 1833 519 adeo
1850 470 1947 518 0003
1960 457 2083 523 amens

1095 553 1166 627 est,
1189 554 1232 612 01
1253 541 1347 616 dicat
1366 555 1477 614 totam
1499 566 1637 638 3303310
1661 559 1722 618 301
1741 548 1974 640 principalem
1997 577 2083 624 330-

1094 663 1167 712 sam
1185 643 1446 716 iustificationis
1462 667 1534 716 esse
1549 668 1668 737 opera,
1716 645 1765 722 Et
1780 645 1907 722 Eccins
1931 653 1970 722 in
1994 678 2080 726 eon-

1096 756 1206 816 ventu
1219 741 1429 834 Augustano
1446 748 1660 819 concedebat
1675 747 1745 822 fide
1761 751 1942 824 iustificari
1961 751 2080 828 homi·
2201 773 2204 780 ’

1095 861 1177 928 033,
1210 859 1378 940 tanquam
1401 849 1592 940 principali
1618 874 1740 934 causa,
1777 853 1962 946 operibus,
1996 871 2079 930 tan·

1095 971 1201 1042 quam
1219 948 1337 1018 minus
1352 949 1540 1043 principali
1556 975 1673 1024 causa.
2059 1019 2061 1022 .

1197 1047 1235 1120 6.
1275 1047 1346 1120 Sed
1370 1073 1436 1122 nos
1451 1053 1693 1142 defendimus,
1720 1048 1883 1128 homines
1897 1058 2079 1132 iustificari

1095 1150 1166 1220 sola
1182 1150 1268 1238 fide,
1292 1143 1361 1222 boe
1376 1167 1437 1240 est,
1463 1155 1538 1225 sola
1553 1155 1796 1228 misericordia
1810 1173 1956 1254 propter
1972 1157 2078 1234 chri-

1093 1267 1187 1325 stum
1203 1254 1387 1342 promissa.
2016 1287 2024 1300 ·

1195 1353 1233 1425 7.
1265 1351 1343 1425 Etsi
1359 1371 1476 1428 autem
1492 1358 1729 1428 obedientiam
1753 1382 1832 1450 erga
1852 1360 1964 1453 legem
1979 1367 2078 1460 sequi

1095 1477 1235 1525 necesse
1256 1468 1326 1545 est,
1352 1472 1469 1531 tamen
1491 1455 1575 1530 baec
1597 1459 1799 1533 obedientia
1815 1487 1890 1534 non
1907 1479 1959 1536 est
1974 1490 2079 1540 causa

1093 1557 1370 1649 iustificationis,
1407 1585 1523 1656 neque
1548 1561 1776 1655 principalis,
1816 1588 1930 1660 neque
1958 1569 2078 1641 minus

1095 1659 1313 1751 principalis.
1820 1663 1827 1682 ⁴

1197 1761 1232 1832 8.
1271 1759 1342 1832 Sed
1364 1761 1566 1835 iustificatio
1588 1766 1634 1836 ad
1659 1765 1771 1838 solam
1798 1767 2079 1844 misericordiam

1094 1863 1323 1950 transfertur,
1354 1875 1396 1934 ut
1417 1864 1461 1935 sit
1483 1880 1594 1954 certa,
1618 1879 1707 1938 esset
1729 1882 1847 1941 autem
1869 1870 2022 1956 incerta,
2046 1874 2082 1943 si·

1096 1966 1265 2054 penderet
1280 1989 1320 2034 ex
1334 1965 1539 2036 conditione
1554 1969 1660 2059 legis,
1685 1969 1760 2040 sive
1771 1985 1812 2042 ut
1830 1995 1953 2042 causae
1973 1975 2076 2066 prin·

1095 2065 1236 2158 cipalis,
1261 2065 1335 2136 sive
1349 2079 1390 2136 01
1408 2089 1532 2138 330333
1547 2071 1666 2142 minus
1680 2072 1895 2165 principalis.

1195 2173 1228 2244 9.
1273 2163 1338 2238 Est
1360 2191 1444 2240 sane
1465 2164 1698 2267 παράδοξον,
1722 2174 1858 2254 dicere,
1883 2177 1980 2269 qnod
2001 2178 2077 2249 3013

1096 2268 1163 2336 lide
1180 2267 1264 2338 lusti
1279 2270 1406 2354 simus,
1432 2271 1584 2342 multum
1603 2275 1697 2344 enim
1713 2279 1960 2348 scandalorum
1976 2278 2077 2348 ride-

1096 2383 1155 2440 tur
1169 2390 1293 2461 parere
1307 2371 1394 2461 legis
1408 2374 1608 2463 abrogabo,
1633 2379 1695 2446 sed
1717 2371 1803 2448 baec
1820 2379 1980 2449 doctrina
1994 2404 2077 2473 per·

1096 2471 1206 2558 tinet,
1232 2495 1307 2542 000
1321 2475 1365 2542 ad
1381 2473 1489 2544 vitam
1503 2477 1730 2563 exteriorem,
1753 2483 1813 2548 secl
1840 2483 1881 2550 ad
1898 2495 2076 2552 certamen

1096 2573 1331 2646 conscientiae
1344 2573 1497 2646 luctanis
1515 2601 1595 2648 cum
1608 2579 1740 2648 iudicio
1755 2577 1836 2651 Dei.

1201 2676 1259 2750 10.
1298 2675 1412 2748 Porro
1425 2677 1465 2745 in
1483 2673 1551 2749 hoe
1566 2680 1761 2752 certamine,
1772 2682 1988 2754 couscientia
2001 2707 2076 2754 000
2161 2744 2162 2748 ,

1095 2789 1211 2868 potest
1223 2778 1452 2871 acquiescere,
1466 2781 1494 2848 si
1510 2783 1673 2876 respiciat
1686 2783 1730 2852 ad
1743 2784 1865 2880 legem.
1889 2783 1965 2856 Lex
1977 2785 2074 2856 enim

1095 2878 1185 2948 iram
1202 2879 1324 2965 efficit,
1347 2893 1391 2952 01
1409 2881 1460 2950 311
1474 2879 1624 2971 Ρ30103,
1649 2879 1756 2961 Rom.
1772 2885 1809 2959 6.
1871 2971 1874 2978 ¹

1199 2981 1258 3053 11.
1297 2981 1436 3052 Deinde
1459 2983 1563 3053 etiam
1578 2980 1663 3056 baec
1678 2985 1905 3058 incommoda
1917 3011 2076 3082 sequun-

1018 3079 1022 3086 '
1095 3095 1166 3152 tur.
1216 3080 1258 3154 Si
1269 3082 1530 3178 aliquantulum
1546 3086 1634 3178 legis
1658 3089 1807 3175 suflicit,
1835 3113 1900 3168 nec
1921 3103 1994 3160 tota
2018 3091 2075 3162 lex

1095 3185 1307 3279 requiritur,
1332 3187 1994 3278 30133311031331330031110301103331,
2015 3204 2077 3268 aut

1095 3288 1320 3360 concedenda
1336 3289 1451 3358 maior
1464 3293 1595 3380 peccati
1610 3293 1766 3374 licentia,
1793 3318 1865 3364 non
1883 3305 1996 3385 potest
2010 3316 2075 3364 au·

1095 3400 1167 3458 tem
1181 3389 1310 3477 gradus
1326 3389 1412 3477 lepis
1429 3391 1596 3463 constitui
1612 3407 1739 3466 certus.

1198 3487 1258 3562 12'.
1291 3487 1493 3562 lustificatio
1508 3496 1603 3583 apud
1618 3493 1770 3568 Paulum
1789 3493 2003 3585 intelligitur
2016 3517 2075 3566 re·

1095 3587 1220 3678 latire,
1245 3591 1290 3660 de
1311 3592 1557 3684 acceptatione.

1201 3709 1261 3782 ts.
1290 3707 1624 3794 Nonsumusiusti,
1647 3735 1764 3807 neque
1777 3714 1945 3806 operibus
1959 3731 2076 3808 neque

1095 3813 1254 3886 novitate
1267 3824 1387 3882 nostra
1403 3826 1482 3904 post
1492 3816 1811 3906 regenerationem,
1836 3818 1897 3886 sed
1919 3816 1993 3887 sola
2006 3815 2076 3886 mi·

1096 3913 1306 3999 sericordia,
1327 3913 1357 3983 si
1372 3927 1490 4010 tamen
1508 3916 1727 4008 accipiamus·
1743 3941 1819 3990 eam
1841 3919 1923 3990 fide.

1142 4014 1145 4020 ¹
1202 4030 1260 4108 14.
1300 4031 1406 4104 Fides
1427 4050 1543 4107 autem
1569 4037 1644 4128 ipsa
1667 4050 1718 4108 est
1741 4037 1872 4109 noticia
1896 4062 1977 4109 vera
1994 4035 2075 4121 Dei,

1097 4135 1404 4226 legisobedientia,
1420 4137 1573 4209 incoatio
1587 4139 1678 4238 vitae
1691 4153 1863 4220 aeternae,
1879 4135 2076 4210 10113017.

1096 4237 1192 4309 Haec
1206 4250 1259 4308 est
1272 4239 1343 4309 vita
1361 4253 1513 4323 aeterna,
1525 4251 1566 4310 ut
1583 4255 1776 4330 agnoscant
1790 4255 1825 4314 te
1837 4240 1951 4311 solum
1959 4239 2075 4310 Deum

1033 4381 1042 4400 ·
1096 4365 1240 4425 verum,
1264 4353 1299 4410 et
1317 4361 1422 4433 quem
1440 4341 1567 4412 misisti
1584 4341 1701 4413 lesum
1715 4339 1904 4416 Cbristum.

1188 4454 1261 4540 ts.
1303 4455 1468 4551 Impietas
1492 4473 1526 4530 et
1549 4461 1703 4532 amentia
1724 4475 1775 4532 est
1795 4461 1946 4550 lingere,
1978 4457 2075 4551 quod

1098 4577 1278 4656 peccatum
1301 4561 1502 4632 remittatur
1527 4576 1672 4655 propter
1687 4561 1962 4646 contritionem,
1994 4581 2074 4630 cum

1098 4665 1264 4736 contritio
1279 4663 1396 4756 potius
1410 4685 1507 4733 mors
1521 4666 1585 4750 sit,
1610 4687 1685 4736 non
1701 4664 1784 4739 vita.

1201 4786 1258 4858 16.
1283 4781 1388 4852 Fides
1405 4783 1596 4867 necessaria
1615 4799 1666 4858 est
1681 4779 1725 4856 ad
1740 4781 1981 4854 remissionem
1995 4801 2076 4873 pec·
2087 4813 2104 4826 ·

1098 4899 1275 4971 catorum,
1301 4900 1341 4982 ut
1357 4886 1612 4978 supradictum
1637 4901 1698 4958 est.

1201 5003 1260 5077 11.
1293 4997 1489 5087 Confessio,
1515 4997 1583 5077 ltoc
1598 5017 1671 5091 est,
1696 5000 1913 5074 memoratio
1929 5001 2077 5074 delicto·

1100 5129 1180 5177 rum
1198 5129 1272 5174 000
1289 5119 1340 5176 331
1355 5105 1545 5176 necessaria
1563 5119 1598 5176 31
1614 5120 1666 5177 331
1688 5104 1927 5197 impossibilis.

1205 5223 1263 5294 ta.
1304 5217 1491 5293 Absolutio
1518 5223 1652 5314 privata
1674 5248 1747 5294 000
1768 5237 1819 5295 est
1835 5220 2079 5314 improbanda.
2202 5281 2205 5286 ,

1102 5321 1192 5394 Nam
1206 5321 1440 5414 Evangelium
1457 5336 1491 5393 et
1505 5326 1672 5397 omnibus
1690 5341 1725 5398 et
1747 5324 1894 5415 singulis
1908 5321 2012 5392 ollert
2024 5343 2080 5388 re-

1102 5425 1306 5497 missionem
1320 5439 1552 5518 peccatorum.

1484 5529 1561 5602 66*
