4706 5818
90 331 161 407 ou
344 375 349 391 .
655 323 698 404 r..
735 315 1310 400 caaouconcrmonrs.
1363 275 1579 404 rosusu¹
2048 332 2126 410 eor

88 497 361 574 Pharisaeorum
378 511 411 570 st
424 495 714 584 Zadducsorum,
740 517 829 590 quae
845 508 980 590 pugnat
998 517 1079 570 cum
1133 493 1223 565 siam
1244 487 1336 582 Dei,
1368 493 1454 590 quia
1476 495 1568 568 adso
1592 495 1754 590 exiguam
1775 520 1851 570 esse
1873 499 2056 590 videmus,
2088 521 2125 580 et

89 605 164 692 lege
180 599 247 674 Dei
266 623 306 671 ac
322 596 538 686 Evangelio,
565 613 598 670 et
612 601 710 670 iubet
736 596 833 667 idola
852 597 980 669 colere.
1031 591 1081 671 Et
1133 617 1335 690 oppressam
1359 593 1564 686 ingentibus
1593 599 1864 677 calamitatibus.
1915 601 1986 674 Sed
2017 601 2122 680 firma

90 705 209 774 delere
225 725 356 772 nomen
371 701 437 770 filii
451 697 520 770 Dei
535 701 651 792 palam
666 695 935 790 conanturGog
949 713 983 772 et
995 695 1079 770 Ma·
1131 695 1342 768 adsensione
1370 698 1531 790 quotidie
1559 701 1837 790 pronunciemus
1865 703 2054 777 articulum
2079 708 2121 780 iu

90 829 176 894 gog,
202 804 240 873 id
265 816 334 887 est,
357 799 469 872 Trarci
490 817 525 874 et
547 803 608 872 alii
624 797 877 886 Mahometici,
910 813 946 872 et
970 801 1080 871 stabi·
1128 798 1309 892 symbolo:
1335 787 1456 870 Credo
1477 822 1552 871 esse
1577 796 1786 873 Ecclesium
1811 795 2120 890 collaudaremus

90 908 185 977 liunt
206 903 302 974 idola
328 903 475 994 plurimi
497 925 613 993 reges,
654 901 853 996 principes,
894 915 1078 972 eteorum
1130 899 1327 986 discamus,
1358 923 1450 994 quae
1472 914 1506 972 et
1527 899 1593 973 ubi
1616 903 1663 975 sit
1683 927 1766 976 vera
1788 903 1856 976 Dei
1877 901 2056 996 Ecclesia,
2081 925 2118 984 at

90 1009 266 1081 doctores.
328 1003 425 1075 luter
455 1000 519 1075 has
553 1004 779 1076 confusiones
809 1013 925 1074 servat
959 1015 1077 1079 tamen
1129 1021 1195 1071 nos
1219 999 1357 1072 ineam
1381 1002 1626 1087 includamus,
1653 1017 1690 1077 et
1711 1027 1891 1099 speremus
1916 1007 2117 1082 filiumnei

88 1111 189 1182 Deus
213 1109 368 1202 aliquam
391 1111 512 1176 veram
536 1101 749 1190 Ecclesiam,
773 1125 866 1200 quas
887 1117 990 1175 sonat
1014 1127 1077 1174 ve·
1128 1126 1194 1173 nos
1219 1116 1463 1196 protecturum
1488 1117 1525 1176 et
1546 1119 1768 1178 servaturum
1791 1130 1874 1180 esse.
1923 1103 1971 1182 Et
1991 1124 2033 1183 ut
2048 1134 2116 1183 nos

89 1235 165 1284 ram
184 1209 401 1295 doctrinam,
426 1221 462 1278 et
478 1221 570 1280 recte
582 1207 721 1277 invocat
741 1229 822 1274 eum
839 1206 876 1274 in
895 1205 1076 1298 agnitione
1126 1217 1288 1298 protegat
1311 1217 1347 1276 et
1369 1219 1485 1279 servet
1507 1205 1666 1278 adsiduis
1693 1206 1785 1279 votis
1800 1222 1835 1281 et
1849 1210 2037 1301 gemitibus
2052 1237 2115 1306 ps-

90 1329 123 1386 ct
137 1311 269 1382 fiducia
284 1309 362 1383 lilii.
413 1308 515 1382 Sicut
540 1331 699 1401 expresse
716 1306 848 1378 dicitur
864 1309 908 1376 de
922 1320 1076 1380 extrema
1126 1318 1254 1390 temus,
1270 1304 1361 1378 sicut
1377 1305 1484 1382 dixit:
1509 1305 1622 1380 Nemo
1640 1309 1756 1404 rapiet
1770 1334 1855 1382 oves
1870 1334 1965 1384 meas
1980 1335 2022 1383 cx
2037 1335 2114 1385 ma-

90 1427 230 1486 senecta
242 1411 385 1482 mundi:
409 1407 491 1482 Erit
506 1410 596 1482 sicut
611 1409 651 1479 io
672 1407 799 1480 dicbus
813 1401 956 1500 Nohae,
981 1431 1076 1480 unus
1126 1404 1235 1478 nibus
1264 1407 1365 1484 meis.

89 1517 316 1597 adsumetur,
341 1511 431 1582 alter
454 1511 688 1606 relinquetur.
1704 1511 1717 1600 ··

194 1611 459 1686 Confirmemur
469 1627 587 1684 autem
599 1611 759 1704 exemplo
774 1607 968 1682 tristissimi
984 1623 1074 1682 tem·
1484 1575 1568 1650 13³⁰
1594 1572 1749 1652 Gralla·

89 1719 188 1811 poris
205 1708 412 1801 Zachariae,
437 1715 690 1806 recogitemus
707 1711 844 1783 nullam
858 1733 933 1782 csse
949 1707 1073 1785 Eccle-
1346 1739 1424 1796 Fini·
1441 1739 1547 1812 primae
1573 1741 1657 1814 parus
1677 1740 1893 1800 unanima.

876 2305 1149 2392 SECUNDA
1174 2307 1324 2386 PARS

741 2511 1078 2610 efluunlct
1119 2509 1457 2604 caulonls

87 2753 130 2824 alr
148 2746 312 2843 Augusto
329 2743 608 2848 caesareusque
628 2747 673 2822 sd
688 2745 851 2826 Catulum
866 2745 1108 2844 Magnum—
1131 2737 1306 2838 Exposita
1321 2748 1356 2814 et
1371 2751 1475 2817 encta
1495 2766 1517 2815 a
1535 2741 1622 2820 Plse‘
1629 2747 1644 2818 l
1654 2750 1668 2818 i
1673 2768 1758 2840 ppo
1783 2749 1831 2821 M
1833 2743 2107 2829 eluntltone.

428 2899 645 2986 Witetergee
666 2919 740 2966 oum
760 2901 867 2986 gretie
893 2909 928 2965 at
948 2891 1119 2980 privilegio
1146 2891 1189 2957 ed
1210 2892 1413 2958 sexennium.
1466 2893 1563 2960 Auno
1583 2893 1632 2963 Μ.
1644 2895 1687 2963 D.
1702 2895 1772 2961 LX.

431 3241 618 3325 Epistulam
640 3242 878 3310 dedicatoriam
900 3243 968 3322 lege
988 3239 1022 3303 io
1045 3237 1196 3320 Epistolis
1217 3233 1288 3299 Vol.
1302 3237 1354 3300 lX.
1377 3256 1407 3317 p.
1423 3236 1517 3302 1073.

430 3379 653 3462 Epigramma
674 3372 959 3445 renueretis.
999 3373 1146 3438 Dedimus
1169 3369 1247 3432 illud
1268 3370 1338 3432 Vol.
1353 3374 1390 3436 X.
1412 3391 1442 3452 p.
1456 3371 1521 3436 635
1538 3391 1587 3452 sq.

976 3579 1221 3596 W

380 3727 421 3810 h
436 3725 553 3810 ibes·
588 3725 750 3810 tertiu
762 3747 797 3808 s,
1132 3731 1288 3807 tempore
1305 3715 1398 3836 lilius
1413 3711 1479 3788 Dei
1495 3743 1532 3789 se
1548 3735 1752 3794 ostensurus
1766 3721 1871 3795 luerit
1887 3717 2106 3801 hominibus,

286 3889 355 3961 ⁰0
381 3895 556 3984 uem
590 3882 877 3962 accentu·
1130 3819 2107 4020 {ttatusdistintis?tutatuta}

84 4009 191 4096 Cum
214 4017 345 4092 Daniel
369 4026 547 4118 quartem
573 4011 832 4090 monarchiam
858 4015 1021 4087 nominat
1043 4029 1078 4089 et
1129 4019 1237 4097 Filii.'
1277 4023 1331 4092 Ac
1348 4023 1536 4113 praedicit,
1562 4023 1694 4097 Filium
1711 4028 1749 4097 in
1765 4017 2108 4121 quartamonarclaia

89 4125 232 4220 pingit,
258 4145 333 4194 non
348 4135 485 4194 tanturn
507 4121 636 4192 alulio
654 4131 715 4192 aut
732 4120 894 4211 Augusto
919 4141 993 4188 eam
1017 4143 1079 4189 or·
1128 4134 1319 4194 venturum
1334 4147 1420 4195 esse.
1471 4123 1554 4196 Nou
1569 4126 1677 4217 igitur
1692 4128 1893 4199 deficiamus
1907 4125 2023 4210 aDeo,
2043 4123 2105 4192 sed

90 4232 212 4307 ditur,
238 4227 297 4294 sed
317 4222 565 4312 complectitur
579 4237 737 4314 tempus,
762 4245 834 4314 quo
850 4219 936 4290 urbs
950 4215 1076 4290 Romu
1128 4237 1348 4314 expectemus
1366 4224 1472 4296 aliam
1487 4227 1616 4314 vitam,
1641 4241 1676 4300 et
1691 4229 1841 4300 sciamus
1861 4229 1950 4298 illud
1967 4241 2105 4316 tempus

88 4351 271 4400 summum
288 4325 476 4416 imperium
496 4325 631 4408 tenuit,
658 4322 763 4393 etiarn
780 4335 861 4393 ante
880 4322 970 4392 bella
988 4323 1075 4391 civi·
1127 4324 1285 4396 melioris
1299 4325 1392 4397 vitae
1408 4351 1481 4396 non
1497 4331 1620 4420 procul
1636 4353 1719 4405 esse.
1744 4327 1841 4402 Haec
1858 4327 1976 4400 atalia
1992 4325 2104 4396 multa
2172 4341 2177 4350 ’

89 4435 148 4500 lia.
203 4425 254 4500 Et
276 4451 355 4496 cum
381 4429 470 4495 adeo
485 4424 680 4496 terribilem
696 4424 850 4515 speciem
869 4423 1001 4514 pingit,
1027 4426 1075 4494 si·
1128 4427 1382 4498 consideranda
1404 4439 1488 4498 sunt
1511 4427 1548 4498 in
1575 4431 1725 4501 lectione
1752 4429 1922 4501 Danielis.
1964 4427 2037 4499 Nos
2059 4429 2103 4496 ad

89 4533 237 4623 gnificat
252 4529 344 4600 bella
359 4527 497 4610 civilia,
525 4539 560 4596 et
581 4525 711 4597 deinde
735 4523 942 4610 saeviciam,
967 4549 1073 4620 quarn
1127 4529 1253 4598 seriem
1278 4530 1475 4604 redeamus.
1534 4529 1710 4603 U'sitatum
1736 4547 1786 4603 est
1808 4532 1921 4601 ordiri
1946 4541 2106 4624 quartam

90 4633 239 4728 tyranni
254 4631 292 4700 in
308 4629 375 4700 illo
389 4627 543 4721 imperio
562 4626 601 4698 in
620 4623 813 4698 Ecclesiam
836 4639 1074 4708 exstruerent,
1125 4625 1367 4700 monarchiam
1389 4623 1531 4701 aluls'o
1545 4635 1600 4706 vel
1619 4629 1797 4728 Augusto.
1849 4631 2105 4721 Eamconsue·

88 4739 176 4830 quia
200 4729 286 4802 haec
308 4733 380 4802 duo
403 4730 495 4802 mala
519 4728 689 4800 maximas
711 4725 924 4797 vastationes
946 4728 984 4797 in
1014 4751 1074 4818 ge·
1125 4731 1285 4803 tudinem
1303 4755 1367 4802 nos
1389 4756 1534 4829 quoque
1551 4735 1744 4830 sequimur,

88 4861 177 4908 nere
204 4831 360 4903 humano
382 4845 464 4906 ante
481 4826 672 4916 Gotthica,
697 4826 907 4902 Saraceuica
922 4841 958 4900 et
974 4827 1072 4900 Tur-

86 4943 144 5012 cia
160 4953 317 5025 tempora
332 4935 501 5005 fecerunt.
552 4930 684 5006 ltemm
699 4951 784 5002 vem
796 4929 1072 5013 consideremus,
1421 4967 1619 5024 mom„
1643 4981 1817 5026 mom

88 5063 205 5137 quare
226 5036 322 5109 Deus
343 5035 497 5114 voluerit
518 5047 638 5106 notam
668 5055 742 5107 esss
774 5031 900 5104 seriem
927 5055 1073 5103 monar-
1299 5101 1309 5122 ‚
1791 5105 1801 5125 ι
1978 5104 1985 5123 .

87 5141 273 5223 ,ml-um,
296 5139 480 5220 videlicet,
503 5135 588 5228 qur,
612 5137 689 5210 ,ult
708 5136 811 5219 wig,
845 5128 910 5206 h„
932 5133 1071 5226 genui,
1122 5100 1184 5174 Ah
1203 5099 1351 5176 intentu
1365 5097 1465 5176 Iulu
1478 5102 1695 5181 inchoantur
1715 5129 1803 5179 anm
1818 5107 2000 5201 Auguste,
2025 5123 2106 5178 cum

87 5239 244 5322 humani
267 5239 494 5312 confusiones
519 5259 594 5308 uon
621 5238 699 5308 lore
722 5237 973 5330 sempiternas,
1008 5237 1070 5308 sed
1171 5203 1337 5297 Αΰδωῑθ
1353 5205 1561 5284 “lhuussluf
1574 5209 1661 5282 ³⁰⁰3
1679 5208 1938 5306 qulnqffldlnll
1956 5227 2028 5279 ⁸⁸¹·

85 5343 288 5440 aliquando
303 5341 410 5412 finem
420 5341 583 5414 futurum
599 5360 683 5426 csse,
697 5351 731 5410 et
745 5351 980 5434 aequaturum
994 5361 1071 5412 me-
1119 5335 1320 5432 lmperator
1334 5331 1864 5441 OctaviusCosrarAugustus
1880 5356 1976 5415 tenet
1994 5339 2107 5434 impe·

85 5451 220 5524 liorem
245 5437 430 5517 Ecclesiae
452 5441 574 5520 vitam.
627 5437 714 5514 Vult
740 5438 828 5512 item
861 5440 963 5530 sciri,
997 5463 1069 5536 quo
1169 5439 1267 5515 cium
1283 5445 1330 5518 ab
1344 5442 1493 5520 interitu
1509 5440 1595 5520 lolii
1619 5455 1732 5522 annos
1748 5443 1810 5524 66.
1860 5442 1903 5514 ln
1925 5438 1983 5515 his
2005 5439 2108 5515 aunis
