4706 5818
97 307 185 386 ross
545 322 550 330 ·
647 303 678 380 ι.
729 289 1294 428 cmomooucamoms.
1345 295 1564 378 anun.⁴
1736 256 1756 352 ἶ
2006 307 2105 383 ross

98 473 318 550 iobnastssii
333 465 556 568 imperatoris
568 469 802 546 coronatione
816 469 966 558 dicetur.
991 469 1065 542 Te·
1120 481 1265 564 quarto,
1290 481 1326 540 et
1347 470 1442 542 bons
1456 470 1588 542 civium
1607 466 1768 565 diripuit.
1819 471 2098 568 Quadragesimo

98 579 169 652 nuit
181 578 368 670 imperium
383 577 458 648 Leo
473 599 585 646 annos
598 573 847 668 septendecim.
896 571 1066 666 Princeps
1120 585 1238 640 autem
1255 571 1313 639 die
1329 585 1408 661 post
1421 572 1533 642 soceri
1546 585 1696 644 mortem
1713 575 1841 648 morbo
1856 578 2030 652 extinctus
2046 591 2098 652 est

98 681 218 760 iustus,
241 692 277 750 et
292 702 335 749 eo
348 678 464 762 utilis,
489 676 666 769 quiscum
681 675 757 766 ipse
780 673 919 746 alienus
941 687 1066 745 esseta
1119 665 1314 756 llicbimer·
1323 670 1512 762 parricida.
1530 719 1534 726 -

96 780 184 850 falsis
199 779 442 870 dogmatibus,
467 773 646 848 Ecclesiae
658 775 778 844 minus
795 774 957 846 turbatae
971 786 1067 861 sunt,
1219 770 1326 841 Tales
1347 772 1573 843 confusiones
1594 773 1758 847 accidunt
1777 777 1963 849 urentibus
1985 779 2097 872 impe-

96 903 154 950 uec
166 877 332 974 Episcopi
346 892 440 950 reete
451 877 654 962 sentientes
675 897 718 948 ex
739 874 812 946 suis
835 872 980 946 sedibus
1001 897 1065 945 ex·
1116 870 1193 947 riis.
1243 869 1486 961 Agnoscamus
1502 872 1612 962 igitur
1623 899 1698 945 non
1712 877 1841 949 durare
1864 879 2012 972 imperia
2026 881 2097 950 nisi

95 979 180 1072 pubi
196 992 291 1052 sunt.
629 977 636 993 ⁸
1117 968 1195 1042 Deo
1211 984 1461 1062 conservante,
1486 985 1695 1066 etpetamus
1713 999 1734 1048 a
1750 974 1827 1048 Deo
1841 979 2011 1053 salutares
2030 1003 2096 1073 gu-

186 1077 413 1160 Fuit.autem
444 1091 531 1150 tuuc
561 1095 690 1169 magna
723 1073 881 1166 potentia
909 1075 1063 1146 duorum
1117 1071 1331 1144 bernatores.

94 1179 305 1274 principum,
329 1180 393 1274 qui
416 1201 621 1273 quanquam
640 1176 744 1248 Gotti
758 1189 861 1248 erant
875 1171 1065 1246 etArianis
1216 1167 1425 1244 Ricbimero
1441 1168 1606 1242 successit
1619 1162 1822 1268 Olybrius,
1846 1177 2010 1255 missura
2025 1179 2096 1254 Le-

94 1295 203 1352 nmen
232 1279 326 1352 iuter
353 1279 519 1372 patricios
541 1278 641 1350 asciti
668 1279 828 1362 lucrant,
859 1270 1007 1368 Asparis
1031 1287 1067 1346 et
1115 1296 1184 1343 oue
1200 1270 1376 1355 Romam,
1399 1272 1482 1364 quia
1498 1271 1662 1344 adfinitas
1675 1276 1929 1368 imperatorum
1946 1282 2095 1355 eiauto-

94 1377 300 1465 Ardaburii,
325 1403 478 1473 quorum
492 1379 745 1468 suffragatione
758 1375 946 1468 praecipue
962 1374 1066 1448 adiu-
1115 1374 1255 1445 ritatem
1271 1373 1433 1447 addebat.
1485 1369 1622 1445 Habuit
1636 1373 1732 1448 eninr
1746 1399 1892 1448 uxorem
1901 1379 2095 1454 Placidiam

94 1493 146 1550 tus
167 1494 238 1552 erat
257 1479 344 1552 Leo.
406 1479 476 1550 Sed
499 1474 539 1548 ht
565 1501 646 1550 cum
668 1491 788 1570 postea
811 1477 1065 1546 insidiarentur
1114 1472 1224 1546 filiam
1249 1471 1511 1559 Valentiniani,
1543 1475 1607 1544 sed
1627 1476 1779 1568 septimo
1810 1479 1952 1570 imperii
1975 1505 2096 1555 mansa
2212 1485 2238 1558 ‘,

94 1580 177 1648 vitae
197 1580 348 1661 Leonis,
373 1603 415 1650 ac
435 1580 609 1651 dicerent:
637 1572 821 1676 φάγωμεν
842 1571 912 1648 τὸν
934 1571 1065 1648 λέοντα
1114 1587 1277 1644 mortuus
1300 1586 1363 1648 est.

94 1673 177 1773 πρὶν
187 1675 305 1754 αὐτὸν
317 1675 415 1775 ἡμᾶς
438 1675 635 1776 ἀριστῆσαι
641 1729 654 1766 ,
680 1679 779 1749 iussu
802 1676 934 1750 Leonis
952 1675 1064 1748 inter·
1167 1729 1169 1738 .
1213 1671 1299 1745 Post
1321 1669 1418 1744 bunc
1443 1697 1462 1742 a
1486 1673 1662 1748 militibus
1684 1673 1880 1750 Ravennae
1902 1677 2096 1772 imperator

93 1779 168 1852 lecti
182 1794 277 1854 sunt.
1113 1775 1225 1846 lactus
1240 1787 1292 1846 est
1305 1767 1520 1867 Glycerins,
1545 1777 1621 1863 cui,
1641 1799 1722 1848 cum
1735 1802 1810 1850 non
1826 1791 1941 1850 totum
1957 1803 2094 1853 annum

184 1881 258 1952 Iam
274 1903 358 1952 vero
381 1881 419 1950 in
437 1874 632 1953 Occidente
652 1901 755 1952 ruere
774 1877 965 1972 imperium
984 1873 1064 1948 Ro-
1112 1887 1305 1964 cogitasset,
1331 1875 1462 1966 eripuit
1483 1875 1671 1967 imperinm
1686 1871 1815 1950 Iulios
1828 1877 1963 1972 Nepos,
1989 1895 2024 1952 et
2041 1884 2095 1951 fe-

93 2001 229 2052 manum
259 1971 436 2074 coe'perat.
500 1981 630 2052 Franci
655 2003 817 2070 magnam
847 1976 1063 2050 Germaniae
1113 1975 1161 2046 cit
1189 1997 1271 2045 sum
1296 1968 1511 2066 Episcopum
1537 1977 1575 2046 in
1607 1975 1796 2056 Dalmatia.
1836 1977 1944 2050 ,Cum
1974 1995 2093 2052 autem

93 2079 274 2151 ethalliae
289 2098 423 2174 partem
438 2081 616 2154 tenebant.
658 2075 817 2169 Qstgotti
829 2079 1064 2164 Pannoniam,
1113 2073 1225 2147 Iulius
1242 2097 1352 2166 nepos
1366 2071 1531 2146 Orestem
1552 2078 1691 2149 fecisset
1704 2079 1911 2170 magistrum
1926 2082 2094 2168 militurn,
2157 2074 2159 2080 ’

94 2171 285 2271 Wcstgotti
307 2180 534 2273 Hispaniam,
560 2179 774 2258 Genserious
796 2172 967 2248 Africam.
1018 2172 1063 2244 ln
1114 2169 1174 2244 hic
1188 2168 1334 2244 Orestes
1350 2175 1544 2248 instructus
1564 2179 1723 2262 exercitu,
1739 2180 1987 2272 imperatorem
2009 2183 2094 2252 fecit
2233 2227 2238 2234 ·

92 2273 183 2350 Italia
198 2283 305 2352 multi
323 2283 552 2370 imperatores
574 2281 806 2364 creabantur,
831 2276 894 2370 qui
918 2297 984 2344 nec
998 2273 1063 2346 diu
1114 2271 1309 2346 Ravennae
1337 2274 1451 2344 filium
1480 2277 1759 2366 adolescentem,
1794 2283 1858 2375 qui
1885 2282 2093 2354 nominatur
2228 2281 2235 2300 ”

92 2382 251 2452 tenebant
273 2381 479 2474 imperium,
504 2401 570 2448 nec
591 2378 762 2450 exereitus
783 2397 929 2467 magnos
950 2369 1063 2447 babe-
1114 2368 1364 2466 Augustulus,
1405 2397 1446 2446 sc
1480 2375 1605 2447 foedus
1631 2377 1714 2446 feeit
1742 2402 1824 2450 cum
1850 2381 2025 2453 Vandalis
2054 2383 2094 2452 irs

92 2477 180 2552 bant.
231 2475 391 2574 Cumque
406 2499 530 2548 verum
544 2479 590 2550 sit
611 2479 703 2548 illud
717 2477 965 2549 Homericum:
991 2471 1061 2547 οὐκ
1114 2471 1247 2550 Attica.
1511 2531 1514 2538 .

92 2573 236 2676 ἀγαθὸν
251 2573 534 2672 πολυκοιρανίη,
557 2601 641 2648 mox
663 2589 742 2670 post
759 2575 891 2648 Leonis
912 2588 1063 2646 mortem
1215 2573 1291 2648 lam
1314 2587 1432 2649 autem
1449 2567 1618 2648 Odoacar
1638 2573 1825 2670 Rupiauus
1842 2580 2031 2652 exercitum
2054 2583 2094 2652 in

91 2676 212 2754 invasit
231 2677 371 2770 Italiam
393 2676 558 2751 Odoacer
580 2677 785 2768 Rugianus,
816 2689 851 2748 et
872 2675 1064 2746 crudeliter
1113 2674 1254 2750 ltaliam
1270 2680 1475 2754 adduxerat.
1527 2677 1574 2749 Ut
1596 2677 1706 2768 igitur
1727 2681 1930 2751 defenderet
1954 2679 2094 2752 ltaliam

91 2777 126 2846 in
137 2803 173 2850 ea
190 2795 366 2872 grassatus
378 2793 431 2852 est
444 2802 557 2852 annos
571 2777 861 2872 quaduordeciru,
885 2788 927 2847 ut
942 2788 1062 2871 postea
1113 2775 1259 2850 Orestes
1273 2793 1395 2850 eontra
1410 2801 1511 2864 eum,
1535 2780 1580 2849 ad
1591 2779 1760 2850 Ticinum
1775 2803 1888 2874 usque
1901 2782 2094 2852 exercitum
2155 2821 2161 2826 -

90 2877 230 2966 dicetur.
1116 2877 1226 2952 ducit.
1276 2877 1332 2950 lbi
1348 2880 1459 2950 robur
1475 2876 1597 2950 italiae
1613 2880 1806 2951 extinctum
1827 2903 1901 2950 esse
1916 2881 2094 2954 scribitur.

182 2980 310 3053 Voluit
326 2993 443 3054 autem
459 2979 556 3052 Deus
577 2979 616 3050 in
633 2973 784 3051 Oriente
806 2975 1063 3071 aliquantisper
1113 2975 1257 3054 Orestes
1273 2979 1387 3051 victos
1406 2979 1499 3068 tugis
1520 2979 1560 3049 in
1582 2983 1707 3050 urbem
1723 2979 1914 3066 Ticinum,
1938 3005 2009 3075 qua
2030 3005 2092 3051 ex-

91 3076 201 3152 adbuc
235 3083 364 3153 durare
395 3080 554 3154 Romani
581 3079 724 3172 imperii
755 3080 927 3163 sormam,
963 3078 1062 3170 qnod
1112 3091 1267 3171 pugnata
1305 3075 1471 3152 Odoacer
1500 3077 1718 3150 Placentiam
1761 3080 1895 3163 adduci
1928 3077 2092 3153 Orestem

89 3182 380 3272 complectebatur
401 3178 613 3268 Thraciam,
643 3178 915 3262 Macedoniam,
947 3175 1062 3248 Grae-
1113 3178 1232 3264 iussit,
1266 3178 1389 3272 ibique
1414 3202 1495 3251 eum
1513 3195 1695 3273 spectante
1723 3183 1878 3254 exercitu
1907 3182 2094 3253 interfecit.

89 3280 195 3364 ciam,
235 3277 433 3372 Illyricum,
468 3281 646 3350 minorem
676 3278 818 3362 Asiam,
856 3277 997 3366 Syriam
1027 3285 1064 3348 et
1114 3267 1387 3350 Urbes.viciuae
1412 3293 1654 3351 consternatae
1685 3283 1902 3352 deditionem
1924 3284 2128 3376 fecerisne,

90 3379 299 3472 Aegyptum.
349 3377 503 3470 risitque
533 3375 666 3448 Leonis
689 3372 899 3464 gubernatio
925 3369 1061 3440 medio·
1114 3368 1335 3461 Augustulus
1346 3375 1485 3462 fugiens
1501 3377 1651 3466 imperio
1667 3400 1703 3447 se
1718 3381 1877 3459 abdicat,
1903 3384 1999 3473 quod
2022 3380 2093 3449 cir·

92 3479 410 3571 critertranquilla.
749 3501 751 3506 ·
1111 3469 1199 3544 citer
1214 3495 1469 3546 annumnnum
1483 3486 1663 3563 tenuerat,
1687 3500 1727 3548 ac
1742 3478 2094 3572 deindeinCampa-

182 3577 232 3648 Aa
255 3579 294 3648 in
317 3575 415 3649 ltalia
438 3575 620 3646 interfecto
644 3570 918 3653 Valentiniano,
943 3567 1062 3641 Maxi·
1112 3571 1173 3644 nia
1186 3571 1345 3665 privatus
1359 3575 1447 3645 vixit
1459 3588 1628 3669 tanquam
1650 3578 1812 3650 exulans}
1923 3633 1925 3640 Α

90 3699 162 3748 mus
179 3691 337 3769 utsupra
352 3679 488 3748 dictum
509 3689 583 3762 est,
607 3675 739 3745 invasit
763 3671 971 3766 imperium,
997 3669 1060 3764 qui
1212 3666 1282 3744 Hic
1297 3673 1377 3744 linis
1401 3675 1469 3752 luit
1499 3675 1752 3768 imperatorum
1770 3677 1973 3752 italicorum
1997 3700 2092 3749 auno

74 3776 464 3868 ¹lugiensGensericum
479 3790 620 3868 captus,
644 3775 839 3865 discerptus
854 3770 1061 3845 etinTibc·
1111 3768 1245 3846 Christi
1280 3775 1626 3868 quadringentesimo
1664 3779 1917 3871 septuagesimo
1955 3780 2092 3874 quinto,

91 3877 154 3948 rim
171 3881 329 3950 abiectus
346 3892 397 3949 est
412 3901 531 3950 meuse
547 3876 687 3968 imperii
702 3874 869 3946 secundo.
1111 3897 1193 3946 cum
1208 3869 1324 3944 adhuc
1346 3873 1419 3947 Leo
1434 3873 1745 3972 Constantinopoli
1768 3881 1915 3956 viveret.

182 3977 270 4050 Post
283 3975 379 4049 bunc
393 3979 543 4050 Senatus
559 3976 690 4048 creavit
705 3976 953 4066 imperatorem
969 3964 1061 4039 Avi-
1212 3970 1377 4046 Odoacer
1402 3989 1520 4048 autem
1543 3976 1697 4051 Romam
1716 3981 1898 4071 ingressus·
1918 4001 2036 4072 regem
2057 4003 2093 4051 se

91 4083 182 4168 tum,
209 4103 295 4150 curu*
308 4104 378 4174 quo
395 4078 593 4172 Martianus
610 4078 691 4148 fecit
704 4078 841 4146 foedus.
890 4071 1061 4144 Nondum
1112 4074 1214 4146 urbis
1228 4071 1365 4146 Romae
1377 4090 1412 4150 et
1429 4075 1552 4150 ltaliae
1569 4080 1787 4167 nominavit,
1812 4094 1846 4152 et
1868 4077 2092 4174 triumphans

91 4177 185 4251 linito
207 4203 303 4250 anno
323 4179 417 4271 cepit
432 4178 579 4248 Avitum
602 4169 796 4246 Richimer
811 4173 942 4246 Gottus
966 4171 1061 4263 apud
1114 4174 1154 4244 in
1167 4171 1383 4268 Capitolium
1401 4178 1568 4254 aseendit.
1619 4178 1751 4270 Magne
1767 4181 1888 4252 caedes
1912 4195 1947 4253 et
1969 4182 2090 4274 direp-

91 4271 321 4361 Placeutiam,
354 4293 388 4350 et
410 4281 587 4370 deponere
611 4300 691 4347 eum
715 4276 904 4366 imperium
931 4273 1061 4363 coligit.
1113 4275 1229 4346 tiones
1241 4275 1280 4345 iu
1295 4277 1384 4348 urbe
1399 4275 1515 4352 Roma
1536 4291 1571 4350 et
1591 4278 1679 4350 alibi
1699 4281 1808 4352 factae
1830 4295 1923 4354 suut.
1975 4277 2093 4374 Agro-

93 4373 227 4452 lnterea
239 4379 433 4454 &vennae
449 4375 704 4467 Maioronns,
729 4377 830 4447 cuius
852 4377 964 4446 virtus
980 4375 1061 4444 lau·
1111 4399 1192 4446 rum
1205 4376 1345 4452 tertiam
1360 4391 1498 4470 partem
1514 4380 1587 4450 suis
1601 4380 1775 4464 attribuit,
1788 4405 1838 4452 ac
1852 4382 2013 4474 regnavit
2026 4406 2093 4452 an·

91 4479 208 4567 dator,
235 4482 427 4573 imperator
439 4480 551 4552 lacteas
564 4491 628 4565 est,
653 4501 803 4570 cumque
818 4477 951 4547 bellum
961 4473 1061 4546 Van·
1111 4498 1178 4547 nos
1204 4469 1484 4571 quatuordecim.
1541 4478 1644 4550 Misit
1671 4481 1766 4552 enim
1792 4477 1893 4554 Zeno
1923 4479 2093 4554 Theodo-

90 4579 175 4652 dalis
188 4582 229 4652 in
243 4582 364 4664 Africa
380 4581 547 4661 inferret,
574 4580 678 4652 tertio
692 4576 833 4668 imperii
846 4599 941 4648 anno
962 4597 1062 4644 mor·
1110 4576 1226 4646 rienm
1248 4575 1434 4649 Gotticum
1463 4601 1580 4671 regem
1610 4581 1649 4650 iu
1672 4579 1812 4652 ltaliam
1840 4597 2007 4678 tanquam
2037 4583 2093 4652 vi-

91 4689 167 4752 tuus
189 4697 251 4752 est.
302 4681 476 4754 Successit
497 4679 691 4752 Ravennae
710 4673 880 4758 Severus,
905 4676 970 4769 qui
983 4673 1062 4746 Ro·
1112 4674 1246 4748 carium
1269 4673 1330 4748 seu
1354 4678 1509 4765 socium,
1542 4681 1605 4775 qui
1634 4681 1773 4754 duobu's
1793 4685 1931 4776 maguis
1951 4683 2094 4776 praeliis

92 4801 162 4850 mae
179 4781 284 4854 tertio
301 4783 441 4874 imperii
456 4806 552 4852 anno
568 4803 704 4850 veneno
727 4778 901 4851 extinctos
916 4790 986 4847 est.:
1112 4773 1313 4848 Odoacrem
1329 4796 1569 4854 occurrentem
1584 4781 1680 4866 vicit,
1700 4783 1810 4855 altero
1824 4789 1869 4856 ad
1878 4782 2093 4878 Aquileiam,

185 4881 291 4956 Misit
327 4884 437 4973 igitur
459 4881 660 4953 Martianus
683 4871 921 4948 Anthemium
956 4897 1061 4967 peue-
1112 4877 1224 4947 altero
1247 4880 1291 4948 ad
1314 4877 1463 4956 Padum.
1514 4880 1639 4954 Victus
1656 4878 1821 4955 Odoac'er
1844 4887 1935 4977 fugit
1950 4881 2094 4958 Raven-

94 4999 165 5052 mm
181 4983 221 5052 in
241 4983 397 5068 ltaliam,
421 4995 463 5054 ut
483 4983 670 5072 imperium
687 4976 893 5051 Occidentis
917 4985 1062 5051 teneret.
1112 5000 1215 5059 nam,
1240 4979 1305 5048 ubi
1320 4980 1475 5052 triennio
1491 4983 1715 5054 circumsessa
1730 4987 1820 5056 urbe
1834 4986 1946 5072 multa
1959 4986 2094 5079 praelia

93 5073 156 5179 liic
170 5085 340 5176 collegam
356 5083 439 5153 fecit
453 5105 621 5172 generum
630 5076 1061 5161 RichimerumGottum,
1112 5081 1202 5149 facta
1219 5090 1317 5164 sunt,
1341 5081 1456 5152 donec
1475 5085 1618 5154 tandem
1634 5080 1801 5157 Odoacar
1823 5109 1844 5157 a
1863 5081 2092 5158 Theoderico

95 5181 153 5272 qui
169 5198 209 5256 ut
226 5181 370 5256 Arianis
390 5181 429 5250 in
454 5182 544 5250 urbe
557 5178 671 5254 Roma
692 5181 846 5253 traderet
858 5175 1064 5263 Ecclesiam,
1114 5178 1259 5252 Gottico
1274 5202 1354 5271 rege
1375 5182 1580 5256 interiectus
1602 5198 1666 5259 est.
1715 5187 1769 5256 Ae
1789 5189 1972 5281 respondit
1987 5207 2094 5255 even-

95 5300 167 5352 cum
183 5291 304 5360 socero
322 5285 361 5354 id
378 5277 590 5374 prohibente
613 5281 652 5349 in
674 5280 749 5371 ipsa
765 5281 854 5350 urbe
870 5277 989 5353 Roma
1006 5277 1063 5348 di·
1114 5293 1171 5351 tus
1192 5280 1290 5367 voci,
1322 5304 1428 5374 quam
1449 5282 1489 5352 in
1511 5279 1706 5378 Apennino
1736 5289 1896 5359 audierat
1922 5301 2095 5382 tyrannus
2192 5355 2195 5363 .

94 5380 247 5472 micavit,
274 5397 308 5456 et
323 5384 437 5454 victor
452 5404 612 5454 socerum
627 5380 801 5452 interiecit
814 5403 911 5454 anuo
921 5378 1062 5472 imperii
1119 5376 1303 5453 Odoacer:
1330 5379 1431 5456 Vade
1445 5386 1591 5475 pellite,
1608 5409 1684 5457 non
1699 5389 1795 5458 enim
1809 5387 1956 5461 redibis·
2104 5407 2111 5423 ’

138 5481 320 5570 Μιιιιτιι.
346 5487 451 5555 Orsa.
476 5487 561 5553 Vos.
586 5484 664 5552 ΧΠ.
1408 5486 1457 5558 66
