4706 5818
131 295 229 374 ¹073
578 339 581 344 ,
694 292 727 373 l.·
763 289 1058 370 CllllONlCON
1089 287 1338 372 castorem.
1388 289 1516 368 PARS
1540 291 1588 367 ll.
2049 293 2148 372 10⁷4

129 482 208 560 pter
227 465 468 542 defensionem
485 459 725 536 Ecclesiamm
748 460 1026 538 ethaistianae
1047 466 1114 536 do·
1160 487 1244 534 men
1267 462 1524 536 Saracenorum
1548 478 1641 537 extat
1663 465 1702 534 iu
1726 459 1874 536 historia
1901 463 2081 536 Zenobiae
2105 467 2143 534 in

130 569 264 641 etrinae
294 567 539 638 dimicandum
571 591 646 638 esse
665 566 911 658 intelligebat.
963 563 1114 639 Erectus
1161 563 1534 640 victoriisAureliani.
1584 563 1761 638 Existimo
1786 573 1902 636 autem
1928 567 2040 656 ipsam
2055 589 2143 656 gen-

129 670 240 760 igitur
261 673 323 762 spe
344 667 470 740 auxilii
485 667 601 746 divini
616 667 811 740 exercitum
834 669 880 742 in,
899 667 1039 764 Syriam
1067 669 1110 738 ad
1161 681 1230 738 tem
1241 664 1438 757 Agarenam
1456 667 1620 738 maluisse
1635 668 1814 738 nominari
1822 667 2031 740 Saracenam
2049 667 2142 739 aSa-

130 768 283 842 Azotum
306 771 418 844 ducit.
475 767 562 840 lnde
586 794 665 840 eum
687 767 840 842 Cosroiis
870 773 1024 861 sugeret,
1059 783 1113 841 ter
1160 793 1218 854 ra,
1243 769 1327 862 quia
1344 769 1533 857 gloriosius
1548 783 1622 842 erat
1644 771 1717 840 dici
1739 784 1836 840 ortos
1865 769 1996 841 aSara
2018 769 2141 848 libera,

130 872 278 943 dimicat
290 869 476 943 Heraclius
501 895 583 941 eum
598 868 753 942 Cosroae
772 873 1002 957 exercitibus,
1028 873 1109 966 qui·
1160 894 1266 965 quam
1292 871 1338 939 ab
1363 871 1493 940 ancilla
1517 869 1625 960 Agar.
1677 869 1755 962 lpse
1778 866 2006 942 Mabometus
2036 871 2141 942 ctiam

128 975 197 1044 bus
223 972 419 1064 profligatis
443 972 632 1042 domestica
658 973 857 1045 calamitate
869 971 1023 1046 ¹Cosroiis
1044 999 1108 1064 op·
1161 985 1280 1064 postea
1319 973 1464 1063 gloriosi
1506 973 1663 1043 nominis
1698 973 1878 1044 mentione
1918 973 2142 1044 confirmavit

128 1095 269 1166 pressus
292 1089 361 1159 est,
395 1089 434 1146 ut
457 1073 591 1162 insigni
609 1075 769 1168 exemplo
794 1076 870 1146 eius
891 1076 1055 1169 superbia
1078 1091 1108 1144 et
1159 1075 1369 1159 exercitum,
1396 1073 1592 1145 vociferans
1606 1073 1786 1164 pertinere
1799 1077 1843 1144 ad
1859 1097 1919 1144 eos
1933 1073 2142 1166 promissio·

127 1169 369 1266 blasphemiae
390 1175 616 1266 punirentur.
1158 1201 1239 1246 nem
1268 1177 1369 1266 regui
1400 1176 1547 1262 mundi,
1588 1170 1756 1246 Abrahae
1786 1176 1934 1266 posteris
1963 1175 2142 1255 traditam,

228 1274 318 1348 Cum
344 1277 457 1346 lilium
483 1279 677 1348 seetmdum
703 1272 920 1348 Mordasen
951 1279 1109 1368 neglecto
1158 1279 1241 1371 quia
1266 1291 1382 1348 essent
1401 1277 1467 1346 lilii
1489 1276 1616 1361 Sarae,
1642 1277 1733 1347 sicut
1753 1291 1935 1369 praetextu
1957 1276 2142 1367 religionis

127 1377 344 1470 primo-filio
366 1372 479 1448 Siros·
500 1401 738 1448 successorem
767 1379 806 1448 in
831 1403 939 1472 reguo
966 1379 1108 1452 Persico
1158 1403 1260 1473 saepe
1274 1375 1438 1448 homines
1454 1379 1660 1450 incitantur.

40 1531 47 1536 -
125 1479 384 1563 constituisset,
415 1479 508 1569 cepit
532 1491 666 1571 patrem
688 1474 856 1552 Cosroe'b
883 1484 995 1552 arraior
1023 1495 1107 1552 natu
1258 1480 1607 1552 Militaverat'autem
1623 1477 2031 1552 exereitusSaracenicus
2045 1476 2140 1570 apud

125 1580 234 1664 lilius,
246 1592 281 1650 et
300 1579 477 1650 trucidato
497 1581 604 1650 fratre
623 1579 788 1651 Mardasa
804 1595 1110 1674 spectantepatre,
1155 1581 1362 1654 Heraclium
1377 1594 1501 1652 contra
1518 1579 1653 1653 Persas.
1703 1578 1753 1651 Et
1775 1582 1858 1675 quia
1876 1580 2050 1672 stipendia
2066 1600 2140 1648 non

124 1681 257 1752 deinde
279 1695 314 1751 et
336 1695 472 1770 patrem
498 1682 677 1757 interficit.
727 1681 806 1754 Hoc
827 1687 936 1754 modo
959 1707 1106 1774 regnum
1156 1685 1352 1764 dabantur,
1379 1683 1507 1755 defecit
1527 1684 1573 1752 ab
1588 1682 1766 1754 Heraclio.
1818 1679 1935 1752 Aiunt
1956 1695 1992 1752 et
2012 1695 2140 1752 contu·

120 1784 276 1872 adeptus
290 1781 410 1852 Siroe's
431 1795 472 1852 ut
494 1784 652 1852 securior
670 1798 777 1871 esset,
801 1809 920 1874 pacem
939 1811 1018 1858 cum
1035 1783 1106 1854 He·
1156 1787 1261 1856 melia
1290 1786 1448 1857 irritatos
1466 1808 1562 1871 esse,
1586 1810 1666 1856 cum
1679 1783 1836 1854 Heraclii
1854 1783 2067 1873 Quaestores
2081 1780 2140 1850 di-

123 1882 237 1956 raelio
270 1883 374 1966 lecit,
414 1883 562 1954 redditis
595 1886 760 1974 captivis,
798 1887 893 1956 inter
923 1913 1011 1982 quos
1035 1901 1107 1956 erat
1154 1889 1312 1970 xissent,
1344 1911 1380 1956 se
1401 1888 1462 1957 vix
1486 1909 1587 1978 posse
1612 1884 1779 1957 Romano
1805 1899 1839 1956 et
1862 1885 2001 1958 Graeco
2020 1881 2139 1953 militi

125 1976 343 2053 Zacharias
358 1979 560 2055 Patriarcha
579 1986 897 2080 ierosolymorum,
922 2001 956 2058 et
970 1987 1106 2057 reddita
1155 1991 1331 2074 stipendia
1351 1989 1455 2070 dare,
1489 2011 1554 2057 nec
1575 1999 1712 2070 tantum
1735 2011 1772 2056 se
1801 1983 1932 2058 babere
1957 1983 2138 2077 pecuniae,

124 2109 241 2158 eruce.
296 2083 458 2154 Vicissim
481 2083 668 2156 Heraclius
690 2089 845 2159 restituit
869 2091 1048 2174 captivos,
1075 2100 1107 2154 et
1156 2079 1293 2156 uthuie
1310 2105 1438 2152 canum
1456 2089 1847 2162 turtruosatisiacerent.
1898 2086 2034 2160 Usitata
2053 2097 2137 2154 sunt

126 2185 269 2281 Syriam
285 2198 320 2255 et
334 2184 587 2278 lerosolymam
607 2184 758 2278 recipit·
792 2182 944 2255 Duravit
961 2181 1029 2254 hoc
1052 2184 1109 2251 in·
1156 2197 1272 2255 autern
1298 2183 1434 2274 alioqui
1456 2178 1629 2252 Arabicae
1657 2184 1753 2272 genti
1783 2189 1989 2271 latrocinia,
2026 2208 2136 2278 quare

126 2309 214 2380 gens
238 2286 372 2356 bellum
390 2307 505 2357 annos
525 2309 595 2356 sex.
645 2283 824 2358 Reversus
838 2285 1023 2357 Heraclius
1033 2283 1109 2377 By·
1156 2284 1329 2354 exereitus
1346 2281 1575 2353 Saracenieus
1589 2283 1653 2372 qtri
1676 2285 1870 2372 defecerat,
1894 2287 2019 2378 diripit
2033 2286 2137 2378 oppi-

125 2388 283 2458 zantium
302 2389 480 2474 ingressus
496 2401 567 2471 est,
589 2388 713 2456 sedens
729 2388 766 2456 in
784 2411 889 2457 curru
910 2387 986 2457 sine
1000 2411 1107 2457 orna·
1154 2388 1200 2456 da
1214 2381 1388 2454 Damasco
1404 2383 1533 2453 vicina.
1566 2381 1676 2454 Multi
1693 2383 1816 2472 inopes
1833 2391 1937 2458 etiam
1955 2415 1975 2461 a
2002 2382 2136 2458 Maho-

124 2488 257 2559 mentis
271 2482 567 2578 triumphalibus,
587 2503 708 2558 tenens
723 2511 862 2559 crucem
878 2487 916 2557 in
932 2489 1108 2568 manibus,
1156 2500 1248 2556 meto
1265 2483 1399 2569 adiuti,
1423 2483 1487 2574 qui
1505 2484 1608 2555 ducta
1623 2507 1733 2552 uxore
1751 2481 1924 2552 ditissima
1936 2490 2040 2562 facile
2056 2513 2136 2580 per.

123 2613 166 2660 ac
187 2588 262 2658 lilio
280 2586 346 2657 Dei
368 2588 483 2676 palam
507 2589 637 2678 gratias
650 2611 758 2677 agens
773 2613 839 2680 pro
855 2591 1021 2675 victoria,
1044 2613 1108 2659 cu·
1153 2589 1238 2659 fecit
1251 2585 1521 2678 largitionibus,
1546 2600 1586 2656 ut
1602 2585 1734 2654 milites
1749 2607 1830 2654 eum
1847 2583 2034 2666 audirent,
2056 2613 2135 2652 sua.

123 2691 183 2762 ius
215 2689 412 2758 recordatio
441 2701 482 2760 ut
510 2690 769 2773 celebraretur,
800 2689 907 2759 leriae
940 2691 1107 2761 exaltatae
1155 2691 1200 2759 sit
1216 2703 1256 2760 ut
1278 2689 1405 2759 durem
1427 2701 1603 2771 crearent,
1629 2701 1664 2759 et
1676 2698 1715 2755 ut
1731 2685 1869 2758 tirmior
1884 2696 1971 2755 esset
1986 2703 2137 2753 consen-

120 2792 239 2864 erucis
264 2791 446 2860 institutae
461 2802 556 2860 sunt.
607 2789 661 2860 Ac
688 2790 844 2882 proiecto
874 2815 987 2881 poena
1010 2793 1107 2861 blas·
1155 2811 1233 2871 sus,
1260 2789 1429 2860 tollerent
1455 2789 1668 2877 religionum
1690 2786 1855 2870 dissidia,
1879 2784 2049 2874 eligerent
2070 2784 2136 2850 ‹lo-

121 2889 348 2988 phemiarum
375 2888 525 2974 Cosrod,
552 2903 593 2962 ut
621 2888 885 2976 Sennacherib,
925 2888 1108 2980 Antiochi,
1153 2893 1287 2961 ctrinae
1309 2912 1420 2980 genus
1453 2889 1543 2959 utile
1573 2891 1797 2960 concordiae.
1847 2884 1925 2978 lpse
1953 2883 2136 2957 doctrinae

122 2991 311 3064 Nicanoris
326 3005 360 3063 et
375 2993 546 3062 similium
563 2992 734 3062 memoria
750 2995 857 3083 digna
873 3008 935 3066 est.
1151 2994 1304 3062 formam
1327 2991 1534 3082 proposuit,
1562 2991 1701 3061 addidit
1724 3013 1769 3060 se.
1794 2983 1927 3058 babere
1956 2983 2136 3077 colloquia

1138 3093 1313 3179 ¹coelestia
1330 3107 1365 3163 et
1377 3087 1657 3174 enthusiasmos,
1682 3105 1722 3161 ut
1737 3102 1880 3179 augeret
1897 3087 2135 3158 autoritatem.

116 3191 121 3197 ’
226 3159 293 3230 9⁶
320 3154 585 3233 Mummii
615 3168 754 3242 “m
777 3167 823 3234 θ’
847 3182 1004 3257 ''⁰9''0·
1151 3192 1300 3266 Crestus
1315 3195 1424 3282 igitur
1436 3196 1508 3262 dux
1533 3191 1701 3285 paulatim
1717 3192 1820 3262 initia
1835 3187 2136 3280 regnieontirma-

228 3284 357 3378 lngens
380 3303 414 3357 et
430 3285 609 3358 horrenda
626 3291 777 3360 mutatio
793 3293 932 3380 generis
946 3288 1107 3372 humani,
1153 3294 1206 3364 vit
1221 3296 1259 3363 in
1274 3293 1406 3362 vicinia
1422 3290 1586 3362 Damasci
1603 3314 1716 3362 annos
1739 3299 1881 3364 norem.

122 3401 161 3460 et
175 3387 320 3481 quidem
338 3390 498 3459 celeriter
514 3390 603 3459 lacta
624 3401 676 3460 est
693 3413 816 3480 sparso
832 3385 1106 3477 ‹logmateMo-
1239 3392 1400 3466 ,initium
1425 3395 1526 3481 regni
1551 3389 1751 3463 Mabometi
1778 3394 1973 3462 collocatur
2002 3388 2040 3460 in
2071 3411 2136 3460 an·

122 3483 281 3576 homati,
306 3493 402 3583 quod
418 3490 573 3580 primum
592 3491 843 3580 amplexi-sunt
859 3487 1018 3576 Arabes,
1044 3491 1104 3583 qui
1152 3517 1240 3562 num
1254 3490 1391 3563 Christi
1405 3494 1694 3562 sexcentesimum
1712 3494 1916 3562 vicesimum
1941 3488 2096 3559 tertium.

120 3615 309 3684 nunquam
345 3591 509 3682 legitimis
552 3591 713 3681 imperiis
748 3595 954 3684 paruerunt.
1035 3591 1104 3662 Sed
1253 3593 1426 3666 Successit
1452 3594 1483 3662 ei
1505 3589 1659 3663 Amiras
1681 3617 1806 3684 gener,
1832 3592 1894 3686 qui
1920 3587 2135 3660 Damascum

121 3693 181 3762 vel
198 3693 295 3764 domi
312 3691 497 3764 latrocinia
514 3706 767 3778 exercuerunt,
793 3693 849 3762 vel
871 3719 936 3764 suo
955 3695 1105 3767 arbitrio
1153 3695 1264 3785 cepit,
1300 3709 1335 3765 ct
1361 3695 1461 3783 regni
1491 3709 1597 3786 caput
1623 3695 1816 3766 constituit.
1868 3690 2008 3762 Deinde
2039 3688 2134 3782 capit

120 3794 234 3877 loris,
258 3794 319 3863 alii
343 3797 438 3884 apud
459 3793 549 3863 alios
570 3796 730 3864 mercede
745 3794 957 3868 militarunt.
1010 3795 1105 3866 Huic
1154 3794 1602 3890 Garametlerosolymam
1620 3797 1797 3866 obsessam
1822 3793 1983 3864 biennio.

122 3895 223 3987 genti
244 3897 395 3984 cupidae
416 3895 589 3966 libertatis
604 3909 639 3966 et
651 3897 816 3980 militiae,
841 3894 950 3984 legem
968 3923 1107 3968 accom·
1252 3891 1427 3970 Ahumor
1447 3900 1571 3969 tertius
1586 3922 1646 3969 rex
1670 3918 1797 3988 magna
1813 3893 1937 3990 Syriae
1952 3891 2136 3985 partedo·

121 3998 303 4066 modelam
332 3997 377 4064 ad
402 3997 711 4087 amplificationem
738 3998 912 4069 libertatis
930 4013 965 4070 et
980 4015 1105 4091 poten·
1153 3998 1237 4069 mita
1256 4014 1407 4089 occupat
1434 3997 1647 4094 Aegyptum.
1858 3994 1863 4002 ’
2075 4049 2081 4058 -

120 4098 193 4171 tiae
210 4093 437 4168 Mabometus
452 4097 604 4186 scripsit.
873 4113 875 4120 ’
1254 4093 1466 4171 Muhavias
1490 4116 1635 4195 quartus
1650 4099 1728 4172 Res
1742 4096 1947 4170 Caesaream
1964 4091 2136 4164 Palaesti-

227 4197 269 4266 ln
284 4191 419 4268 Arabia
439 4210 563 4268 natum
587 4221 661 4268 esse
686 4195 933 4270 Mabometum
959 4200 1105 4292 plurimi
1152 4225 1219 4272 nee
1247 4205 1407 4294 septenni
1440 4205 1626 4272 obsidione
1657 4201 1770 4290 capit,
1810 4214 1845 4270 et
1862 4197 1956 4266 victo
1980 4193 2135 4268 Cosrose

118 4301 287 4384 tradunt,
319 4323 358 4368 ae
377 4301 531 4390 primum
547 4298 617 4369 sibi
638 4300 838 4370 adiunxisse
854 4301 1103 4373 Saracenicum
1153 4305 1228 4373 lilio
1242 4297 1451 4374 Orimasda
1472 4304 1624 4373 Persium
1645 4325 1754 4391 regno
1771 4297 1980 4372 Saracenieo
1996 4293 2135 4368 addidit

120 4402 336 4480 exercitum,
359 4403 591 4492 undepostea
607 4399 809 4472 Saracenici
831 4404 931 4492 regni
949 4405 1103 4495 appellu-
1153 4404 1234 4476 etei
1249 4404 1362 4496 legem
1377 4401 1653 4474 Mabometicam
1672 4403 1851 4494 imposuit.
1895 4397 1945 4468 lta
1962 4397 2055 4468 intra
2069 4417 2135 4472 an-

121 4502 175 4574 tio
190 4501 279 4572 facta
294 4515 359 4586 est,
380 4505 510 4595 dequo
527 4526 609 4572 cum
624 4501 887 4590 dicturisimns,
902 4506 1001 4594 prius
1016 4530 1105 4599 quae
1153 4527 1218 4576 nos
1238 4506 1384 4598 triginta
1407 4503 1573 4575 Saraceni
1607 4506 1710 4596 potiti
1734 4500 1889 4584 Arabio,
1918 4497 2133 4580 Palaestina,

121 4601 233 4672 luerit
246 4625 331 4692 gens
346 4602 575 4688 Saracenica,
601 4617 635 4673 et
652 4605 715 4673 ubi
736 4605 862 4686 luerit,
888 4630 1040 4697 expono.
1154 4602 1351 4694 Phoenice,
1377 4606 1499 4702 Syria,
1526 4606 1688 4703 Aegypto
1704 4619 1737 4676 et
1753 4604 1872 4675 Persia
1887 4623 2051 4690 magnam
2069 4623 2134 4690 po·

225 4699 279 4774 Ex
295 4703 411 4775 Moise
430 4718 555 4776 notum
579 4719 631 4776 est
656 4719 816 4796 posteros
841 4706 1015 4792 lsmaiilis,
1042 4709 1102 4800 qui
1154 4710 1298 4780 tentiam
1314 4709 1432 4800 adepti
1448 4723 1541 4781 sunt.
1593 4709 1715 4780 l‘ostea
1734 4703 1888 4777 Africam
1903 4716 2013 4774 totam
2029 4721 2134 4794 oecu-

120 4827 165 4876 ex
182 4799 289 4898 Agar
310 4819 499 4893 natusest,
520 4807 675 4877 tenuisse
691 4803 881 4891 Arabiam,
907 4807 1103 4898 indeAgra
1155 4823 1301 4899 parunt,
1332 4825 1368 4882 et
1391 4811 1561 4900 paulatim
1585 4811 1624 4880 in
1652 4807 1774 4881 Asiam
1806 4816 2067 4899 proeessecnnt,
2094 4825 2133 4879 ac

119 4906 402 4978 orbsnominata
420 4902 644 4999 estabAgar
657 4922 769 4978 matre
787 4905 956 4997 lsmae'lis,
972 4928 1005 4984 et
1019 4933 1105 5000 gens
1153 4915 1222 4981 late
1247 4937 1326 4984 cum
1350 4913 1501 5005 imperio
1522 4914 1634 5002 legem
1661 4905 1937 4980 Mabometicam
1960 4926 2133 4998 propago·

121 5007 263 5097 Agraei,
280 5011 340 5100 qui
356 5007 393 5077 in
409 5008 526 5099 primo
541 5009 605 5081 lib.
614 5007 768 5097 Paralip.
776 5035 851 5099 cap.
858 5008 895 5085 6.
910 5014 1105 5084 nominan·
1152 5027 1293 5084 veramt.
2109 5034 2112 5039 “

118 5122 182 5180 tnr
202 5105 378 5198 Agereni,
411 5109 474 5178 arbi
498 5123 533 5180 et
554 5109 686 5182 limites
709 5111 820 5180 vieini
837 5110 973 5185 Galaad
999 5136 1103 5182 mon·
1252 5111 1330 5198 Etsi
1357 5129 1475 5185 autem
1497 5115 1593 5184 inter
1616 5113 1712 5203 ipsos
1734 5137 1879 5208 quoque
1894 5108 2085 5185 seditiones
2099 5116 2133 5175 et

121 5222 290 5285 strantur.
323 5208 460 5282 Nomen
476 5211 570 5280 idern
586 5209 741 5301 Agereni
758 5227 850 5285 extat
864 5213 901 5282 in
918 5214 1009 5287 Psal.
1020 5215 1080 5287 82.
1151 5237 1342 5304 regnorum
1366 5217 1559 5310 ‹livisiones
1581 5228 1719 5284 secretae
1732 5231 1835 5295 sunl,
1863 5215 1953 5285 utin
1971 5207 2051 5278 aliis
2074 5229 2131 5276 re·

225 5307 267 5382 ln
288 5335 328 5384 ea
349 5313 511 5403 regione,
536 5312 575 5381 in
597 5336 666 5404 qua
688 5316 796 5386 lesisse
822 5311 1005 5405 Agaronos
1027 5341 1102 5387 cer·
1149 5318 1247 5406 gnis:
1274 5333 1392 5389 tamen
1408 5317 1665 5390 Smacenorum
1683 5317 1860 5410 principes
1869 5312 2009 5386 Sullani
2029 5331 2131 5400 prae-

118 5421 196 5486 tum
220 5427 290 5500 est,
316 5416 466 5488 collocat
488 5413 712 5486 Ptolemaeus
738 5415 951 5506 Sororem,
977 5435 1011 5494 et
1034 5441 1099 5488 no·
1149 5419 1288 5513 eipuam
1308 5419 1502 5512 potentiam
1519 5419 1556 5488 in
1575 5415 1699 5513 Syria,
1726 5417 1905 5513 Aegypto,
1931 5412 2072 5500 Airita,
2097 5422 2130 5478 et
