4604 5804
80 285 183 378 ns
772 273 800 352 1.
816 297 820 300 -ψ
851 265 1146 352 canonicos
1171 264 1415 348 Gaulotus,
2037 281 2113 360 814

81 449 333 530 Phocenseset
346 445 542 526 locrenses
554 447 793 522 dirimeretur.
845 443 969 520 Postea
986 467 1067 516 cum
1119 439 1220 534 plum
1242 439 1401 514 vicinum
1422 437 1612 532 intimis
1641 441 1744 516 31¹³!st
1764 445 1863 540 parci
1886 451 2038 544 templo,
2071 477 2105 534 et

82 552 250 628 Thebani
267 551 440 624 auxilinm
459 564 639 643 peterent,
666 545 915 642 Thrasybulus
932 567 1070 616 memor
1121 541 1253 615 dimitti
1284 543 1483 614 incolumes
1511 565 1653 630 omues,
1693 547 1757 640 qui
1786 571 1828 619 eo
1861 554 2104 646 confugerant.

81 653 247 727 beneficii
266 648 519 726 Thebanorum
541 673 666 722 suasor
687 663 759 734 est,
784 661 826 722 ut
846 647 1069 732 iuvarentur,
1120 641 1301 716 Concussit
1318 657 1352 715 et
1366 638 1551 718 Thebanis
1574 647 1775 738 petentibus
1798 653 1968 725 cadavera
1991 660 2102 736 intec-

82 771 117 830 et
132 757 308 828 accedunt
324 754 454 828 amitte
469 752 620 824 aliarum
636 751 833 824 civitatum.
877 746 930 820 lta
945 769 1069 820 rursus
1119 744 1294 816 factorum
1310 746 1354 814 od
1372 745 1603 836 sepulturam.
1644 742 1747 820 Adeo
1764 775 1839 822 non
1853 753 2002 832 indulsit
2017 765 2102 855 irae,

83 859 121 928 in
131 854 285 928 Graecia
302 878 343 924 ex
360 855 430 926 levi
446 875 549 926 causa
565 853 690 942 ingens
708 851 859 936 bellum,
878 864 913 920 et
927 847 1068 920 exitiale
1123 869 1326 941 quanquam
1344 845 1549 918 vulneratus
1567 861 1654 919 crat.

80 955 391 1036 Lacedaemoniis,
416 968 535 1028 ortum
558 967 621 1026 est.
673 950 784 1024 Duxit
806 963 944 1043 partem
968 972 1067 1020 eser·
1221 945 1297 1019 lam
1321 969 1405 1018 vero
1424 946 1463 1018 io
1478 943 1565 1018 Asia
1588 949 1821 1025 inclinatione
1841 957 1930 1030 lacta
1946 958 2101 1039 Laroni-

81 1060 169 1130 citus
183 1055 355 1130 Laconici
369 1055 563 1151 Lysander.
614 1052 703 1126 Isin
717 1047 1065 1145 oppugnationeHa·
1118 1067 1180 1118 cae
1198 1047 1397 1139 potentiae,
1429 1047 1536 1118 rediit
1556 1043 1716 1124 Athenas
1737 1049 1883 1145 Conon,
1913 1075 1947 1134 et
1966 1069 2101 1155 patriae

81 1161 196 1245 lieni,
223 1158 497 1249 erumpentibus·
507 1150 691 1227 Thebanis
705 1166 801 1224 extra
817 1153 1002 1246 oppidum,
1026 1152 1067 1222 in
1119 1147 1258 1219 donans
1290 1147 1548 1243 quinquaginta
1581 1150 1734 1240 talenta,
1774 1157 1810 1227 id
1839 1172 1911 1248 est,
1952 1165 2097 1258 triginta

80 1284 197 1354 pogna
220 1259 427 1330 interiectus
452 1270 517 1330 est.
576 1254 647 1328 Hic
666 1256 781 1328 exitus
804 1268 855 1326 est
878 1253 1067 1349 Lysandri,
1116 1249 1229 1322 millia
1244 1261 1514 1337 coronatorum,
1538 1275 1661 1323 mnms
1683 1279 1722 1326 aa
1744 1261 1894 1349 pecunia
1917 1265 2013 1338 refici
2035 1297 2098 1344 eu.

83 1363 144 1456 qui
158 1355 323 1432 Athenas
344 1371 523 1452 coeperat,
547 1358 649 1430 culus
662 1357 793 1428 virtute
808 1353 977 1448 Spartani
996 1355 1067 1424 im·
1116 1351 1227 1432 ravit,
1264 1349 1491 1445 aLyssndro
1512 1375 1663 1431 eversos.
1727 1353 1781 1428 Ita
1801 1354 2042 1462 Thrasybuli
2062 1391 2098 1448 et

82 1462 180 1554 perio
202 1461 311 1553 potiti
330 1461 483 1532 fuerant.
547 1456 619 1532 Sed
640 1457 845 1550 superbiam
868 1479 983 1549 poena
1010 1478 1067 1525 se-
1116 1443 1281 1522 Conom's
1304 1453 1434 1526 virtute
1457 1451 1626 1546 paulatim
1639 1449 1803 1530 Athenae
1824 1485 1947 1539 rursus
1965 1489 2099 1548 erectae

84 1577 190 1656 quarta
207 1575 274 1636 est.
325 1559 633 1646 Scribitnrenim,
657 1556 743 1632 hnic
766 1556 1065 1652 primoomnium
1115 1566 1211 1626 suut.
1269 1547 1343 1626 Nec
1370 1554 1484 1626 multo
1516 1567 1595 1644 post
1620 1557 1775 1630 reditum
1798 1559 1975 1652 Cononis,
2016 1599 2097 1648 cum

88 1661 311 1734 Graecorum
328 1661 470 1734 divinos
484 1655 640 1732 honores
654 1655 795 1732 habitos
807 1681 894 1732 esse.
1115 1652 1388 1724 Lacedaemonii
1427 1655 1570 1726 classem
1614 1675 1836 1756 repararent,
1887 1669 2016 1743 missus
2045 1693 2097 1752 est

182 1759 301 1836 Erant
321 1776 437 1834 autem
454 1777 525 1834 tam
549 1761 636 1834 laeti
655 1781 833 1832 suesanus
849 1757 1004 1850 Agesilai
1026 1758 1064 1828 in
1117 1749 1364 1850 Thrasybulus
1381 1756 1424 1824 ad
1442 1755 2009 1858 impediendosLacedaemonios,
2034 1780 2096 1872 qui

84 1861 185 1948 Asia,
213 1877 257 1936 nt
272 1865 460 1955 procedere
475 1864 514 1933 in
531 1884 680 1951 regnum
688 1860 869 1932 Persicum
885 1861 1065 1950 cogitaret.
1116 1853 1327 1950 Byzantium
1343 1857 1497 1948 recepit,
1523 1869 1558 1928 et
1575 1881 1630 1929 res
1645 1862 1775 1934 multas
1790 1866 1964 1942 foeliciter
1978 1879 2096 1964 gessit.

84 1963 151 2035 Sed
168 1963 339 2058 Spartani
364 1977 540 2034 crescente
557 1963 714 2054 potentia
730 1958 987 2034 Thebanorum
1008 1984 1065 2030 re·
1116 1954 1189 2028 Sed
1212 1981 1293 2028 cum
1318 1961 1363 2028 ad
1379 1951 1585 2050 Aspendum
1609 1959 1741 2034 milites
1761 1965 1838 2038 eins
1859 1975 2019 2064 populati
2040 2003 2095 2050 es-

84 2078 211 2136 socant
236 2087 337 2149 eum,
360 2065 466 2134 utissa
487 2062 641 2156 Scytala.
689 2062 760 2134 liic
781 2076 878 2135 tanta
899 2061 968 2134 luit
985 2083 1065 2132 ruo·
1116 2071 1195 2130 sent
1213 2079 1335 2149 agros,
1372 2060 1546 2152 Aspendii
1577 2059 1705 2135 irritati
1734 2081 1841 2138 noctu
1870 2093 2096 2169 erumpentes

85 2165 194 2236 destia
210 2162 387 2256 Agesilai,
410 2177 450 2235 ut
472 2164 592 2234 relicta
609 2165 762 2234 maxima
784 2186 846 2254 spe
867 2161 1064 2255 occupandi
1115 2159 1235 2232 subito
1254 2160 1411 2232 tumultu
1436 2173 1472 2230 et
1492 2156 1758 2257 Thrasybulum
1781 2167 1819 2237 in
1844 2193 1908 2244 suo
1931 2183 2096 2269 tentorio,

83 2261 265 2337 Persicum
291 2263 500 2358 imperinm,
537 2289 621 2336 mox
652 2265 692 2334 in
725 2265 876 2356 patriam
908 2262 1065 2345 redierit,
1116 2267 1152 2331 et'
1168 2260 1298 2331 milites
1313 2261 1450 2356 aliquot
1463 2261 1727 2340 interfecerunt.
1765 2265 1873 2343 Hunc
1888 2277 2008 2363 brevi,
2032 2286 2095 2355 sed

85 2360 170 2436 haec
200 2366 375 2436 modestia
398 2366 437 2434 in
460 2377 557 2436 tanta
580 2365 736 2454 potentia
758 2365 807 2435 ita
828 2365 1064 2458 praedicatur,
1115 2354 1363 2430 honestissimo
1385 2361 1589 2434 testimonio
1611 2381 1714 2438 omat
1736 2368 1938 2465 Xenophon
1962 2379 2026 2454 lib.
2040 2383 2094 2456 A:

86 2479 125 2536 nt
156 2467 264 2558 longe
297 2467 466 2536 omatibus
498 2464 611 2558 ipsius
644 2464 802 2537 victoriis
835 2467 1065 2538 anteferatur.
1119 2451 1384 2556 Θρασύβουλος
1403 2459 1474 2556 μέν
1496 2487 1554 2535 τοι
1572 2457 1675 2558 μάλα
1691 2463 1816 2544 δοκῶν
1832 2471 1929 2574 ἀνὴρ
1946 2477 2095 2580 ἀγαθὸς

3 2625 4 2628 ,
86 2563 200 2638 Tanta
217 2581 337 2638 autem
354 2567 423 2639 luit
443 2569 487 2637 de
509 2567 585 2636 eius
608 2565 766 2651 iusticia,
798 2567 1009 2637 fortitudine
1030 2578 1066 2637 et
1115 2557 1228 2650 alsus,
1261 2557 1380 2644 οὕτως
1401 2557 1640 2659 helchanam.

86 2669 260 2738 modestia
288 2666 431 2760 opinio,
468 2679 509 2738 ut
528 2665 799 2738 Lacedaemonii
823 2689 1001 2738 summum
1031 2664 1065 2735 ei
1220 2659 1267 2736 Ut
1296 2678 1414 2736 autem
1432 2663 1703 2740 Lacedaemonii
1732 2695 1854 2747 rursus
1882 2699 2093 2759 crescentem

85 2766 275 2862 imperinm
306 2780 341 2839 et
369 2768 558 2839 exercitum
589 2768 629 2840 in
661 2782 775 2854 terra,
814 2781 849 2838 et
877 2769 1004 2839 classes
1025 2767 1065 2836 in
1115 2763 1309 2856 potentiam
1323 2760 1596 2838 Atheniensium
1618 2783 1655 2842 et
1672 2772 1897 2848 reiectionem
1911 2805 2096 2860 mororum

86 2872 194 2957 mari,
220 2869 558 2942 commendaverint.
608 2866 657 2942 Et
671 2863 1066 2963 scribitTheopompus‚
1116 2864 1350 2958 impedirent,
1379 2881 1542 2940 accusant
1564 2867 1720 2943 Atticam
1742 2875 1938 2966 civitatem,
1972 2901 2006 2958 et
2028 2914 2096 2961 no.

85 2967 189 3042 luisse
204 2995 288 3042 eum
303 2993 480 3042 summum
495 2970 613 3040 virum
629 2993 712 3040 suae
726 2970 860 3046 aetatis.
1116 2965 1278 3038 minutim
1292 2963 1476 3038 Quonam
1499 2972 1594 3061 apud
1608 2969 1813 3048 Tiribaaum
1836 2982 1963 3054 ducem
1979 2987 2096 3062 Persi-

184 3069 280 3144 Cum
295 3071 466 3163 antemio⁴
480 3067 564 3141 Assa
582 3085 739 3144 tnenmo
755 3072 895 3157 iurant,
919 3084 954 3144 et
969 3069 1072 3170 mul·⁸
1117 3091 1218 3154 eum,
1260 3091 1301 3140 ac
1329 3081 1496 3157 monent,
1533 3072 1767 3162 periculosam
1796 3081 1872 3152 fore
1899 3092 2094 3178 potentiam

88 3183 139 3241 tas
159 3173 269 3244 urbes
292 3169 409 3243 Persis
433 3185 589 3265 ereptas,
629 3171 779 3265 imperio
799 3171 979 3245 Laconico
1002 3173 1067 3242 asl-
1116 3163 1391 3242 Atheniensium
1410 3193 1519 3262 regno
1536 3169 1696 3259 Persico,
1729 3185 1933 3264 praesertim
1958 3213 2037 3260 cum
2060 3208 2096 3267 et

89 3269 243 3354 iecisset,
284 3287 320 3346 et
343 3273 447 3343 sociis
474 3273 572 3362 iuste
588 3284 623 3342 et
643 3275 824 3343 moderate
849 3275 1067 3365 imperasset,
1117 3265 1448 3360 EuagoramPersae
1463 3285 1669 3352 metuerent.
1701 3275 1854 3354 Mittunt
1867 3285 2095 3376 igiturAthe.

88 3372 270 3444 discedens
285 3372 429 3467 reliquit
444 3373 498 3442 sui
513 3372 723 3459 dissimiles,
747 3393 874 3443 avaros
893 3386 927 3443 et
940 3373 1068 3442 crude·
1117 3392 1185 3440 nae
1196 3369 1345 3460 Legatos
1359 3373 1403 3440 ad
1419 3369 1625 3446 Tiribazum
1639 3379 1862 3468 placandum.
1915 3386 1958 3458 ln
1982 3385 2038 3461 his
2060 3409 2095 3468 et

89 3470 138 3542 les
157 3471 379 3546 Harmostas.
437 3471 551 3545 Clasai
568 3485 686 3547 autem
709 3474 921 3567 praefecerat
940 3471 1068 3544 Pisan·
1117 3467 1245 3542 &non
1260 3469 1341 3543 fuit.
1391 3469 1499 3542 Hunc
1514 3469 1700 3548 Tiribazns
1716 3495 1838 3553 contra
1861 3485 1917 3558 ius
1937 3494 2095 3580 gentium

91 3573 192 3644 drum
208 3575 332 3646 uxoris
351 3576 509 3650 fratrem.
1118 3584 1258 3663 captum
1274 3571 1313 3645 in
1323 3568 1478 3642 Persium
1494 3574 1607 3660 ducit,
1631 3577 1693 3647 ubi
1708 3579 1747 3652 io
1761 3581 1898 3658 carcere
1913 3611 1975 3661 seu
1990 3617 2095 3676 neca.

188 3673 280 3747 Erat
301 3699 343 3748 eo
367 3689 527 3769 tempore
548 3661 700 3758 Conon,
735 3674 817 3745 exul
837 3669 1067 3748 Atheniensis
1118 3685 1176 3744 tns
1198 3686 1270 3755 est,
1295 3695 1356 3743 aen
1374 3673 1509 3744 morbis
1532 3675 1716 3754 extinctus.
1767 3677 1962 3761 Accusator
1977 3709 2095 3768 autem

90 3777 179 3866 apud
189 3773 388 3868 Euagoram
404 3800 523 3867 regem
539 3776 669 3872 Cypri,
694 3775 758 3870 qni
772 3801 852 3848 cum
869 3791 948 3848 octo
965 3777 1069 3848 nari·
1117 3772 1473 3862 fueratAntalcidas,
1497 3773 1692 3869 Spartanus
1710 3781 1855 3874 legatus.
1908 3789 1943 3860 ls
1967 3794 2095 3870 deinde

91 3875 156 3946 bus
169 3878 308 3968 ingerat
319 3901 365 3950 ex
381 3901 499 3970 pugna
519 3879 565 3950 ad
579 3879 698 3970 Aegos
713 3874 891 3952 Potamos.
941 3876 1012 3948 llic
1033 3890 1069 3949 et
1118 3897 1233 3965 accae
1246 3873 1409 3963 Persico,
1433 3875 1516 3971 quia
1531 3878 1624 3950 bello
1636 3876 1810 3958 Thebano
1824 3885 2097 3971 Lacedaemonii

92 3969 272 4069 Euagorae
293 3992 327 4051 et
346 3979 440 4069 regis
455 3978 588 4052 Persici
609 3979 757 4072 pecnnia
780 3993 817 4052 et
836 3978 987 4050 navibus
1009 3977 1070 4048 in·
1118 3976 1271 4068 impares
1285 3989 1404 4065 erant,
1430 3976 1634 4071 impetravit
1655 3985 1828 4075 edictum,
1852 4014 1925 4084 quo
1949 4020 2010 4068 rex
2031 4025 2096 4092 pa.

91 4088 257 4164 structus,
297 4081 454 4152 mittitur
483 4095 606 4153 contra
631 4079 949 4167 Lacedaemonios,
986 4103 1066 4151 cum
1119 4099 1193 4148 cem
1207 4075 1353 4150 Graecis
1369 4077 1717 4174 omnibusimperat,
1744 4089 1922 4163 etbellum
1940 4097 2098 4174 minatur

91 4172 212 4252 Persae
230 4181 391 4254 viderent
408 4183 559 4252 nimium
574 4203 729 4254 crescere
747 4183 941 4272 potentiam
955 4179 1069 4252 Laco-
1119 4177 1184 4263 iis,
1209 4179 1273 4273 qui
1286 4202 1359 4249 non
1375 4180 1447 4251 sint
1460 4182 1747 4274 obtemperaturi.
1795 4189 1850 4264 Ac
1872 4193 1977 4266 simul
1995 4223 2097 4271 man-

93 4277 204 4350 nicam
228 4281 267 4352 in
287 4280 384 4356 Asia.
449 4277 519 4352 Hic
539 4276 667 4354 &non
696 4306 825 4373 magno
858 4282 993 4375 praelio
1022 4284 1067 4354 ad
1120 4279 1181 4348 dat
1202 4275 1404 4362 Thebanis,
1435 4293 1476 4352 ut
1492 4305 1591 4353 arma
1610 4285 1807 4378 depopant,
1837 4305 1873 4363 et
1895 4295 2097 4373 civitatibus

93 4374 242 4454 Cnidum
273 4383 359 4456 siclt
387 4382 599 4454 Laconicam
629 4382 791 4472 classem,
831 4398 866 4457 et
895 4383 1071 4454 interiecit
1106 4379 1305 4474 ,pristinam
1329 4381 1526 4452 libertatem
1550 4385 1712 4458 reddant.
1770 4387 1865 4480 Quia
1886 4419 1970 4468 vero
1986 4397 2096 4472 Lace.

94 4473 314 4560 Pisandrum.
382 4481 462 4555 Hac
496 4483 595 4555 clade
628 4497 767 4576 accepta
796 4483 1070 4558 Lacedaemonii
1120 4481 1388 4553 daemoniorum
1406 4483 1555 4554 consilio
1570 4479 1656 4556 haec
1675 4507 1743 4580 pax
1765 4489 1950 4585 impetrata
1972 4501 2098 4591 fuerat,

96 4599 213 4656 rursus
239 4586 350 4657 maris
377 4583 571 4680 imperium,
594 4584 809 4673 amiserunt,
841 4600 876 4658 et
899 4584 1069 4680 paulatim
1120 4596 1156 4654 et
1170 4577 1287 4652 adhuc
1303 4604 1430 4672 magna
1446 4596 1521 4655 erat
1539 4583 1696 4676 ipsorum
1713 4594 1891 4680 potentia,
1924 4613 1958 4672 et
1972 4599 2098 4692 Ageai.

97 4678 273 4756 civitatum
289 4686 436 4760 defectio
451 4699 600 4780 sequuta
615 4699 680 4756 est.
1119 4681 1169 4752 lai
1191 4683 1377 4775 praecipua
1400 4683 1587 4771 autoritas,
1626 4685 1898 4766 Lacedaemonii
1919 4721 1956 4771 se
1978 4719 2098 4778 osten·

191 4781 289 4856 liasc
304 4786 421 4858 clades
438 4787 652 4859 denunciata
677 4799 729 4858 est
741 4783 903 4877 Agesilao
929 4785 968 4856 in
992 4784 1069 4878 ipso
1121 4787 1250 4855 derunt
1271 4785 1347 4856 lore
1367 4779 1476 4857 huius
1500 4785 1606 4858 edicti
1628 4787 1717 4880 regii
1743 4793 1961 4889 defensores,
2002 4810 2099 4900 quod

97 4879 228 4972 reditu,
254 4899 289 4957 et
303 4888 348 4959 ad
363 4884 538 4960 bancalia
552 4888 668 4960 clades
682 4888 836 4964 accessit.
866 4885 958 4960 Cum
974 4887 1069 4957 enim
1121 4884 1250 4956 celebri
1284 4885 1520 4978 appellatione
1550 4889 1758 4963 nominatur
1781 4892 1855 4988 Pax
1879 4899 2099 4986 Antalcidae.

98 4975 136 5048 in
156 4977 337 5059 Boeotiam
361 4989 401 5057 in
425 4989 501 5082 ipsa
521 4985 617 5062 Solis
639 4989 761 5082 eclipsi
785 4989 1000 5082 pervenisset
1024 4988 1069 5057 ad
1123 4983 1247 5058 iurant
1261 4987 1370 5077 igitur
1386 4985 1541 5060 Graecae
1556 4988 1714 5063 civitates
1729 5017 1873 5096 omnes,
1907 5026 1944 5076 se
1962 5010 2099 5079 obtem.

99 5081 216 5156 urbem
231 5086 448 5176 Coroneam,
472 5113 554 5162 cnm
567 5086 750 5162 Thebanis
766 5102 800 5162 et
820 5113 944 5160 eorum
966 5087 1071 5159 sociis
1121 5100 1304 5179 paraturas
1327 5111 1411 5160 esse.
1477 5087 1546 5161 Sed
1568 5103 1681 5162 astute
1701 5091 1972 5177 Lacedaemonii
1994 5103 2100 5182 huius

101 5177 264 5260 dimicans
288 5191 577 5264 supercrescat.
637 5188 691 5264 Ac
711 5191 835 5264 scribit
857 5185 1072 5281 Xenophon,
1121 5189 1216 5281 pacis
1231 5201 1412 5281 praetextu
1426 5212 1526 5259 suam
1546 5193 1738 5281 potentiam
1754 5222 1876 5274 rursus
1893 5209 2101 5280 confirmare

102 5288 167 5352 lem
181 5291 583 5382 aceeproeliumluisse,
608 5303 648 5363 ut
669 5293 811 5366 nullum
832 5314 897 5366 suo
913 5305 1071 5382 tempore
1122 5289 1240 5361 conati
1255 5303 1348 5362 sunt.
1400 5285 1588 5381 Occrspant
1607 5294 1732 5368 fraude
1750 5296 1939 5374 Cadmeam
1957 5303 2101 5382 Theba-

102 5376 202 5460 iusrit
215 5391 342 5468 acrius.
391 5387 447 5466 Ex
469 5415 512 5464 eo
531 5391 667 5484 praelio
689 5417 770 5468 sum
793 5393 898 5468 multi
921 5392 960 5462 in
983 5406 1071 5463 tem·
1094 5383 1100 5488 i
1122 5415 1204 5464 rum
1220 5414 1347 5467 arcem.
1398 5389 1455 5461 lbi
1481 5405 1516 5463 et
1538 5393 1705 5487 coniuges
1720 5415 1754 5472 et
1767 5403 1858 5475 filias
1872 5401 2099 5484 honestorum

1425 5486 1497 5567 ‘52
