4696 5820
256 323 331 398 211
661 305 919 388 uuonan
953 292 1238 388 runuoua'
1271 309 1348 392 ur
1375 307 1453 392 nn
1486 308 1752 402 umorum
1783 343 1867 406 ero
2049 417 2054 420 ,
2197 336 2279 416 era

259 508 375 561 xermo
396 481 470 556 sive
492 481 651 578 loquela,
675 503 765 574 qnae
786 493 839 551 est
854 505 923 551 vox
937 479 1144 567 articulata,
1167 483 1244 556 for·
1295 478 1529 580 Oesoplngua
1561 509 1647 560 vero
1680 513 1884 590 quanquam
1912 482 2042 575 nervea
2067 505 2281 584 membrana

261 601 381 662 matur
401 609 423 658 a
444 586 586 676 lingum,
601 583 722 684 'plane
745 581 978 653 inenarrabili
998 586 1125 673 modo,
1147 587 1244 658 unde
1295 600 1366 673 est,
1387 602 1506 660 tamen
1527 599 1580 659 est
1599 589 1796 666 substantia
1811 599 1974 690 mollior,
1993 628 2105 698 ,quam
2119 605 2280 700 trachea,

261 699 408 784 propter
429 689 568 758 diversa
590 683 730 772 liuguae
751 681 1026 773 impedimenta,
1056 688 1121 762 alii
1143 688 1246 768 blesi,
1294 701 1329 757 et
1340 686 1546 778 astringitur
1568 688 1641 760 suis
1665 694 1781 782 villis,
1801 721 1883 768 cnm
1904 715 1957 773 est
1979 705 2110 784 inanis.
2158 707 2227 782 Est
2243 724 2281 784 et

263 791 326 864 alii
340 790 449 862 trauli
462 787 625 857 existunt.
1294 787 1408 856 multo
1429 787 1592 876 longior,
1614 813 1721 883 qnam
1744 793 1904 887 trachea,
1930 827 2020 896 quae
2046 811 2112 880 sub
2126 809 2280 882 furculis

363 889 435 961 Hic
458 884 718 957 consideremus
737 897 869 980 quauta
890 885 936 958 sit
952 887 1048 959 vocis
1060 889 1194 960 utilitas
1209 899 1245 957 et
1293 884 1461 964 inseritur
1476 889 1653 978 pulmoni.
1690 891 1746 966 Ao
1760 895 1977 992 oesopbagus
1992 907 2060 976 snb
2079 908 2278 1003 diaphrag-

263 991 431 1074 varietas,
460 1007 566 1078 quam
591 985 642 1053 sic
663 985 741 1054 lieri
765 987 910 1081 quidem
933 989 1151 1080 experimur,
1180 986 1242 1054 sed
1293 998 1386 1055 mate
1408 987 1646 1060 ventriculum
1666 995 1818 1087 attingit.
1867 999 1942 1074 Nec
1962 1029 2047 1078 vero
2069 1008 2141 1084 iam
2162 1025 2278 1083 totam

264 1117 330 1165 cur
353 1103 385 1160 et
408 1086 550 1180 quando
572 1083 611 1152 in
634 1080 690 1154 bis
712 1088 886 1160 meatibus
900 1089 962 1156 ae'r
976 1087 1122 1178 accipiat
1137 1105 1243 1156 sonos
1292 1085 1559 1164 fabricationem
1595 1085 1722 1164 harum
1752 1100 1907 1188 partium
1937 1105 2087 1179 recitare
2116 1133 2279 1203 possum,

200 1219 204 1229 ·
264 1207 300 1264 et
319 1209 487 1260 sonorum
508 1185 731 1272 varietatem,
756 1188 873 1258 dicere
887 1204 961 1256 non
976 1207 1179 1277 possumus,
1202 1207 1242 1256 ac
1293 1195 1433 1256 tentum
1456 1183 1525 1257 boc
1545 1213 1695 1278 moneo,
1725 1219 1773 1268 ne
1794 1200 1890 1270 vocis
1914 1227 2046 1295 organo
2068 1211 2279 1284 tribuantur

261 1289 442 1362 fatendum
452 1299 524 1368 est,
549 1309 622 1357 non
636 1287 777 1378 penitus
786 1284 934 1380 perspici
942 1300 1117 1360 naturam.
1162 1286 1242 1357 Me-
1294 1285 1408 1356 officia
1422 1287 1572 1371 culinae,
1594 1314 1641 1361 ue
1656 1294 1870 1372 misceantur
1882 1309 2126 1398 propagationi
2140 1312 2278 1384 docui-

262 1389 354 1459 miui
374 1387 567 1478 eapientem
581 1388 700 1458 virum
716 1391 852 1467 dicere,
876 1410 918 1455 eo
936 1387 1139 1456 discendam
1154 1383 1243 1458 Phi·
1294 1409 1362 1458 nae
1378 1386 1586 1479 cupiditates
1601 1393 1713 1481 gulae.

263 1483 484 1580 losopbiam,
511 1501 553 1559 ut
573 1486 943 1582 quousque'progredi
964 1509 1063 1556 mens
1087 1482 1242 1573 humana
1309 1511 1311 1516 ’
1392 1483 1467 1558 Cur
1480 1489 1591 1578 igitur
1603 1493 1906 1591 dixitEuripides:
1933 1502 2069 1578 Vinum
2085 1523 2278 1602 penetrans

262 1589 391 1684 possit,
416 1589 733 1671 animadvertatur,
757 1597 792 1655 et
812 1609 901 1678 quae
920 1609 994 1656 non
1011 1584 1242 1680 comprehen-
1293 1587 1505 1679 pulmonum
1518 1594 1677 1664 meatus?
1700 1591 1903 1678 EtAlceus:
1932 1601 2047 1705 Te'yya
2061 1610 2277 1704 πνεύμονας

262 1694 337 1762 dat.
394 1686 557 1783 Cumque
584 1699 714 1757 restare
741 1687 865 1774 ingens
893 1685 1029 1757 bonum
1050 1712 1124 1760 non
1145 1713 1242 1759 com·
1294 1687 1397 1782 οἴνῳ.
1446 1687 1544 1760 Haec
1564 1694 1673 1763 verba
1694 1719 1770 1768 non
1793 1703 2018 1776 confundunt
2038 1709 2151 1781 officia
2168 1735 2278 1782 cana·

262 1786 477 1884 prehensum
509 1787 703 1872 cernimus,
734 1786 888 1859 convicti
914 1786 1107 1871 fateamur,
1140 1790 1242 1882 opifi-
1294 1787 1403 1868 lium,
1428 1801 1566 1860 tantum
1585 1785 1654 1863 hoc
1674 1796 1817 1882 dimut,
1840 1803 2005 1894 pulmoni
2029 1833 2120 1902 opus
2141 1833 2216 1882 esse
2239 1825 2277 1884 et

262 1917 339 1963 rem
364 1891 571 1983 sapientiam
592 1899 627 1958 et
646 1887 781 1958 bonum
804 1909 889 1990 csse.
951 1886 1027 1960 Cur
1047 1913 1160 1961 sermo
1183 1890 1244 1960 liat
1294 1885 1511 1959 nutrimento
1531 1903 1566 1961 et
1579 1892 1764 1982 rigatione.
1815 1897 1868 1973 Ac
1883 1906 2107 1978 manifestum
2128 1923 2180 1981 est
2203 1934 2277 1982 nu-

264 1994 407 2082 linguae
439 1991 590 2081 plectro,
642 1985 721 2078 quis
756 1987 839 2056 satis
875 2001 1074 2060 monstrare
1106 1989 1244 2082 potest?
1293 1986 1374 2058 triri
1390 1996 1426 2057 et
1437 1987 1545 2077 rigari
1563 1993 1727 2083 pulmoni
1741 2001 1945 2089 pulmonem
1960 2029 2024 2096 per
2038 2030 2165 2078 venam
2181 2025 2279 2083 arte·

263 2092 363 2168 Fieri
383 2105 501 2162 tamen
521 2085 709 2168 sentimus,
732 2100 767 2160 et
787 2087 912 2178 ingens
929 2090 1064 2160 bonum
1083 2113 1155 2162 esse
1168 2113 1243 2160 aer-
1293 2086 1439 2174 rialem,
1459 2111 1549 2180 quae
1563 2093 1729 2165 subtilem
1745 2102 1950 2190 sanguinem
1963 2101 2058 2178 vehit
2078 2107 2116 2177 in
2131 2111 2278 2200 psalmo·

261 2213 426 2270 monem,
448 2187 704 2277 significantem
721 2210 796 2270 res,
822 2189 1049 2277 cogitationes
1063 2204 1098 2260 et
1113 2191 1243 2262 volun·
1293 2211 1387 2258 nem.
1443 2183 1595 2278 Sanguis
1621 2206 1739 2265 autem
1772 2223 1814 2270 ex
1835 2202 1915 2273 cibo
1937 2217 1972 2275 et
1989 2219 2080 2298 potu
2101 2223 2205 2280 antea
2233 2212 2276 2282 in

262 2305 350 2364 tates
365 2287 433 2359 Dei
456 2301 491 2358 et
511 2282 718 2372 bominum,
739 2287 964 2360 manifestum
982 2307 1044 2365 est.
1095 2287 1161 2362 Est
1175 2292 1244 2381 igi-
1296 2298 1396 2379 epate
1418 2302 1605 2366 natusest.
1654 2290 1793 2370 Harum
1815 2302 1993 2374 actionum
2014 2309 2179 2378 ordinem
2202 2335 2278 2384 esse

261 2406 322 2465 tur
336 2387 630 2482 sapiensartifex,
653 2411 758 2480 mem
772 2409 1016 2479 agnoscamus,
1041 2404 1075 2462 et
1090 2390 1164 2461 eius
1178 2393 1242 2461 be-
1293 2391 1417 2480 poie'tae
1437 2411 1513 2458 non
1530 2405 1676 2480 negant,
1700 2417 1781 2466 cum
1796 2399 1936 2490 dicunt,
1961 2407 2046 2477 vino
2062 2407 2171 2498 rigari
2191 2413 2277 2503 pul-

147 2549 157 2562 ,
261 2491 397 2562 nefariis
423 2501 622 2560 reverenter
645 2501 809 2576 utamur,
843 2514 978 2584 nosque
998 2513 1243 2582 praeparemur
1293 2509 1447 2560 monem.
1499 2485 1591 2560 Cum
1605 2492 1736 2566 diurno
1752 2513 1850 2574 aestu
1866 2518 1901 2574 et
1925 2504 2047 2578 labore
2069 2533 2132 2580 cor
2148 2535 2276 2584 acten-

263 2597 308 2665 ad
331 2593 512 2664 coelestem
533 2589 758 2680 sapientiam,
782 2589 821 2658 in
840 2612 911 2684 qua
931 2591 1045 2660 ideam
1060 2611 1242 2660 cernemus
1294 2608 1373 2656 sum
1390 2601 1452 2674 est,
1476 2601 1512 2658 et
1530 2589 1650 2679 pulmo
1663 2598 1845 2686 arefactus,
1870 2607 2054 2677 ameridie
2067 2613 2278 2702 corporibus

261 2695 448 2766 universae
470 2701 616 2759 naturae
636 2689 675 2756 in
696 2689 772 2780 ipso
793 2689 986 2760 conditore.
1035 2687 1125 2759 Vult
1146 2683 1242 2760 Deus
1294 2685 1394 2779 quies
1409 2689 1640 2778 concedatur,
1676 2710 1710 2765 et
1729 2698 1809 2771 cibo
1836 2716 1872 2774 et
1888 2715 1975 2794 potu
1995 2709 2195 2781 reficiantur
2217 2713 2278 2782 vi·

263 2817 349 2864 vore
364 2786 550 2878 Evangelii
563 2789 706 2858 accendi
717 2789 842 2876 vitam,
866 2789 981 2859 lucem
996 2789 1034 2858 in
1050 2791 1243 2876 meritibns,
1293 2809 1350 2856 res
1366 2800 1400 2857 et
1414 2788 1577 2879 spiritua,
1601 2804 1636 2862 et
1653 2791 1827 2883 rigatione
1844 2795 2093 2880 humectantur
2113 2824 2149 2882 et
2170 2812 2276 2882 refri-

265 2907 302 2964 et
321 2891 491 2963 iustitiam
513 2890 552 2958 in
574 2890 758 2973 cordibus,
781 2901 815 2959 et
836 2889 978 2982 quidem
994 2890 1073 2958 vult
1088 2911 1162 2960 sese
1175 2913 1243 2958 no-
1294 2897 1459 2976 gerentur
1472 2910 1533 2958 cor
1547 2901 1581 2960 et
1596 2891 1730 2980 pulmo.
1780 2894 1850 2970 Hic
1874 2906 1963 2975 ordo
1988 2910 2032 2977 die
2053 2911 2174 2981 multia
2197 2937 2276 2986 ma·

264 2993 325 3064 bis·
345 2990 603 3062 communicare
625 2985 691 3060 hac
715 2989 790 3080 ipsa
807 3013 903 3060 voce.
953 2987 1012 3059 Ad
1028 2981 1123 3058 hunc
1139 3012 1242 3058 nsum
1294 2985 1373 3074 gnis
1395 2987 1500 3056 rebus
1522 3012 1588 3058 nos
1610 2999 1897 3088 commonefacit,
1928 3007 1974 3075 de
1998 3009 2124 3080 ordine
2138 3011 2276 3086 laboris

264 3090 425 3164 condidit
447 3085 533 3162 haec
549 3088 755 3159 admiranda
771 3112 897 3180 opera,
921 3113 1041 3159 vocem
1059 3101 1094 3159 et
1108 3111 1243 3159 sermo·
1295 3099 1329 3158 et
1344 3085 1579 3158 restitutionis
1600 3091 1750 3181 virium,
1774 3113 1809 3169 et
1829 3101 1874 3172 de
1893 3107 2000 3177 modo
2016 3132 2057 3179 ac
2071 3122 2276 3205 temperan-

265 3217 369 3284 uem,
410 3214 499 3285 quae
532 3189 710 3281 quomodo
743 3189 846 3276 fiant,
885 3203 970 3260 tunc
996 3189 1243 3278 intelligemus,
1295 3187 1361 3272 tia,
1384 3209 1491 3280 qnam
1508 3189 1604 3260 scitia
1620 3199 1850 3269 necessariam
1864 3226 1938 3275 esse
1952 3209 1997 3276 ad
2019 3213 2190 3284 tuendam
2210 3239 2275 3288 va-

264 3318 343 3367 cum
367 3296 483 3383 ipsum
499 3290 659 3382 opificem
674 3311 791 3359 eoram
806 3291 844 3359 iu
860 3291 937 3361 luce
951 3289 1133 3360 manifesta
1148 3289 1243 3383 aspi·
1294 3286 1489 3357 latudinem
1506 3293 1675 3381 corporis.
1725 3299 1795 3369 Sed
1812 3304 1930 3373 nosin
1942 3303 2101 3383 Ecclesia
2114 3317 2274 3410 praecipi

265 3395 406 3466 demus,
1294 3411 1371 3458 eam
1387 3387 1557 3473 sciamus,
1582 3407 1616 3462 et
1630 3395 1844 3469 valetudinis
1858 3409 2011 3478 tuendae
2024 3434 2148 3499 causa,
2173 3432 2209 3487 et
2226 3439 2274 3487 ne

367 3492 440 3563 lam
462 3503 497 3562 et
515 3511 626 3582 pauca
647 3493 693 3561 de
712 3486 851 3562 trachea
867 3490 1011 3575 arteria,
1036 3501 1070 3560 et
1084 3491 1128 3560 de
1141 3513 1242 3561 oeso-
1293 3509 1394 3558 mens
1408 3487 1622 3579 impediatur
1635 3492 1674 3561 in
1689 3494 1924 3588 invocatione,
1949 3507 1988 3576 in
2005 3511 2276 3588 deliberationi·

266 3591 379 3688 phago
402 3593 528 3663 dicam.
591 3581 678 3661 ‚Non
699 3591 785 3662 dicit
805 3589 905 3662 Plato
927 3585 1010 3660 vehi
1033 3604 1156 3682 potum
1179 3615 1242 3683 per
1293 3589 1379 3672 bus,
1405 3588 1443 3656 in
1462 3589 1607 3676 studiis,
1630 3605 1666 3663 et
1679 3593 1721 3663 in
1734 3597 1934 3674 actionibus
1949 3607 2028 3680 aliis
2041 3611 2135 3685 vitae
2149 3639 2278 3690 neces-

265 3691 443 3767 tracheam
464 3692 641 3763 arteriam.
697 3688 832 3784 Estque
852 3692 1037 3764 retinenda
1058 3692 1241 3777 sententia,
1292 3689 1404 3760 uariis
1455 3687 1551 3759 Haec
1574 3692 1694 3762 omnia
1713 3695 1880 3788 impediri
1903 3699 2181 3786 helluationibus
2194 3741 2277 3789 ma-

247 3795 450 3864 ·distinctos
473 3815 545 3861 esse
565 3791 703 3862 canales
725 3806 759 3863 et
770 3791 933 3862 distincta
948 3791 1080 3875 officia,
1105 3806 1146 3865 ut
1159 3805 1241 3864 aute
1292 3791 1459 3860 nifestum
1476 3803 1537 3859 est.
1588 3783 1745 3863 Maxime
1759 3821 1843 3870 vero
1859 3804 1982 3878 scitote
2003 3812 2049 3882 ad
2074 3813 2277 3890 invocatio·

248 3895 428 3965 diximus.
480 3886 660 3962 Dilimunt
683 3905 717 3961 et
738 3891 808 3963 situ
824 3905 858 3961 et
874 3893 1067 3965 substantia
1083 3887 1121 3960 hi
1138 3916 1240 3964 cana-
1290 3913 1372 3960 nem
1386 3890 1617 3979 temperantia
1632 3915 1721 3985 opus
1736 3917 1821 3973 esse.
1865 3900 1958 3976 Cum
1973 3912 2068 3982 cuim
2082 3913 2176 3987 iuter
2190 3941 2275 4011 pre-

265 3997 326 4067 les.
375 3989 535 4064 Trachea
554 3993 682 4063 arteria
702 3993 740 4060 in
762 3993 936 4063 anteriore
960 4006 1058 4083 parte
1074 3994 1158 4062 colli
1175 4017 1240 4082 po-
1291 3991 1442 4061 eandum
1464 4013 1602 4061 necesse
1618 3993 1684 4078 sit,
1710 4000 1822 4070 multa
1848 4006 2000 4095 cogitare
2029 4014 2074 4083 de
2099 4011 2201 4100 Deo,
2226 4021 2273 4090 de

264 4095 330 4166 sita
360 4107 431 4175 est,
465 4107 506 4165 ut
528 4106 621 4163 reeta
643 4095 763 4166 tendat
784 4095 827 4164 ad
850 4115 906 4178 os,
938 4089 1126 4162 hauriendi
1147 4094 1240 4164 aliris
1291 4090 1467 4161 mandatis
1484 4104 1519 4162 et
1529 4092 1826 4181 promissionibus
1845 4104 1996 4192 divinis,
2019 4113 2097 4183 fieri
2112 4112 2181 4188 boc
2193 4141 2272 4190 non

263 4219 382 4282 rausa,
407 4188 625 4285 oesophagus
643 4209 758 4266 autem
779 4194 818 4261 in
839 4192 1031 4284 posteriore
1044 4207 1143 4284 parte
1157 4194 1239 4266 colli
1290 4205 1422 4283 potest,
1455 4214 1535 4260 cnm
1557 4191 1708 4265 intentio
1730 4198 1770 4268 in
1797 4203 1906 4276 ebriis
1928 4232 2002 4281 csse
2027 4215 2127 4286 nulla
2147 4221 2272 4311 possit.

262 4310 327 4382 est,
351 4309 385 4368 et
399 4296 509 4384 magis
523 4296 617 4378 latet,
638 4306 679 4363 ut
693 4294 771 4382 plus
783 4293 1106 4364 contineatcaloris.
1155 4291 1240 4365 Dis-
1289 4289 1439 4390 Etcum
1459 4293 1583 4364 ardere
1602 4296 1707 4366 corda
1729 4299 1880 4375 flammis
1901 4307 2016 4380 divini
2036 4315 2183 4406 spiritus
2195 4322 2272 4392 vde-

262 4399 390 4470 cedens
411 4409 528 4467 autem
554 4387 721 4463 nonnihil
743 4393 850 4463 flectit
871 4416 908 4464 se
932 4396 975 4463 ad
1000 4397 1174 4480 dextram,
1198 4408 1240 4466 ut
1288 4395 1414 4478 beant,
1442 4385 1509 4463 hae
1527 4395 1771 4488 reprimuntur
1796 4403 1995 4496 fuliginosis
2026 4408 2197 4491 balitibus
2227 4421 2271 4494 in

262 4503 363 4569 eedat
383 4499 499 4578 locum
522 4507 652 4564 aortae.
700 4492 839 4566 Rursus
860 4505 978 4565 autem
999 4497 1045 4564 ad
1059 4495 1237 4566 sinistram
1289 4494 1433 4566 cerebro
1447 4505 1482 4566 et
1499 4494 1539 4564 in
1551 4499 1678 4585 corde,
1702 4513 1737 4571 et
1750 4503 1841 4572 varii
1856 4523 1940 4579 sunt
1953 4515 2069 4586 aestus
2087 4532 2123 4590 et
2137 4515 2270 4615 Euripi

260 4599 472 4682 reflectitur,
497 4617 577 4668 cum
599 4595 673 4663 fere
694 4593 836 4665 accessit
856 4596 901 4690 ad
927 4590 1173 4686 diaphragma,
1197 4610 1238 4670 nt
1286 4593 1489 4698 adfectuum
1503 4597 1543 4668 in
1559 4602 1677 4685 corde,
1702 4605 1797 4694 quod
1812 4623 1998 4682 oneratum
2012 4628 2064 4688 est
2076 4617 2270 4694 immodico

260 4703 358 4770 cedat
382 4699 500 4769 locum
522 4717 632 4765 venae
651 4715 766 4765 cavae.
815 4693 869 4766 Ita
891 4695 989 4766 velut
1011 4718 1132 4768 servus
1156 4698 1236 4767 offi-
1287 4697 1367 4768 cibo
1383 4710 1418 4769 et
1433 4711 1531 4790 potu.
1582 4698 1703 4788 Quare
1717 4703 1885 4795 scriptum
1900 4723 1968 4782 est:
1993 4713 2204 4794 Sitiasohrii
2218 4724 2268 4794 ad

258 4799 351 4869 ciose
368 4801 459 4869 redit
474 4794 731 4892 praestantibus
745 4795 924 4867 membris.
974 4794 1046 4867 Sed
1060 4798 1237 4872 anfractus
1285 4797 1536 4890 precationem.
1585 4798 1750 4894 Denique
1767 4805 1817 4875 sic
1832 4808 2026 4885 vivendum
2043 4833 2113 4908 est,
2137 4839 2178 4894 nt
2195 4845 2268 4894 no-

241 4900 313 4968 'illi
330 4909 496 4992 prosunt,
521 4911 561 4969 nt
578 4894 646 4969 hoc
659 4895 858 4967 membrum
872 4896 1039 4981 fulciant,
1060 4911 1094 4971 et
1109 4917 1236 4974 nervos
1286 4909 1357 4970 atra
1368 4921 1515 4990 corpora
1531 4900 1602 4972 sint
1617 4902 1796 4975 domicilia
1813 4919 1847 4978 et
1862 4915 1991 5006 templa
2007 4913 2093 5006 Dei,
2118 4937 2153 4995 et
2165 4948 2268 4996 cere-

253 5000 451 5092 exripiant,
475 5001 561 5070 item
576 5023 621 5068 ne
637 4996 850 5089 impediatur
864 4999 1072 5086 deglutiens.
1121 4999 1235 5072 Diffe-
1285 5001 1410 5084 brum,
1435 5021 1515 5085 cor,
1537 4999 1681 5092 lingua,
1704 5018 1740 5075 et
1761 5007 1881 5081 omnia
1906 5015 1979 5086 sint
1992 5031 2124 5108 organa
2137 5023 2206 5100 Dei
2224 5027 2266 5098 in

238 5113 339 5174 'runt
360 5106 396 5171 et
416 5100 632 5186 substantia,
656 5123 738 5196 nam
759 5093 900 5170 trachea
922 5113 974 5172 est
994 5124 1035 5170 ex
1058 5102 1234 5191 cartilagi-
1284 5100 1398 5175 nobis.
1429 5097 1526 5172 Haec
1540 5103 1724 5193 cogitanda
1740 5121 1835 5196 sunt,
1861 5135 1941 5184 cum
1956 5116 2265 5200 intuemurfabri·

237 5203 443 5286 ·nfbna,'nt
458 5202 504 5272 ait
518 5197 814 5285 amiseramus,
839 5224 904 5270 nec
919 5212 994 5272 toto
1008 5222 1071 5271 suo
1087 5223 1234 5292 corpore
1283 5199 1456 5272 cntionem
1472 5203 1630 5294 eorporis
1645 5207 1776 5291 nostri,
1809 5221 1845 5283 et
1866 5214 2029 5289 ordinem
2051 5239 2200 5298 natum
2221 5230 2263 5298 in

251 5315 373 5388 coeat,
398 5305 460 5373 aed
480 5315 644 5372 maneant
664 5315 816 5387 meatus,
842 5315 881 5373 ut
902 5325 976 5370 non
995 5302 1234 5392 impediantur
1282 5305 1412 5404 tuenda
1434 5302 1637 5376 valetudine
1658 5311 1902 5383 necessarium.
1953 5314 2008 5390 Ac
2029 5338 2174 5417 propter
2198 5324 2262 5401 ha,

249 5407 342 5480 aiiris
362 5405 537 5492 influxus,
569 5415 604 5474 et
627 5398 803 5476 belitunro
827 5403 1050 5476 fumosorum
1073 5403 1233 5480 effluxae.
1281 5403 1503 5497 gravissimas
1516 5429 1656 5496 musas,
1679 5424 1823 5504 propter
1838 5425 1994 5491 nostram
2003 5423 2262 5518 valetudinem,
