4604 5804
65 313 129 393 tta
535 409 537 412 Ι
730 309 761 388 1.
799 303 1094 390 CHRONlCON
1118 301 1370 430 catatotttss
1989 321 2066 412 726

26 516 28 524 ·
61 490 181 564 tunde
195 503 317 564 nostro
337 489 465 578 exitio,
479 501 546 566 etc.
595 485 690 562 Huic
705 504 914 582 argumento
929 491 1031 561 nulla
1078 511 1152 560 esse
1182 487 1314 582 in'quit.
1369 479 1424 558 Αε
1457 485 1566 560 verbo
1589 487 1681 587 'qai
1687 485 1852 562 ascend
1858 488 1872 561 i
1902 487 2062 567 horribi-
2109 549 2111 558 .

62 605 206 665 creatura
231 595 446 686 respondere
474 606 603 688 posset.
662 588 733 663 Sed
759 593 854 662 lilius
873 589 943 663 Dei
971 617 1029 664 re·
1078 590 1123 662 lis
1137 591 1307 662 securitas
1322 590 1460 690 generis
1482 583 1632 661 humaui
1653 605 1768 668 taxata
1785 608 1852 682 est,
1877 618 1965 690 quae
1979 622 2061 670 coe-

60 695 274 788 sponsionem
294 695 469 781 ostendit,
502 695 563 789 qui
586 693 767 764 Minorem
789 695 838 766 sic
862 692 1028 785 explicat:
1078 716 1119 764 ca
1141 706 1177 765 et
1195 692 1317 762 furens
1339 691 1535 766 contemnit
1553 692 1644 766 iram
1660 691 1747 780 Dei,
1773 698 1886 770 donee
1902 701 2060 773 sentiun-
2153 763 2156 772 .

60 793 190 868 lustitia
205 797 277 866 Dei
293 811 363 881 est,
376 809 420 868 ut
431 796 677 868 inobedientes
690 809 852 889 pereant:
877 793 958 867 Nisi
972 819 1030 867 sa-
1079 806 1139 866 tur
1163 816 1308 887 poenae.

59 897 324 968 tisliatiusticiae
338 899 410 969 Dei
429 921 543 990 poena
564 899 785 989 deprecantis
806 897 950 989 dliipro
970 914 1040 987 ge·'
1180 894 1305 967 Postea
1326 909 1518 968 narramur
1536 923 1650 990 poena
1671 897 1780 988 Cain,
1813 916 1848 974 et
1867 903 2060 1000 series'po-
2184 989 2188 996 ¹

59 1023 132 1069 nere
151 993 327 1084 humano,
355 1014 388 1072 ει
410 999 449 1070 in
471 1025 545 1072 sese
566 1000 656 1070 iram
672 999 906 1070 inenarrabili
923 1001 1031 1072 mise-
1078 996 1246 1068 steritatis
1262 997 1393 1088 ipsius,
1418 1013 1453 1070 et
1476 1001 1606 1070 artium
1626 1005 1799 1078 inventio.
1849 1005 1994 1078 Necesse
2006 1023 2060 1084 est

59 1101 198 1172 ricordia
219 1102 425 1190 derivautis.
484 1101 627 1176 Prolata
656 1101 766 1191 igitur
795 1102 1032 1193 promissione
1080 1111 1115 1170 et
1135 1098 1223 1169 anni
1246 1100 1421 1170 rationem
1445 1102 1563 1172 statim
1581 1104 1686 1176 initio
1702 1107 1877 1196 cognitam
1893 1124 1927 1181 et
1949 1112 2061 1181 tradi-

59 1225 168 1274 mrsus
188 1199 347 1276 Ecclesia
374 1205 516 1278 condita
539 1217 608 1290 est,
640 1227 682 1274 ac
705 1204 872 1295 deinceps
893 1226 1032 1297 semper
1079 1213 1152 1274 tam
1167 1223 1260 1288 esse,
1285 1203 1368 1295 quia
1386 1203 1492 1273 series
1509 1229 1684 1276 annorum
1699 1209 1784 1279 inde
1803 1235 1912 1304 usque
1925 1213 1971 1284 ab
1992 1212 2062 1282 iui-

60 1299 154 1376 buius
166 1295 413 1397 promissionis
426 1307 587 1380 doctrina
603 1305 672 1377 fuit
683 1301 861 1376 Ecclesiae
874 1306 1032 1398 propria,
1079 1302 1130 1373 tio
1143 1303 1281 1392 generis
1299 1299 1448 1374 humani
1472 1305 1509 1374 in
1525 1308 1632 1378 sacris
1650 1309 1751 1381 libris
1770 1312 1959 1402 diligenter
1974 1315 2062 1384 reci-

61 1419 89 1478 et
107 1430 179 1480 eam
204 1410 251 1479 ab
272 1408 355 1480 aliis
375 1409 553 1494 coetibus,
579 1406 642 1502 qui
665 1431 702 1478 se
724 1420 846 1500 postea
863 1429 885 1478 a
904 1407 1031 1499 primis
1080 1417 1151 1476 tata
1172 1419 1237 1479 est.
1286 1401 1334 1476 Et
1356 1421 1476 1497 postea
1497 1408 1536 1478 in
1554 1412 1757 1482 narratione
1778 1414 1907 1484 diluvii
1927 1439 2064 1488 menses

58 1509 249 1600 parentibus
263 1511 510 1598 seiunxerunt,
535 1509 707 1583 distinxit.
1079 1520 1324 1581 numerantur.
1372 1506 1438 1581 Est
1461 1524 1578 1582 autem
1599 1536 1723 1601 magna
1741 1537 1821 1606 pars
1838 1516 2005 1590 scientiae
2020 1519 2066 1589 de

145 1609 232 1692 Vll.
254 1611 416 1705 Septimo
433 1614 626 1685 recitantur
640 1633 764 1684 causae
779 1611 1031 1688 calamitatum.
1080 1609 1236 1679 motibus
1268 1620 1464 1696 astrorum,
1496 1613 1586 1682 scire
1613 1629 1732 1686 motus
1754 1615 1848 1686 Solis
1873 1632 1907 1691 et
1931 1619 2065 1694 Lunae.

35 1781 39 1786 ,
62 1707 186 1781 Poenae
207 1729 293 1786 sunt
315 1715 423 1806 primi
442 1714 579 1806 lapsus,
606 1737 720 1795 mors,
747 1736 939 1785 aerumnae
960 1710 1031 1783 Ec·
1081 1707 1202 1798 Quare
1223 1711 1404 1782 latendum
1429 1726 1495 1799 est,
1530 1729 1565 1786 et
1585 1709 1693 1787 huius
1713 1719 1895 1790 doetrinae
1919 1723 2024 1794 initia
2044 1746 2067 1794 a

62 1810 188 1898 clasiae,
221 1812 444 1888 tristissimae
471 1817 622 1888 insidiae
654 1815 900 1901 diabolorum,
936 1815 1032 1888 iuxta
1080 1811 1206 1904 primis
1228 1815 1433 1908 parentibus
1456 1817 1584 1887 tradita
1615 1841 1701 1891 esse.
1751 1816 1801 1892 Et
1833 1821 1913 1894 cum
1946 1820 2066 1896 Adam

62 1911 196 1984 dictum:
237 1909 416 1988 Ponam
452 1915 744 1988 inimicicias
778 1913 901 1987 inter
931 1938 1033 1988 ser·
1080 1928 1163 1984 ante
1181 1913 1321 2007 lapsum
1346 1918 1519 2008 aspiciens
1535 1931 1648 1992 totum
1675 1923 1765 1992 coeli
1782 1937 1818 1995 et
1832 1937 1945 1997 terrae
1961 1923 2065 2018 opifi-

61 2022 216 2106 perstem
247 2026 449 2089 etsemsss
476 2017 707 2090 mulieris.
766 2017 886 2090 Simul
914 2032 1032 2092 autem
1081 2015 1196 2102 cium,
1224 2017 1336 2088 multa
1360 2019 1590 2106 intellexerit,
1629 2047 1720 2115 quae
1749 2040 1867 2117 postea
1903 2023 2066 2099 homines

62 2115 259 2207 amplissima
288 2120 484 2192 consolatio
512 2120 693 2214 proposita
720 2133 773 2192 est
803 2122 849 2190 de
880 2122 1033 2210 gloriosa
1081 2117 1156 2188 acie
1168 2119 1299 2188 mentis
1318 2136 1502 2211 penetrare
1525 2147 1598 2192 non
1614 2139 1797 2214 poterant,
1823 2153 1898 2200 nou
1914 2129 2066 2200 dubium

62 2215 210 2304 victoria,
243 2244 317 2314 qua
342 2217 500 2295 Ecclesia
527 2225 808 2314 omnitempore
833 2223 1034 2295 servabitur
1082 2231 1144 2304 est,
1168 2243 1250 2290 eum
1264 2222 1399 2298 semina
1416 2225 1658 2294 doctrinarum
1674 2226 1813 2314 deDeo,
1839 2231 2067 2302 deeoelimo-

62 2317 167 2388 abillo
180 2318 357 2410 Domino,
383 2325 446 2419 qui
461 2340 636 2419 assumpta
651 2318 808 2394 humana
823 2338 950 2396 natura
966 2325 1034 2396 erit
1082 2321 1197 2405 tibus,
1222 2322 1314 2392 etde
1328 2325 1435 2396 rebus
1451 2327 1678 2398 nascentibus
1698 2331 1884 2402 tradidisse
1907 2335 2067 2425 posteris.

62 2437 165 2489 amen
186 2422 361 2509 mulieris.
411 2423 510 2498 Haec
530 2440 603 2499 tota
624 2426 786 2496 doctrina
800 2427 971 2517 paulatim
988 2427 1033 2496 il·
1182 2420 1415 2515 Longaevitas
1438 2427 1542 2498 etiam
1561 2441 1701 2518 patrum
1720 2432 1860 2522 signum
1876 2447 1945 2522 εει,
1970 2437 2069 2529 quod

62 2515 191 2594 lustrata
212 2538 285 2610 est,
317 2538 455 2599 utnon
479 2529 624 2614 dubito,
656 2527 845 2620 colloquiis
875 2527 941 2596 filii
964 2525 1032 2599 Dei
1082 2525 1259 2611 ostendit,
1284 2529 1482 2599 doctrinam
1498 2531 1544 2600 ab
1559 2531 1609 2600 eis
1624 2546 1850 2622 propagatam
1864 2560 1947 2610 esse.
1981 2536 2068 2608 ldeo

64 2641 129 2690 cum
143 2626 366 2715 parentibus,
387 2628 476 2701 sicut
491 2624 667 2710 lohannes
681 2630 815 2722 inquit:
842 2627 957 2700 Filius
971 2631 1034 2723 qui
1083 2627 1180 2696 enim
1205 2627 1313 2717 longa
1326 2627 1429 2702 ‘vitae
1450 2632 1565 2723 spacia
1581 2633 1703 2703 multis
1723 2658 1883 2706 concessa
1900 2651 2003 2723 sunt,
2028 2652 2069 2711 ut

63 2723 158 2794 estin
179 2727 262 2797 sinu
284 2728 411 2818 patris,
436 2731 513 2822 ipse
531 2731 709 2802 enarravit
731 2729 847 2800 nobis.
896 2727 947 2800 Et
960 2731 1034 2824 ipse
1082 2742 1197 2800 essent
1213 2742 1317 2802 testes
1341 2732 1385 2802 de
1399 2735 1580 2805 coutinuis
1600 2737 1895 2827 patefactionibus
1909 2736 1998 2830 Dei,
2023 2741 2069 2812 de

63 2822 213 2910 affirmat,
239 2853 278 2898 se
303 2830 408 2900 initio
420 2832 587 2905 locutum
606 2856 680 2904 esse
695 2832 734 2902 in
749 2827 927 2917 Ecclesia,
954 2857 1032 2904 cum
1082 2831 1216 2916 forma,
1243 2833 1449 2905 collectione
1466 2851 1500 2908 ει
1513 2837 1718 2908 defensione
1733 2834 1930 2929 Ecclesiae,
1955 2854 1991 2913 et
2013 2856 2069 2914 to-

63 2920 177 3018 inquit:
210 2925 282 3025 τὴν
306 2927 427 3027 ἀρχὴν
452 2929 508 3006 ὅτι
535 2931 599 3006 καὶ
625 2938 726 3006 λαλῶ
750 2927 862 3026 sipia:
916 2929 966 3004 Et
994 2936 1034 3005 iu
1083 2931 1154 3004 tius
1168 2933 1351 3005 doctrinae
1369 2936 1613 3014 illustratores.
2009 2987 2013 3000 »

63 3017 246 3114 Proverbiis
271 3029 491 3105 Salomonis:
522 3035 940 3130 Delectatiosapientiae
968 3037 1033 3106 filii
1185 3032 1293 3106 initio
1324 3049 1357 3106 et
1386 3038 1512 3127 figuras
1542 3041 1728 3114 literarum
1758 3041 1967 3134 excogitatas
1993 3069 2069 3118 esse

64 3145 129 3196 tum
149 3131 229 3203 filiis
252 3127 453 3213 hominum,
1083 3159 1223 3207 necesse
1245 3152 1307 3208 est.
1359 3137 1453 3228 Quia
1479 3155 1518 3213 ut
1538 3156 1679 3234 patrum
1703 3149 1809 3219 series
1828 3160 2070 3234 annotaretur,

149 3230 248 3310 Vlll.
290 3230 448 3324 Octavo,
473 3233 1032 3330 Paradisussignilicatetlocum
1083 3262 1172 3329 opus
1191 3241 1260 3312 luit
1284 3242 1408 3314 literis.
1462 3240 1511 3316 Et
1539 3246 1668 3318 citatur
1695 3245 1883 3342 prophetia
1903 3245 2070 3340 Henoch,

63 3336 158 3401 terrae
178 3335 384 3425 meliorem,
416 3354 450 3410 ει
472 3339 578 3408 talem
604 3334 793 3410 hominum
817 3355 968 3424 statum,
994 3343 1033 3410 in
1083 3362 1189 3432 quarn
1206 3343 1371 3432 scriptam
1388 3359 1751 3422 esse'consentaneum
1770 3366 1831 3424 est.

63 3449 122 3518 quo
134 3435 206 3508 sine
223 3453 366 3532 peccato
383 3453 418 3512 et
433 3439 510 3511 sine
525 3452 638 3512 morte
659 3442 838 3516 vixissent.
888 3439 1032 3514 Etcum
1183 3437 1236 3512 Ac
1259 3445 1430 3514 memoria
1455 3448 1602 3536 dignum
1630 3464 1700 3536 est,
1724 3457 1821 3546 quod
1836 3469 1970 3527 veteres
1987 3455 2070 3548 qui-

63 3542 394 3618 quatuorlluminum
405 3544 520 3613 fontes
534 3542 571 3612 in
583 3545 747 3635 paradiso
760 3544 906 3628 suerint,
921 3545 1033 3634 signi·-
1084 3541 1166 3611 dam
1180 3554 1339 3636 tempora
1354 3549 1481 3616 mundi
1498 3549 1547 3618 sic
1565 3551 1833 3630 distribuerunt.
1881 3553 1982 3627 Utin
2001 3553 2070 3625 ho-

63 3627 184 3708 ficatum
205 3655 278 3728 est,
311 3643 410 3714 illam
433 3644 617 3715 meliorem
633 3657 768 3737 partem
784 3659 898 3717 terrae
915 3642 1032 3717 homi·
1084 3644 1181 3714 mine
1198 3646 1402 3738 praecipuae
1419 3649 1511 3719 vires
1526 3665 1609 3724 sunt
1631 3647 1855 3749 ἡγεμονικὸν
1863 3706 1876 3750 ,
1902 3653 2070 3750 θυμικὸν

62 3749 114 3800 nes
128 3735 228 3814 luisse
245 3739 484 3831 habitaturos,
509 3747 572 3840 qui
592 3749 760 3838 irrigatur
773 3745 824 3820 'ab
838 3744 1033 3840 Euphrate,
1085 3759 1119 3817 et
1152 3743 1440 3840 ἐπιθυμητικὸν,
1465 3751 1514 3822 ita
1530 3753 1654 3824 dicunt
1672 3755 1775 3828 initio
1794 3758 1831 3828 in
1859 3783 1984 3850 genere
2001 3756 2072 3830 hu-

65 3824 210 3929 Tt'gride,
239 3843 366 3936 Gange
390 3861 424 3919 et
447 3848 542 3922 Nilo.
595 3847 636 3920 ld
659 3851 817 3941 spacium
841 3873 1032 3942 propemo·
1083 3870 1191 3918 mano
1208 3852 1394 3940 praecipue
1407 3875 1567 3942 regnasse
1577 3850 1812 3954 ἡγεμονικὸν,
1833 3862 1869 3931 id
1879 3875 1943 3946 est,
1956 3864 2071 3948 excel-

63 3929 195 4015 domest
212 3949 316 4020 tertia
332 3972 413 4039 pars
434 3951 543 4021 totius
559 3953 657 4023 orbis
680 3965 803 4024 terrae.
1083 3950 1193 4019 luisse
1208 3951 1415 4041 sapientiam
1439 3981 1522 4026 cum
1537 3972 1629 4030 artes
1646 3960 1811 4034 inventae
1829 3977 1932 4048 sunt,
1957 3978 1990 4035 et
2005 3987 2070 4054 gu-

146 4040 237 4119 Eiici
259 4063 377 4120 antem
400 4073 441 4119 ex
460 4049 631 4124 Paradiso
651 4069 722 4142 est,
748 4056 1031 4127 exillomeliore
1083 4052 1247 4123 bernatio
1283 4051 1399 4127 adhuc
1430 4073 1575 4146 paterna
1612 4061 1700 4150 luit,
1734 4065 1842 4157 plena
1869 4065 2072 4156 sapientiae,

62 4144 136 4208 statu
151 4148 247 4236 eiici,
274 4164 308 4222 et
322 4146 621 4244 quidemitabere
635 4158 756 4229 omnia
772 4159 1032 4244 elementamis
1082 4152 1245 4224 iusticias
1268 4169 1304 4228 et
1326 4162 1535 4234 autoritatis.

60 4253 116 4352 ¹¹⁰}
133 4244 277 4324 foelicia.
330 4250 455 4346 Fuisse
477 4268 597 4326 autem
612 4261 730 4329 sedem
750 4262 945 4352 primorum
963 4256 1032 4330 ho·
1184 4255 1349 4330 Secunda
1366 4273 1460 4330 aetas
1483 4261 1735 4361 ιυὶιθυμικὴ,
1762 4267 1800 4337 in
1817 4292 1887 4362 qua
1906 4269 2072 4342 excelluit

61 4352 179 4415 mulum
208 4353 248 4422 in
278 4353 423 4443 regione
443 4355 559 4430 vicina
583 4357 756 4432 Damasco
780 4385 856 4432 non
880 4361 1030 4432 dubium
1079 4357 1311 4446 ‚fortitudoin
1326 4363 1449 4443 bellis,
1476 4365 1993 4458 etimperiaconstitutasuut.
2027 4368 2071 4441 ln

62 4449 111 4509 ιιι
148 4445 264 4537 Quare
280 4466 315 4525 et
327 4455 379 4526 ibi
397 4459 561 4530 conditos
578 4482 651 4531 esse
667 4465 864 4536 credamus.
904 4460 1030 4534 Postea
1082 4454 1148 4532 hac
1178 4474 1289 4534 aetate
1310 4465 1524 4554 conspicetur
1551 4483 1705 4562 quatuor
1734 4469 1980 4554 monarchias,
2010 4473 2072 4558 sic,

62 4533 253 4624 describitur
275 4559 458 4644 generatio
482 4561 618 4653 primae
642 4564 795 4646 sobolis,
821 4577 856 4635 et
871 4565 1031 4635 ostendi·
1081 4576 1122 4632 ut
1137 4561 1281 4636 initium
1297 4565 1343 4636 sit
1357 4587 1377 4636 a
1393 4565 1580 4656 Nimrotb,
1606 4595 1719 4667 usque
1736 4575 1781 4645 ad
1797 4572 1930 4646 lulium
1944 4573 2072 4648 Caesa·

62 4645 124 4725 tur,
147 4657 257 4742 qualis
279 4659 388 4734 fuerit
410 4663 527 4753 prima
547 4659 721 4751 Ecclesia,
745 4680 783 4741 et
803 4689 894 4759 quae
909 4677 1030 4744 'certar
1082 4687 1176 4747 rem,
1198 4680 1277 4757 post
1291 4690 1396 4759 quem
1412 4684 1529 4743 secuta
1543 4687 1595 4745 est
1610 4691 1772 4748 senectus
1789 4671 1976 4749 bominum
1991 4677 2073 4750 lau-

62 4737 144 4864 missa
172 4758 287 4830 statim
324 4761 418 4832 inter
450 4765 576 4837 iratres
612 4782 734 4841 exorta
759 4767 842 4840 siut.
900 4765 951 4840 Ae
976 4769 1029 4841 ibi
1080 4766 1187 4856 guida
1204 4769 1369 4842 etdedita
1388 4771 1655 4864 voluptatibus:
1698 4775 1742 4848 ln
1765 4772 1832 4848 bac
1855 4793 1979 4868 regnat
1995 4779 2072 4854 ists-

62 4855 235 4930 oonuoues.
250 4861 336 4953 legis
361 4866 575 4951 recitantur,
600 4883 635 4940 et
658 4865 910 4956 sanciturlex,
939 4894 1030 4964 quae
1079 4863 1308 4964 θυμητικὸν.
1366 4869 1574 4948 Etsienim
1603 4880 1702 4952 etin
1730 4891 1907 4971 postrema
1932 4897 2073 4954 senecta
2130 4935 2132 4940 ,

62 4939 207 5029 prohibet
228 4974 262 5032 et
284 4963 390 5055 punit
410 4960 623 5057 homicidia,
654 4985 690 5044 ει
713 4995 873 5063 expresse
896 4973 1030 5044 dicitur
1079 4971 1233 5042 multum
1260 4987 1312 5044 est
1332 4975 1529 5060 bellorum,
1554 4991 1674 5052 tamen
1697 5004 1772 5052 non
1798 4985 1934 5072 geritur
1950 5010 2006 5058 res
2021 4985 2072 5057 si-

63 5156 272 5247 acceptus.-
299 5167 365 5240 Sin
379 5169 515 5258 malus,
541 5189 723 5260 peccatum
738 5192 842 5252 tuum
860 5177 1029 5270 quiescet,
1078 5177 1141 5246 dui
1160 5189 1265 5262 sunt,
1299 5180 1430 5273 quibus
1450 5181 1541 5254 liunt
1570 5187 1806 5275 vastationes,
1839 5214 1915 5262 nou
1937 5189 2071 5264 consti·

65 5233 158 5322 donec
172 5268 394 5343 revelabitur.
432 5268 502 5344 Hic
517 5272 753 5364 significatum
768 5293 839 5368 est,
863 5279 1027 5355 futurum
1064 5291 1229 5350 ¹tuuntur
1243 5279 1309 5352 n'cc
1327 5295 1502 5362 ornantur
1519 5282 1680 5378 imperia.
1732 5287 1785 5362 lta
1802 5291 1975 5385 paulatim
1990 5292 2071 5372 lan·

66 5355 143 5436 “⁸²2
166 5375 205 5433 ut
224 5368 434 5465 aliquandiu
462 5373 676 5452 differantur
700 5405 848 5475 poenae.
899 5380 1027 5471 Quan-
1075 5381 1221 5471 mselieri
1255 5378 1423 5456 naturam
1454 5386 1734 5479 consideremus,
1782 5406 1818 5465 et
1860 5390 2072 5484 cogitemus,

66 5457 154 5527 ‘iiim
182 5481 295 5544 eutem
322 5471 554 5566 differantur,
575 5493 707 5572 ‚tamen
728 5497 824 5560 certo
849 5497 1027 5580 ¹venturas
1074 5484 1189 5569 mults
1204 5483 1347 5586 ¹deliria
1372 5486 1413 5561 in
1436 5481 1597 5568 Ecclesia
1621 5507 1658 5570 et
1689 5494 1855 5592 imperiis
1878 5508 2072 5594 aquatum

1276 5683 1399 5762 A

83 5060 256 5134 eventurn
280 5066 432 5139 iudicio:
464 5064 519 5140 Si
545 5067 693 5145 bonus
720 5072 903 5174 suetis,
936 5073 1029 5146 sris
1068 5072 1159 5143 'mili
1174 5074 1295 5164 vigore
1310 5079 1514 5150 animorum
1532 5095 1566 5153 ει
1582 5082 1718 5157 labore.
1771 5082 1965 5160 Tumultus
1984 5089 2071 5172 assi·
2191 5067 2197 5081 ’
