4604 5804
260 245 335 322 756
494 229 953 360 scripturatum.
980 229 1048 310 AD
1073 233 1203 313 HiST.
1229 235 1376 318 PROF.
1399 237 1687 336 Erannos,
1712 245 2034 335 SPECTANTIA.
2185 271 2241 348 tat

366 399 615 497 othoniel,
641 406 919 492 extribuluda,
944 421 1164 484 anuosocto.
1227 445 1231 448 ·
1297 409 1463 482 salutaris
1483 413 1618 504 fuerat,
1650 431 1768 493 tamen
1792 428 1946 518 populus
1964 433 2124 524 expetivit
2140 464 2242 514 „ovam

365 509 530 600 Essa,
549 507 916 595 extrihuBeniomin,
931 530 1046 578 annos
1060 510 1260 600 octogiuta.
1297 513 1565 604 gubernationis
1587 519 1749 594 formam.
1806 523 1913 600 Hunc
1943 549 2093 608 errorem
2120 552 2151 612 et
2174 537 2244 614 hanc

263 619 443 694 interiecit
462 614 580 707 Eglon
599 634 716 704 regem
728 607 858 696 Moab,
884 623 918 680 et
933 610 1128 700 profligatis
1142 610 1249 684 Moa—
1297 613 1527 706 cupiditatem
1542 623 1665 712 populi
1679 618 1776 695 Deus
1787 623 2029 719 reprehendit.

159 783 165 798 ,
263 724 349 797 bitis
366 718 693 794 trucidavitdecem
709 712 822 784 millia
834 707 1034 786 homiuum.
1399 716 1454 786 Ac
1482 717 1514 788 si
1531 723 1613 812 quis
1643 723 1853 818 interrogat:
1887 729 1995 820 Quod
2017 738 2118 809 fuerit
2147 746 2244 834 populi

368 818 610 894 Dchoract
625 810 803 901 Barac,
822 805 1164 906 extrihuNephtali,
1184 837 1249 884 an·
1298 828 1497 908 peccatum,
1530 843 1610 892 cura
1649 825 1810 898 videatur
1842 832 2019 922 sapienter
2047 840 2245 914 deliberatum
2277 869 2278 872 ¹

261 949 329 1000 nos
347 923 592 1018 quadraginta.
643 915 816 991 Viccrunt
838 913 1015 996 Sisaram,
1040 917 1167 986 ducem
1192 940 1249 985 rc-
1298 937 1390 1001 esse,
1415 931 1455 989 ut
1478 936 1593 994 certus
1619 925 1823 1001 durasset?
1865 933 2014 1026 simplex
2029 944 2246 1032 responsione

264 1032 319 1121 gis
334 1025 457 1110 labin,
482 1023 546 1116 qui
557 1018 674 1091 tenuit
689 1015 819 1102 Hazor,
842 1039 934 1107 quae
949 1029 1036 1088 tunc
1049 1012 1167 1088 adhuc
1181 1018 1249 1088 fuit
1298 1012 1398 1088 hacc:
1433 1014 1655 1114 Duomagna
1671 1044 1810 1120 peccata
1834 1037 1962 1122 taxari,
1987 1039 2247 1114 diffidentiamet

264 1129 363 1221 regia
379 1129 650 1198 Cananaeorum
666 1119 705 1188 in
721 1132 817 1189 sorte
832 1112 1012 1208 Nephtali.
1298 1118 1482 1190 audaciam
1503 1145 1617 1194 novae
1646 1129 1779 1201 formae
1808 1136 2089 1224 constituendae,
2119 1139 2246 1213 humano

369 1221 575 1308 Gadara,
598 1246 640 1292 ex
653 1220 750 1292 tribu
767 1217 944 1306 Manasse,
967 1219 1249 1312 annosquadra-
1298 1220 1469 1301 consilio,
1502 1223 1542 1294 in
1572 1227 1695 1317 politia
1729 1231 1904 1304 divinitus
1935 1241 2130 1311 constituta.
2181 1243 2248 1313 Vult

151 1352 154 1358 ·
264 1337 372 1428 ginta.
426 1327 523 1398 Vicit
535 1321 762 1396 Madianitas.
1298 1319 1395 1398 enim
1418 1319 1514 1394 Deus
1536 1325 1734 1418 intelligere
1753 1327 1969 1423 Ecclesiam,
1994 1341 2125 1432 protegi
2144 1355 2174 1412 et
2192 1365 2248 1412 ser-

369 1417 657 1504 abimalech,
682 1435 788 1494 uatus
810 1443 852 1490 ex
872 1420 1073 1491 concubina
1089 1417 1252 1505 Gedeon,
1299 1422 1378 1493 vari
1392 1445 1467 1492 earu
1483 1447 1504 1493 a
1519 1425 1615 1513 filio,
1639 1431 1703 1522 qui
1717 1445 1768 1502 est
1782 1449 1888 1524 caput
1898 1433 2092 1526 Ecclesiae,
2117 1467 2182 1511 non
2195 1439 2248 1512 hu·

260 1533 445 1608 ¹interfecit
470 1530 597 1600 fratres
626 1522 866 1616 septuaginta,
900 1535 936 1592 et
958 1524 1058 1594 velut
1079 1535 1251 1614 tyrannus
1298 1524 1414 1594 mauis
1435 1527 1631 1614 praesidiis.
1681 1529 1731 1604 Et
1755 1535 1833 1606 vult
1854 1559 1930 1607 cam
1955 1557 2130 1632 expectare
2150 1545 2248 1612 delen-

265 1635 429 1728 regnarit
450 1631 490 1701 in
511 1627 617 1701 Israel
643 1639 712 1696 tres
736 1645 869 1708 annos,
893 1637 929 1694 et
944 1624 1250 1695 interiectus-esta
1298 1624 1433 1695 sionem
1447 1625 1637 1716 divinitus,
1663 1632 1755 1706 sicut
1773 1651 2017 1726 expectaverat
2034 1643 2248 1714 liberationem

267 1740 343 1814 suis
362 1734 516 1805 civibus.
572 1729 691 1800 Tanta
706 1725 886 1796 calamitas
907 1725 1035 1796 accidit
1054 1724 1251 1816 posteritati
1299 1725 1338 1794 in
1359 1725 1538 1819 Aegypto,
1570 1731 1652 1822 plus
1678 1735 1855 1826 octoginta
1879 1742 1996 1813 annis.
2053 1741 2127 1814 Hac
2146 1745 2249 1814 fiducia

270 1836 471 1921 Gedeonis,
495 1855 601 1926 quem
619 1830 720 1898 Deus
741 1825 912 1914 singulari
932 1827 1039 1896 modo
1058 1841 1252 1911 vocaverat,
1300 1840 1385 1898 tunc
1419 1826 1575 1900 seniores
1609 1833 1746 1906 abiecta
1784 1838 1987 1927 cogitabant
2026 1846 2070 1914 de
2112 1839 2249 1914 humanis

266 1956 303 2015 et
333 1949 522 2010 ornaverat
551 1930 749 2002 illustribus
778 1927 937 1996 victoriis
965 1941 999 1998 et
1027 1927 1251 2006 testimoniis,
1300 1927 1496 2018 praesidiis.

267 2043 352 2137 quia
376 2040 450 2131 ipsc
479 2036 623 2106 tandem
647 2029 804 2101 instituit
826 2026 959 2098 cultum
986 2028 1063 2098 sine
1087 2030 1251 2098 mandato
1400 2021 1564 2100 Alterum
1587 2032 1754 2107 delictum
1775 2048 1844 2120 cst,
1874 2041 2022 2112 audacia
2044 2045 2248 2116 constituendi

266 2143 349 2217 Dei.
408 2135 456 2212 Et
483 2133 598 2204 voluit
621 2129 718 2200 Deus
745 2131 947 2214 ostendere,
979 2151 1016 2198 se
1047 2152 1122 2197 non
1150 2129 1253 2208 velle,
1302 2127 1596 2200 novamformam
1611 2133 1650 2200 in
1665 2135 1789 2224 politia
1807 2161 1827 2206 a
1843 2136 1918 2208 [leo
1940 2145 2137 2220 constituta.
2181 2145 2251 2215 Nan

270 2263 472 2339 quenquam
488 2256 661 2326 occupare
674 2230 952 2300 dominationem
967 2230 1095 2300 fiducia
1105 2230 1253 2318 generis,
1303 2228 1397 2300 Deus
1417 2254 1532 2324 neque
1552 2235 1767 2320 doctrinam,
1792 2260 1907 2331 neque
1929 2244 2046 2314 cultus
2055 2295 2068 2330 ,
2094 2271 2197 2340 neque
2213 2247 2251 2315 le·

271 2347 333 2418 sed
349 2341 570 2412 retinendam
587 2356 660 2404 esse
678 2329 964 2412 Aristocratiam,
990 2345 1025 2400 et
1046 2355 1066 2400 a
1087 2325 1173 2400 Dea
1193 2354 1252 2399 ex·
1301 2353 1390 2419 gem,
1416 2355 1521 2424 quam
1537 2333 1739 2418 tradiderat,
1760 2340 1890 2408 mutari
1905 2343 2030 2416 voluit.
2083 2346 2192 2434 Quare
2203 2370 2252 2414 nec

226 2483 228 2487 v
270 2443 480 2540 pectendum
497 2461 570 2508 esse
588 2431 893 2525 gubernationem.
1301 2433 1451 2500 formam
1466 2427 1609 2521 politiae
1625 2436 1754 2505 mutari
1771 2437 1921 2520 volebat,
1943 2446 2024 2536 qnia
2043 2449 2120 2517 talis
2132 2447 2251 2516 mutatio

372 2538 411 2614 T
416 2535 550 2620 hala,
584 2561 626 2607 ex
651 2535 748 2606 trihu
780 2528 956 2614 lsaschar,
995 2554 1107 2600 annos
1136 2533 1253 2622 vigin-
1301 2532 1407 2603 etiam
1432 2532 1545 2622 legem
1567 2548 1601 2604 et
1624 2535 1820 2606 doctrinam
1851 2539 2055 2630 labefactat,
2088 2547 2172 2617 sicut
2190 2547 2252 2614 vin-

268 2649 300 2721 ῑῑ
321 2669 391 2718 ⁸01,
766 2639 767 2644 ’
839 2723 842 2728 ¹
1302 2633 1379 2702 cula
1394 2633 1512 2722 legum
1528 2656 1629 2725 saepe
1650 2659 1747 2726 reges
1761 2660 1862 2727 aegre
1877 2642 2006 2716 ierunt.
2049 2645 2156 2717 Multi
2169 2647 2250 2718 etiam

289 2739 294 2749 ’
372 2740 499 2824 loir,
523 2765 566 2810 ex
585 2738 682 2811 tribu
703 2733 889 2814 Manassc,
914 2733 953 2818 in
975 2729 1133 2818 Galaad,
1164 2757 1253 2827 quac
1303 2733 1491 2805 iullectnut
1506 2735 1694 2826 religiones
1713 2739 1758 2806 ad
1776 2761 1856 2810 suas
1868 2741 2104 2834 cupiditates,
2128 2762 2164 2818 ut
2177 2767 2252 2836 reges

270 2851 368 2941 regin
398 2845 468 2918 luit
496 2844 590 2916 ultra
613 2838 821 2922 Iordanem,
857 2857 978 2904 versus
1008 2833 1187 2905 Libanum
1219 2849 1255 2906 et
1302 2832 1480 2904 Samariae
1501 2859 1636 2906 novum
1652 2837 1785 2908 cultum
1804 2843 1903 2930 regni
1918 2868 2020 2916 causa
2040 2849 2251 2919 instituebant.

270 2949 461 3031 Arabiam,
484 2957 605 3038 postea
630 2941 724 3010 dicta
747 2937 884 3020 iturea,
910 2937 1032 3014 idest,
1058 2937 1253 3027 scopulosa,
1302 2931 1374 3004 Nec
1386 2936 1513 3006 desunt
1529 2937 1686 3028 exempla
1701 2941 1827 3010 veteris
1842 2942 1946 3028 dicti,
1966 2947 2034 3018 ulli
2048 2951 2164 3022 aetati:
2187 2939 2253 3016 Pis

256 3053 370 3145 quod
384 3050 480 3120 idem
498 3041 645 3116 Graecis
659 3054 712 3111 est
729 3029 975 3132 Tasgaetium,
1000 3037 1038 3106 id
1055 3049 1125 3121 est,
1151 3059 1253 3128 aspe-
1303 3041 1381 3116 tas,
1408 3031 1619 3119 Sanctitas,
1643 3035 1767 3125 Fides,
1792 3042 1928 3132 privata
1940 3047 2038 3120 hona
2055 3065 2145 3124 sunt.
2192 3047 2253 3135 Qua

259 3175 323 3226 ra.
374 3146 661 3219 Praefuitannos
676 3138 804 3229 viginti
818 3139 921 3206 duos.
1109 3165 1116 3180 κ
1303 3133 1401 3204 iuvat
1416 3151 1620 3226 regeseant.

373 3244 400 3319 l
409 3239 559 3344 cpthe,
588 3265 629 3311 ex
652 3240 749 3312 tribu
765 3236 929 3308 Manasse
944 3234 982 3303 iu
998 3231 1158 3321 Galaad,
1187 3260 1252 3307 an·
1403 3233 1501 3308 Haec
1515 3238 1748 3311 consideratio
1772 3242 1817 3312 de
1830 3243 1967 3316 delictis
1983 3250 2109 3342 populi
2125 3269 2255 3319 commo-

270 3375 340 3426 nos
353 3372 430 3435 sex,
454 3343 642 3420 temerario
660 3354 745 3414 voto
766 3337 933 3410 mactavit
953 3337 1063 3406 liliam
1084 3351 1251 3430 tanquam
1303 3335 1433 3406 neiacit
1455 3360 1520 3408 nos
1544 3339 1587 3408 de
1609 3341 2036 3432 protectioneEcclesiae,
2063 3365 2098 3422 et
2116 3353 2157 3420 dc
2170 3347 2256 3438 impia

254 3453 433 3528 hostiam,
1302 3431 1513 3507 Pontificum
1528 3451 1562 3508 et
1575 3438 1727 3508 aliorum
1740 3443 1906 3530 audacia,
1929 3449 1991 3538 qui
2006 3473 2104 3520 nova
2119 3452 2256 3538 dogmata

373 3547 555 3622 Abcsan
580 3533 856 3614 bethlehemites
878 3559 920 3606 ex
939 3538 1038 3608 trihu
1056 3535 1162 3622 luda,
1187 3561 1251 3607 an·
1301 3548 1338 3607 et
1351 3559 1464 3608 novos
1479 3537 1593 3608 cultus
1606 3539 1839 3615 instituerunt
1858 3557 1919 3616 aut
1932 3550 2136 3637 stabiliunt,
2159 3549 2256 3620 relicta

269 3667 495 3747 nosseptem.
546 3645 705 3735 Quidam
722 3640 903 3723 scribunt,
927 3633 1023 3709 hunc
1040 3661 1114 3708 esse
1133 3633 1252 3726 Boas,
1301 3637 1454 3728 puritate
1469 3637 1604 3729 primae
1618 3635 1807 3716 Ecclesiae.
1859 3642 1967 3736 Item,
1990 3653 2057 3746 qui
2080 3665 2193 3724 contra
2208 3671 2256 3716 ro-

261 3771 407 3852 patrem
423 3748 526 3833 lsai,
549 3769 654 3817 avum
667 3741 827 3813 Davidis.
1302 3737 1473 3809 cationem
1490 3755 1634 3812 movent
1648 3739 1895 3833 Respublicas.

372 3851 414 3922 E
422 3849 518 3934 lon,
541 3869 583 3917 ex
595 3846 694 3917 tribu
708 3839 890 3924 Sabulon,
910 3861 1027 3910 anuos
1037 3838 1170 3910 decem.
1403 3833 1613 3912 Adsentitur
1628 3854 1744 3912 tamen
1758 3844 1872 3932 Deus,
1900 3863 1934 3920 et
1951 3873 2071 3941 regern
2087 3849 2256 3930 constituit,

373 3946 556 4034 Abdus,
580 3971 622 4018 er
637 3945 734 4016 tribu
746 3936 941 4032 Ephraim,
964 3963 1078 4011 annos
1095 3953 1185 4012 octo.
1301 3935 1361 4010 sed
1384 3940 1556 4030 praedicit
1577 3963 1684 4013 onera
1704 3947 1821 4034 regni:
1854 3945 1933 4022 Hoc
1955 3968 2007 4026 est
2030 3955 2087 4026 ius
2107 3954 2191 4042 regis
2205 3962 2255 4018 etc.

371 4052 588 4130 Samson,
613 4070 655 4118 ex
671 4045 769 4116 tribu
782 4044 886 4124 Dan,
911 4065 1025 4113 annos
1041 4041 1178 4130 viginti.
1301 4037 1371 4110 Hic
1383 4041 1507 4111 dicunt
1522 4042 1635 4136 aliqui
1649 4025 1799 4117 d'escribi
1820 4063 2031 4142 tyrannum,
2049 4079 2134 4126 non
2151 4071 2256 4142 regen,

373 4157 500 4228 Postea
527 4163 615 4222 nort
625 4146 859 4219 nominantur
878 4146 1002 4223 duces,
1033 4144 1094 4212 sed
1114 4141 1250 4233 praeci·
1302 4165 1366 4213 nec
1380 4142 1452 4212 dici
1468 4137 1554 4214 hacc
1570 4144 1637 4229 ita,
1662 4158 1829 4242 tanquam
1846 4153 2066 4242 approbante
2079 4154 2153 4226 Deo
2166 4151 2255 4242 servi-

271 4283 344 4356 pua
363 4254 535 4330 autoritas
560 4250 630 4330 luit
655 4246 787 4320 summi
801 4239 1076 4317 sacerdotisEl
1083 4241 1114 4332 i,
1148 4243 1249 4314 cuius
1300 4257 1422 4313 tutem.
1480 4242 1551 4315 Sed
1571 4259 1684 4317 textus
1706 4249 1867 4320 nominat
1894 4249 1966 4324 ius
1996 4256 2145 4352 regis,
2167 4254 2256 4324 etlo-

264 4363 341 4435 tm
357 4356 502 4430 infoelix
518 4353 651 4436 exitus,
672 4347 800 4420 amissa
815 4370 916 4430 arca,
945 4368 1051 4439 quaro
1069 4341 1168 4418 Deus
1181 4343 1250 4414 mi·
1299 4344 1423 4438 quitur
1436 4345 1481 4415 de
1496 4347 1681 4428 oneribus,
1703 4349 1960 4441 stipendiorum
1977 4381 2082 4428 causa
2098 4353 2256 4450 impositis,

265 4462 393 4536 randis
423 4458 541 4528 modis
571 4451 726 4524 restituit
751 4447 939 4534 israelitis,
967 4461 1008 4518 ut
1039 4447 1249 4530 ostenderet,
1299 4466 1374 4516 uon
1389 4445 1516 4518 tribuit
1532 4462 1740 4540 potestatem
1764 4453 1976 4526 instituendi
1999 4472 2185 4530 extremam
2199 4475 2255 4526 ser·

191 4623 196 4638 ,
266 4556 464 4639 &deciam
478 4579 577 4629 cnam
599 4571 674 4626 nou
696 4545 863 4622 humanis
882 4547 1041 4620 consiliis
1053 4559 1090 4620 et
1103 4547 1249 4633 viribus,
1298 4546 1447 4620 vitutem
1463 4564 1584 4621 contra
1601 4551 1712 4640 legem
1728 4550 1900 4630 divinam.
1938 4554 2035 4648 Quia
2053 4561 2255 4634 Dentemno-

268 4669 332 4739 sed
347 4662 471 4738 divina
483 4655 643 4752 potentia
660 4651 780 4743 colligi
795 4663 831 4723 et
847 4649 992 4723 serrari
1298 4648 1364 4718 mii
1383 4647 1441 4723 17.
1461 4666 1685 4742 praeceptum
1710 4666 1780 4738 est,
1805 4669 1847 4727 nt
1869 4677 1930 4728 rer
1953 4659 2068 4732 discat
2090 4661 2212 4752 legem,
2230 4665 2256 4723 et

371 4763 445 4836 Nec
468 4775 587 4833 tamen
615 4767 677 4828 aut
699 4751 876 4824 veteribus
904 4751 1073 4844 exemplis
1097 4761 1159 4821 aut
1180 4745 1249 4820 hnc
1298 4773 1375 4820 eam
1396 4765 1566 4846 sequatur
1587 4753 1626 4822 io
1650 4765 1723 4826 tota
1742 4755 2010 4844 gubernatione.
2062 4755 2112 4832 Et
2131 4757 2256 4853 punitur

269 4866 404 4938 recenti
424 4879 461 4937 et·
484 4859 621 4934 illustri
644 4853 816 4928 miraculo
845 4854 933 4926 moti
956 4866 1039 4925 sunt
1060 4851 1249 4936 israelitae,
1297 4845 1441 4942 Achab,
1465 4851 1548 4946 quia
1565 4853 1827 4926 distinctionem
1852 4859 2116 4947 dominiorum,
2142 4863 2177 4931 in
2197 4857 2255 4943 lege

269 4991 348 5064 quo*
361 4964 492 5037 minus·
509 4957 679 5036 humanis
702 4955 860 5030 consiliis
891 4967 1069 5028 mutarent
1097 4954 1249 5023 formam
1297 4952 1488 5038 sancitam,
1532 4953 1655 5025 tollere
1688 4955 1820 5037 valuit,
1865 4982 1946 5028 cum
1978 4959 2127 5034 Naboth
2163 4957 2254 5029 invito

173 5134 177 5147 .
268 5065 537 5164 gnberuationis
570 5057 701 5134 aDco
730 5056 941 5129 institutam.
1003 5053 1097 5126 Sunt
1130 5066 1248 5124 autem
1297 5066 1481 5145 erepturus
1503 5067 1578 5125 erat
1596 5053 1756 5127 vineam.
1798 5055 2013 5152 Quanquam
2029 5078 2148 5134 autem
2164 5077 2196 5132 et
2211 5061 2256 5126 in·

268 5170 357 5245 anni
371 5163 432 5240 Eli
446 5165 617 5259 usquead
632 5163 871 5232 eiusmortcm
887 5155 1131 5251 quadraginta.
1296 5153 1438 5226 tardum
1457 5154 1553 5226 mitis
1574 5167 1609 5226 et
1630 5157 1801 5226 salutaris
1817 5171 1868 5230 est
1883 5159 1997 5233 souma
2015 5166 2135 5252 regni,
2159 5177 2255 5233 tanen

369 5260 561 5342 Samuel
601 5275 637 5332 et
666 5256 789 5332 Saul
796 5311 806 5346 ,
851 5280 965 5330 annos
1003 5253 1248 5351 quadraginta.
1297 5254 1458 5345 asperior
1484 5269 1554 5340 est,
1591 5279 1696 5350 qnam
1724 5253 1966 5334 Attenuatis.
2024 5259 2077 5338 Et
2107 5261 2256 5358 pandis

268 5373 484 5466 Quanquam
510 5377 628 5438 sutem
650 5361 825 5434 Samuelis
850 5357 1064 5452 gubernatio·
1082 5355 1191 5429 foelix
1215 5367 1249 5426 et
1296 5378 1424 5452 magna
1439 5355 1785 5447 potentiamodcrati
1800 5373 1905 5436 suot·
