4606 5822
214 277 291 376 aaa
362 313 364 328 =
481 277 484 284 ⁴
699 257 704 270 “
857 314 884 345 .·
950 230 1603 357 ‘rtrs'eura⁴r101sstt.,v
1884 259 1886 266 ’
2154 287 2213 364 450

324 458 388 540 81.
416 453 539 558 Neque
560 466 680 532 tamon
701 448 838 528 nuent
859 457 1213 532 tantnm'mtrcedem
1297 491 1300 496 ,
1369 450 1429 524 10.
1456 441 1508 522 Et
1537 443 1625 522 haec
1646 391 1854 526 iustificatlo·
1874 451 2223 550 tradituriollraogc·

223 578 306 662 poet
328 557 421 632 hooc
440 559 572 643 viram,
597 557 667 636 ,sed
694 552 828 628 habam
850 554 1064 648 proeminet
1087 557 1127 628 to
1147 552 1215 630 hac
1265 551 1337 639 tto,
1359 551 1585 638 noscimus,
1606 556 1788 646 quomodo
1808 579 1892 626 cum
1904 553 1982 628 Deo
2003 579 2101 648 agere
2119 559 2224 630 debu·

210 668 318 752 xuita,
348 663 445 734 torta
469 661 581 733 illud:
604 655 756 736 Honora
778 668 914 750 patrem
938 670 973 730 et
991 671 1161 741 matrem,
1184 658 1216 728 si
1264 676 1366 740 mus,
1391 652 1613 726 videlicetut
1633 677 1771 748 semper
1790 653 2094 749 apprehendamus
2107 659 2224 730 miseri·

226 770 282 844 vit
297 763 581 851 esselougaevus
596 784 703 853 super
719 774 860 832 terram.
1003 794 1005 798 ·
1086 815 1088 818 .
1266 755 1439 828 cordiam.
1491 751 1584 844 Quis
1598 767 1716 828 autem
1732 758 1820 829 adeo
1835 760 2066 845 demeosest,
2091 759 2147 854 qui
2166 783 2225 830 non

331 865 394 944 89.
426 863 523 937 Hinc
545 863 729 934 evidenter
744 873 911 954 apparet,
935 863 1033 958 qnod
1053 858 1218 954 Evange-
1266 857 1397 949 cogitet
1411 854 1481 926 sihi
1498 856 1741 935 misericordia
1758 882 1876 930 coram
1889 856 1974 930 Deo
1991 883 2079 954 opus
2094 861 2180 932 esse?

229 973 318 1044 lium
334 991 411 1039 nou
426 967 547 1037 abolet
562 966 687 1054 legem.
1362 957 1434 1049 511.
1471 953 1552 1030 Hoc
1575 957 1724 1032 tautum
1740 977 1917 1055 quaerunt
1932 961 2157 1035 consuendae
2168 985 2226 1032 non

333 1068 395 1154 40.
429 1066 557 1156 Legem
575 1067 699 1138 tollere
719 1087 761 1136 es
779 1060 969 1136 homiuum
989 1078 1138 1150 natura,
1168 1079 1220 1138 est
1267 1061 1457 1142 vecordes,
1503 1074 1626 1134 utrum
1651 1061 1715 1134 illa
1732 1063 1978 1138 misericordia
1998 1064 2046 1138 sit
2067 1075 2170 1149 certa,
2202 1075 2228 1132 ct
2264 1105 2265 1112 κ

164 1177 166 1182 ’
231 1177 342 1248 totain
357 1183 520 1242 naturam
535 1181 570 1239 et
587 1167 854 1238 universitatem
874 1189 994 1238 rerum
1020 1168 1221 1254 dissolvere,
1267 1161 1452 1256 quomodo
1467 1159 1515 1234 sit
1529 1177 1635 1236 cern,
1667 1161 1673 1173 ’
2264 1191 2265 1200 ¹

170 1319 175 1328 ·
229 1289 271 1346 ut
284 1276 316 1344 si
329 1273 409 1367 quis
420 1270 583 1341 ordinem
599 1268 801 1340 coelestium
816 1281 854 1340 et
866 1269 1019 1340 aliorum
1032 1290 1220 1362 corporum
1374 1264 1434 1338 12.
1462 1259 1776 1356 HicEvaugeliunr
1787 1268 1988 1353 decernor,
2011 1264 2229 1338 hancmiscri·
2264 1245 2265 1306 1

232 1376 450 1449 dissolveret.
1270 1364 1429 1436 cordiam
1456 1379 1588 1439 certam
1619 1389 1716 1452 esse,
1753 1382 1790 1440 et
1811 1371 1956 1464 quidem
1979 1369 2085 1462 gratis
2108 1379 2229 1458 propter
2264 1359 2265 1448 ἶ

336 1474 398 1548 41.
434 1469 514 1544 Etsi
546 1471 725 1544 subtiliter
748 1471 941 1560 cogitatum
964 1485 1018 1544 est
1038 1493 1058 1542 a
1078 1470 1221 1553 Stoicis,
1270 1462 1464 1566 Christum.
1653 1533 1656 1540 .

234 1582 307 1652 duo
339 1599 412 1648 esse
439 1576 552 1666 prima
585 1587 620 1645 et
652 1586 794 1644 actem
818 1564 992 1664 principia
1023 1565 1137 1672 λόγον
1158 1569 1223 1646 καὶ
1328 1613 1333 1622 -
1379 1569 1439 1640 18.
1466 1563 2043 1656 Ἠοοίςίῑιιιεεῑῆἀείωῐὶᾶεπί,
2067 1569 2229 1656 coningere
2264 1649 2265 1660 ἶ

234 1677 348 1773 iiior:
382 1676 518 1746 Tamen
544 1675 643 1744 nulla
667 1675 787 1746 afferri
808 1675 908 1744 firma
931 1674 1008 1746 eins
1029 1677 1222 1747 sententiae
1269 1669 1317 1741 ad
1346 1669 1447 1740 illam
1477 1667 1776 1756 misericordiam,
1813 1685 1848 1743 et
1880 1683 2052 1753 statuem
2086 1670 2175 1763 quod
2198 1666 2232 1734 sit

116 1859 119 1867 ⁴
234 1783 328 1852 ratio
350 1790 484 1873 potest,
518 1777 609 1846 sicut
631 1799 747 1868 neque
764 1769 966 1848 Aristotelis
986 1777 1140 1849 rationes
1160 1777 1223 1846 fir·
1272 1783 1378 1845 certa.
2264 1783 2265 1800 ¹

234 1905 313 1952 snae
338 1893 437 1964 scrut,
470 1878 601 1972 quibus
615 1883 766 1948 'conatur
782 1878 1009 1968 persuaderc‚
1041 1875 1222 1953 Mundum
1377 1871 1437 1952 14.
1468 1867 1692 1958 scholastici,
1715 1844 1936 1963 Campanus,
1961 1871 2113 1946 etmulti
2128 1865 2233 1961 passim

237 2006 310 2055 esse
325 1993 545 2053 aeternum„
1272 1985 1412 2057 errant,
1456 1970 1517 2042 llli
1552 1973 1657 2042 fidem
1689 1972 1896 2062 intelligunt
1921 1975 2027 2046 iidem
2059 1974 2232 2044 formatam.

1270 2071 1476 2166 1100000000
1492 2074 1596 2150 dicit:
1630 2072 1736 2144 iidem
1757 2073 1952 2163 significare
1972 2076 2079 2148 simul
2101 2074 2194 2144 idern
2209 2080 2234 2137 ct

107 2201 109 2208 ’
171 2279 174 2286 ,
236 2216 323 2312 (Χ.)
355 2217 468 2287 Atto
501 2209 773 2304 disputatio
803 2208 852 2282 de
884 2213 1097 2286 00010010οε
1133 2215 1224 2288 Solu
1272 2172 2037 2350 ⁰P‘mi5Affi'ffgvffiffilhffin‘*
2077 2276 2085 2294 ,
2136 2287 2234 2345 tum

269 2391 272 2403 ⁴
359 2313 438 2414 fide
463 2323 535 2390 Μ’
584 2314 1104 2404 (OPP'B'QT'IH'P'316')
1273 2373 1340 2448 hac
1355 2327 1630 2467 imaginatione,
1654 2377 1752 2468 quod
1768 2298 2138 2470 simmii'iiiiriiieui
2157 2373 2234 2443 illan

234 2468 370 2576 Neque
390 2480 563 2570 intelligi,
592 2501 707 2572 neque
729 2477 876 2550 delendi
897 2493 1013 2570 potest
1030 2475 1119 2552 haec
1141 2492 1242 2558 seu·'
1273 2479 1487 2563 novitatem,
1511 2502 1600 2571 quae
1618 2490 1670 2546 est
1683 2478 1787 2558 fides,
1810 2475 1922 2550 etalii
1937 2495 2056 2550 motus
2071 2480 2110 2548 in
2124 2476 2221 2546 corda

236 2584 363 2657 tentia:
390 2580 498 2672 Quod
511 2582 585 2652 sola
601 2583 688 2652 fides
703 2579 885 2665 iustificat,
908 2580 1033 2673 siquis
1050 2581 1244 2672 imagine-5
1378 2581 1438 2655 16.
1471 2575 1520 2650 Et
1534 2593 1653 2650 tamen
1667 2591 1873 2650 ueceneest
1890 2583 1998 2652 corda
2014 2577 2189 2660 renovari,
2211 2583 2234 2640 tl

236 2679 324 2768 tur,'
350 2684 430 2754 ideo
453 2684 522 2755 fide
544 2675 707 2752 homiues
727 2680 928 2766 iustificari,
968 2683 1052 2777 quia
1073 2684 1243 2778 fides'ia}
1273 2704 1387 2752 novos
1422 2695 1539 2754 motus
1569 2681 1640 2771 legi
1661 2676 1732 2750 Dei
1748 2681 2013 2754 consentientes
2032 2667 2184 2752 ¹assistere
2207 2675 2234 2741 in

97 2823 103 2830 ·
236 2786 341 2858 nubis
356 2786 403 2855 sit
418 2785 556 2854 novitas
572 2783 766 2877 quaedam,
791 2804 853 2850 seu
867 2805 958 2852 nova
973 2784 1136 2876 qualitas.
1241 2783 1451 2856 cordibus.

337 2890 374 2961 2.
408 2883 448 2958 si
464 2885 560 2956 enim
577 2896 723 2976 propter
737 2894 897 2960 nonnam
919 2886 1113 2958 novitatem
1138 2885 1222 2956 iusti
1377 2883 1436 2956 17.
1465 2881 1588 2978 Neque
1602 2896 1721 2956 tamen
1738 2899 1790 2958 est
1813 2887 2040 2976 iiagendm,
2061 2883 2153 2978 quod
2172 2899 2234 2970 pra
2264 2943 2265 2974 q

235 2986 576 3084 pronunciantem,
600 3009 677 3054 uon
690 2985 809 3056 solum
824 2999 969 3076 propter
982 2982 1074 3056 hauc
1087 3000 1221 3076 partem
1271 2979 1463 3076 pterhanc
1473 2986 1671 3056 novitatem
1686 2987 1772 3058 iusti
1793 2988 1925 3074 aimus,
1950 2989 2014 3058 sed
2037 3010 2101 3079 per
2122 2975 2235 3054 miseri·
2264 2975 2265 3014 ¹

235 3089 425 3172 novitatis,
450 3089 510 3156 sed
523 3085 636 3156 multo
652 3085 764 3173 magia
786 3097 933 3176 propter
953 3100 1063 3157 totam
1083 3089 1223 3160 novita-
1271 3086 1431 3158 cordiam
1447 3099 1593 3178 propter
1607 3082 1802 3162 Christum.

235 3204 328 3276 tem,
346 3203 382 3260 et
396 3205 520 3258 omnes
534 3181 817 3288 motuslegi'Dei
835 3187 1113 3273 consentientes,
1138 3189 1222 3259 iusti
1377 3187 1436 3260 18.
1472 3185 1618 3258 Summa
1642 3183 1749 3262 1ιυίιο
1772 3188 1955 3260 doctrinae
1977 3205 2050 3277 est,
2081 3185 2172 3284 qood
2192 3203 2237 3274 per
2264 3185 2265 3270 l

235 3287 570 3384 pronuntiaremur.
596 3337 599 3344 -
1273 3287 1556 3363 misericordiam
1569 3289 1689 3376 {simus
1711 3290 1815 3377 iusti,
1838 3303 1874 3363 et
1896 3292 1995 3384 quod
2021 3285 2236 3363 misericordia
2264 3295 2265 3374 ᾗ

338 3391 375 3462 8.
409 3385 460 3462 Et
484 3387 702 3489 abiiciendae
722 3399 807 3468 sunt
826 3387 916 3462 istae
937 3389 1223 3480 imaginationes,
1272 3389 1320 3461 sit
1333 3402 1440 3464 certa.

237 3488 400 3564 homiues
436 3504 519 3562 ante
552 3489 855 3580 regenerationem
888 3514 964 3562 non
994 3516 1068 3562 esse
1100 3494 1224 3573 iustos,
1366 3494 1443 3564 ta:
1470 3487 1564 3578 Quis
1585 3502 1704 3560 autem
1725 3503 1800 3562 tam
1821 3493 1968 3564 deneas
1984 3511 2065 3581 eat,
2099 3493 2237 3587 quinon

237 3595 320 3688 quia
340 3594 501 3665 nondum
516 3587 649 3662 habent
663 3590 892 3661 munditiores
938 3590 1024 3662 Post
1040 3615 1225 3683 emanara—
1272 3590 1402 3683 cogitet
1417 3591 1486 3662 sibi
1506 3589 1749 3662 misericordia
1770 3617 1861 3684 opus
1879 3597 1978 3665 esse?
2012 3598 2094 3694 quis
2115 3609 2164 3666 cst
2184 3595 2265 3686 tant

236 3698 372 3766 tionem
386 3695 497 3768 iustos
512 3716 586 3764 esse
602 3705 748 3785 propter
764 3691 990 3781 munditiem,
1009 3717 1122 3788 quam
1137 3719 1225 3764 con·
1274 3716 1395 3766 vecors
1415 3707 1546 3765 utnon
1560 3705 1656 3784 optet
1670 3692 1948 3765 misericordiam
1961 3717 2096 3772 certam
2111 3694 2198 3765 esse?
2264 3695 2265 3778 l

235 3798 345 3868 secuti
361 3809 455 3868 sunt.
1375 3796 1440 3868 20.
1471 3791 1563 3866 Cum
1585 3796 1630 3864 de
1650 3788 1706 3864 his
1722 3795 1828 3865 rebus
1843 3811 2007 3888 oporteat
2028 3794 2238 3872 conscientias
2264 3831 2265 3848 ι

335 3894 372 3971 4.
401 3894 483 3966 Hae
497 3892 767 3983 imaginationes
778 3895 1140 3984 oppresseruntPauli
1155 3899 1225 3970 do-
1273 3897 1393 3966 doceri
1409 3908 1443 3967 et
1460 3893 1673 3980 confirmari,
1699 3918 1839 3967 necesse
1850 3912 1902 3970 est
1916 3902 2051 3991 doceri,
2074 3889 2169 3998 qood
2181 3893 2237 3968 sola
2264 3883 2265 3916 ¹

227 3998 404 4085 ctriuam,
443 4017 534 4089 quae
555 4008 675 4066 tamen
698 3995 756 4065 vel
779 3994 931 4068 maxime
952 3999 1148 4070 necessaria
1169 4014 1225 4073 ert
1272 3998 1341 4068 fide
1357 3995 1749 4087 iustiprouuuciemor.

234 4097 472 4173 conscientiis.
1373 4087 1434 4170 21.
1476 4093 1571 4185 Quia
1595 4097 1831 4170 conscientiae
1856 4103 1994 4174 nullam
2019 4118 2168 4198 possunt
2189 4095 2265 4168 to»

262 4283 266 4292 q
333 4199 371 4298 6.
402 4197 492 4272 Fide
508 4193 672 4269 homines
685 4196 887 4282 iustificari,
911 4208 963 4267 est
977 4190 1141 4271 homines
1160 4225 1225 4294 per
1271 4199 1356 4270 bere
1377 4211 1510 4270 certam
1531 4211 1568 4270 et
1584 4198 1723 4269 firmam
1736 4203 2039 4293 consolationem,
2062 4209 2134 4279 uisi
2148 4202 2240 4276 sciant
2264 4189 2265 4284 ζ

142 4323 144 4326 ·
234 4301 516 4404 misericordiam
532 4313 628 4372 certo
644 4301 757 4372 iustos
777 4299 1031 4392 pronunciari,
1055 4305 1163 4375 modo
1183 4318 1225 4377 ut
1272 4325 1338 4373 nos
1351 4325 1419 4394 ‚per
1433 4300 1715 4372 misericordiam
1731 4303 1842 4384 iustos
1857 4309 2113 4400 pronunciari,
2136 4320 2170 4378 et
2187 4291 2265 4372 ¹113·j

232 4405 271 4476 id
286 4408 443 4480 credant.
1271 4403 1500 4476 sericordiam
1515 4401 1616 4474 illum
1631 4417 1763 4476 certam
1778 4429 1863 4480 esse.
2148 4487 2152 4494 x
2264 4419 2265 4492 4

336 4507 372 4582 6.
411 4505 551 4578 Nomen
583 4502 667 4573 lidei
696 4500 869 4592 siguificat
895 4502 1103 4576 correlative
1130 4505 1222 4578 fidu-
1372 4507 1435 4578 22.
1469 4503 1653 4596 Significat
1673 4505 1782 4594 igitur
1794 4507 1935 4581 iusticia
1950 4534 2029 4583 non
2044 4513 2241 4610 qualitatem,

235 4609 322 4680 ciam
339 4609 474 4680 alienae
486 4606 559 4692 rai,
577 4604 713 4676 seilicet
726 4604 989 4676 misericordiae
1003 4602 1082 4676 Dei.
1270 4606 1330 4676 sed
1344 4606 1637 4697 acceptationem:
1664 4604 1782 4678 lurtus
1795 4633 1900 4696 enm,
1926 4614 1991 4706 qui
2011 4629 2175 4708 aceeptus
2193 4617 2240 4676 est·

333 4715 370 4786 7.
401 4705 497 4800 Ergo
519 4704 605 4778 haec
626 4704 843 4798 propositio,
869 4701 958 4774 Fide
981 4706 1221 4797 iustificamur,
1270 4703 1397 4777 Gratia
1414 4707 1694 4778 misericordiam
1715 4707 1755 4777 in
1776 4705 1873 4792 Deo,
1902 4734 1965 4784 reu
1985 4719 2175 4806 gratuitam
2195 4729 2240 4780 ac·
2264 4717 2265 4808 l

232 4807 272 4878 in
289 4832 352 4883 sua
365 4811 519 4904 simplici
537 4820 574 4881 et
593 4829 762 4898 gamana
784 4805 1061 4898 significatione,
1083 4824 1220 4884 estex.
1268 4808 1516 4900 captationem.
1573 4805 1796 4899 lustifioatio,
1828 4817 1988 4905 reputari
2010 4840 2076 4892 seu
2099 4831 2241 4914 pronun·
2264 4843 2265 4918 q

140 4999 148 5006 ,
231 4909 384 5000 elusiva,
406 4911 633 4984 etiamsinon
645 4908 797 4983 addatur
809 4907 1002 5000 particula,
1028 4907 1126 4986 Sola.
1267 4908 1354 4982 cieri
1369 4908 1512 4984 iustum.
1747 4989 1749 4994 ¹
1835 4941 1837 4944 ·
2264 4959 2265 4976 .

277 5057 283 5070 -
331 5016 367 5087 8.
400 5010 494 5104 Quia
508 5014 595 5083 fides
617 5024 671 5083 ast
689 5008 818 5082 fiducia
843 5008 981 5096 alianae
1004 5011 1074 5096 rei,
1099 5016 1218 5090 exclu-
1367 5011 1431 5085 28.
1463 5008 1596 5082 Paulus
1612 5034 1688 5082 non
1703 5025 1844 5086 tantum
1853 5020 2016 5096 excludit
2028 5016 2241 5096 ceremonia&

228 5114 318 5185 deus
347 5115 514 5188 fiduciam
544 5112 733 5186 cuiuslibet
757 5123 907 5188 nornen
940 5112 1123 5206 qualitatis
1155 5133 1218 5192 aut
1266 5132 1347 5185 cum
1364 5105 1521 5186 flelrthil
1545 5113 1716 5203 operibus
1737 5116 1826 5208 legia
1845 5118 2151 5211 iustificationem,
2174 5115 2242 5211 quia

227 5215 357 5314 operis,
1264 5213 1348 5289 illae
1361 5212 1621 5308 propositiones
1634 5239 1718 5288 aare
1733 5232 1820 5293 aunt
1827 5226 2148 5300 contradictoriae:
2168 5217 2241 5296 1111
2264 5267 2265 5274 1

205 5325 206 5334 ’
311 5317 360 5422 ’9.
391 5313 549 5390 Proinde
562 5315 774 5410 aimplieiter
788 5313 884 5386 idem
904 5313 1123 5410 significant:
1147 5321 1216 5396 lida
1262 5313 1527 5392 mimricordiae
1553 5315 1808 5412 duodiconis,
1858 5337 1893 5397 et
1926 5327 2100 5422 aperibo„
2117 5319 2243 5403 turcii·

225 5418 479 5510 iuatilicamur,
500 5431 552 5494 et:
578 5418 654 5493 sola
669 5416 997 5497 lideiuttilicamur.
1116 5459 1118 5466 ·
1263 5437 1397 5495 camur·
1816 5431 1817 5436 ‘
