4726 5828
262 233 313 310 aa
835 223 996 306 naen
1033 225 1111 304 na
1148 225 1391 308 uranon.
1423 151 1704 333 senuaar.
2230 249 2279 324 ss

266 431 408 503 quoque
421 415 619 496 gustaturos
633 423 706 470 esse
720 394 812 470 illud
828 399 990 472 divinum
1007 413 1137 472 nectar.
1176 401 1249 474 lta·
1295 417 1446 478 strantes
1459 406 1599 493 Deum,
1627 421 1664 480 et
1679 407 1918 486 discernentes
1937 408 2088 490 hortatu
2103 427 2139 488 et
2155 419 2284 512 turpia,

265 533 336 604 que
350 523 384 580 et
397 503 637 575 definitionem
660 501 817 572 iusticiae
832 515 1007 594 acceptam
1023 504 1186 575 alicunde
1205 529 1247 574 ex
1295 520 1331 576 et
1345 506 1385 577 in
1400 508 1569 578 cordibus
1584 509 1700 596 dolor,
1724 527 1888 584 executor
1901 517 2086 604 scelernm,
2112 531 2282 613 tauquam

266 609 488 680 sermonibus
508 629 583 674 non
607 605 830 673 indoctorum
854 595 1060 690 homiuum,
1089 606 1248 678 detorse·
1296 609 1450 678 carnifex
1466 631 1560 680 reum
1576 623 1739 682 naturam
1754 614 1952 691 destruens.
2003 616 2102 690 Haec
2116 642 2190 695 non
2210 640 2283 694 esse

266 725 352 782 runt
368 711 410 778 ad
428 702 492 776 has
509 728 589 776 suas
611 704 837 794 imposturas:
862 701 1004 773 Iusticia
1028 717 1078 773 est
1102 707 1249 776 societas
1296 731 1378 778 casu
1394 709 1441 778 ita
1457 723 1539 780 nata
1554 712 1780 782 manifestum
1800 727 1863 787 est.

267 835 347 883 cum
361 805 458 894 Deo,
486 829 566 876 cum
582 803 802 898 aequalitate.
852 802 1060 874 Societatem
1081 829 1161 875 cum
1170 804 1247 877 Deo
1396 806 1488 880 Cum
1513 809 1622 900 igitur
1640 812 1678 880 in
1700 813 1786 903 ipsis
1805 815 1944 905 legibus
1958 816 2073 890 Deum
2088 843 2284 906 cernamus,

266 909 591 1000 interpretabantur
610 929 682 976 esse
699 905 781 974 illos
802 901 970 990 adflatus,
994 917 1029 974 et
1053 908 1247 999 aequalita-
1296 923 1507 982 veneremur
1534 925 1712 998 autorem,¹
1757 927 1792 987 et
1820 918 1956 1007 legibus
1990 935 2137 1012 propter
2166 919 2283 992 Deum

266 1025 337 1082 tem
352 1011 481 1080 deinde
503 1005 766 1097 intelligebant,
791 1026 864 1073 non
885 1005 1083 1075 ordinatam
1099 1007 1174 1098 lege
1190 1007 1248 1077 di·
1296 1013 1540 1102 obtemperare
1572 1015 1786 1086 studeamus.
1853 1015 1994 1090 Deinde
2028 1035 2063 1093 et
2096 1045 2284 1114 precemur

266 1112 350 1180 uiua
372 1110 639 1202 aequalitatem,
662 1109 721 1176 sed
742 1105 966 1174 confusiones
987 1106 1247 1196 coniugiorum,
1297 1109 1432 1196 Deum,
1471 1125 1512 1182 ut
1542 1113 1725 1186 confirmet
1751 1114 1888 1188 animos
1918 1131 2078 1202 nostros,
2121 1136 2160 1194 ut
2191 1118 2284 1192 hanc

266 1209 485 1282 Platonicam
509 1206 866 1279 communicationem
895 1205 1121 1289 facultatum,
1153 1211 1248 1280 sedi·
1296 1211 1411 1282 lucem
1435 1213 1631 1299 intuentes,
1667 1239 1896 1305 agnoscamus
1919 1221 1994 1290 eius
2019 1221 2227 1314 sapientiam
2252 1239 2285 1296 et

267 1310 380 1382 tiones
395 1327 516 1380 contra
533 1309 760 1398 Magistratus
776 1322 840 1378 etc.
1297 1312 1491 1397 iusticiam,
1517 1329 1550 1386 et
1567 1316 1635 1406 ipsi
1658 1318 1864 1388 obediamus
1890 1336 1925 1394 et
1948 1345 2029 1392 enm
2056 1323 2285 1410 celebremus,

369 1411 505 1482 Tantos
537 1412 674 1479 sorores
706 1409 860 1481 extitisse
897 1409 970 1480 illis
1006 1409 1246 1481 loelicioribus
1296 1436 1361 1482 nec
1382 1415 1476 1486 sinat
1494 1437 1560 1484 nos
1578 1414 1681 1484 furiis
1695 1417 1882 1488 diabolicis
1896 1421 2031 1513 impelli
2048 1439 2171 1496 contra
2192 1424 2285 1514 leges

266 1513 506 1606 temporibus,
528 1535 608 1579 cum
630 1505 746 1580 adhuc
766 1509 946 1596 viverent,
972 1511 1035 1604 qui
1055 1509 1248 1603 Apostolos
1298 1528 1334 1585 et
1349 1509 1537 1586 honestum
1553 1517 1716 1586 ordinem
1733 1519 1869 1609 abipso
1885 1525 2081 1596 eonditum.
2134 1522 2285 1596 Movea·

266 1615 476 1686 audiverant
491 1609 818 1708 (namPolycarpus
830 1611 973 1682 auditor
985 1613 1129 1682 loannis
1146 1609 1247 1703 Apo·
1296 1637 1379 1684 mur
1393 1630 1429 1686 et
1451 1618 1592 1706 poenis,
1617 1641 1707 1710 quae
1728 1619 1856 1688 ordine
1876 1623 2049 1694 diuinitus
2071 1624 2207 1694 sancito
2230 1649 2285 1696 se-

266 1716 350 1786 stoli
363 1715 453 1784 vidit
463 1709 696 1808 Martionem)
713 1711 769 1779 vir
785 1713 954 1784 credibile
970 1727 1076 1799 esset,
1097 1713 1166 1782 nisi
1183 1708 1247 1782 has
1297 1730 1459 1807 quuntur
1484 1718 1761 1804 contumaciam,
1788 1733 1829 1790 ut
1850 1721 2025 1795 liliusDei
2048 1725 2183 1816 iuquit:
2210 1726 2285 1813 Qui

264 1811 432 1886 historias
449 1814 637 1885 recitarent
647 1811 834 1902 scriptores
851 1813 950 1904 digni
966 1815 1046 1896 lide,
1071 1812 1247 1898 Clemens,
1297 1816 1453 1904 gladium
1470 1818 1660 1906 acceperit,
1685 1819 1803 1907 gladio
1821 1823 1961 1912 peribit.
2013 1822 2059 1896 Et
2075 1827 2119 1893 de
2140 1826 2285 1897 incestis

264 1913 444 1998 Iustinus,
478 1909 702 2008 Epiphanius
725 1912 853 1986 etalii.
917 1913 987 1985 Sed
1019 1911 1110 2007 proh
1142 1915 1246 1983 dolor
1296 1916 1642 2011 libidinibusinquit
1660 1943 1726 1990 sos
1744 1920 1885 1991 divina:
1912 1919 2285 2020 Omnisanimaquae

263 2018 376 2089 multa
390 2015 520 2088 similia
536 2014 691 2105 exempla
708 2013 931 2097 vidituostra
948 2027 1052 2086 aetas.
1092 2012 1247 2107 Aliquo·
1296 2015 1418 2087 lecerit
1432 2013 1493 2086 has
1509 2018 1811 2104 abominationes,
1836 2023 1968 2112 peribit
1987 2026 2032 2092 de
2052 2026 2185 2116 populo
2204 2050 2284 2102 sno.

264 2118 331 2188 ties
348 2141 369 2188 a
385 2116 516 2188 talibus
530 2115 784 2208 impostoribus
801 2115 888 2183 falso
904 2129 1083 2204 praetextu
1099 2117 1245 2204 religio·
1295 2112 1386 2186 Cum
1403 2119 1514 2207 igitur
1529 2117 1761 2189 certissimum
1775 2119 1839 2205 sit,
1863 2123 1984 2193 omnia
2005 2127 2137 2196 atrocia
2152 2127 2285 2200 scelera

174 2219 176 2226 '
263 2217 323 2288 nis
342 2231 457 2289 motae
481 2229 564 2286 suut
585 2215 794 2301 seditiones,
828 2227 863 2285 et
887 2215 1030 2285 fuerunt
1051 2218 1245 2286 multorum
1297 2217 1459 2287 comitari
1480 2239 1630 2310 poenas,
1651 2219 1876 2292 manifestum
1900 2235 1970 2308 est,
2002 2220 2099 2296 hunc
2118 2229 2286 2300 ordinem

264 2317 390 2409 tragici
421 2317 545 2388 esitus.
606 2314 755 2387 Necesse
778 2327 830 2387 est
849 2315 958 2404 igitur
981 2339 1083 2410 saepe
1106 2315 1246 2388 moneri
1296 2317 1420 2386 divino
1442 2318 1592 2388 consilio
1618 2319 1689 2408 regi
1711 2335 1745 2390 et
1765 2326 1978 2396 conservari.
2029 2326 2091 2398 Sic
2111 2343 2284 2420 perpetua

263 2419 424 2492 iuniores
443 2419 487 2489 de
505 2417 624 2488 suiset
639 2416 982 2508 publicispericulis.
1296 2420 1514 2510 experientia
1537 2420 1641 2490 etiam
1663 2419 1820 2491 iudicare
1843 2426 1975 2513 coligit,
2001 2439 2036 2496 et
2049 2429 2205 2500 ostendit
2223 2457 2286 2501 ue-

364 2518 526 2590 Primum
551 2519 661 2610 igitur
684 2531 874 2607 agnoscant
900 2533 1044 2589 naturae
1071 2512 1247 2587 humanae
1296 2533 1353 2590 tus
1367 2520 1516 2590 dictum:
1544 2517 1669 2589 Cernit
1682 2517 1779 2591 Deus
1793 2523 1913 2594 omnia
1932 2524 2074 2606 vindex,

263 2621 559 2707 imbecillitatem,
584 2619 713 2689 deinde
735 2630 770 2687 et
794 2616 1018 2688 diabolorum
1043 2617 1190 2688 iusidias
1212 2631 1247 2688 et
1397 2617 1472 2690 Has
1504 2620 1765 2691 admonitiones
1798 2646 1900 2714 saepe
1932 2628 2145 2716 repetimus,
2194 2633 2282 2724 quia

262 2724 412 2794 rabiem.
460 2720 595 2792 Natura
611 2714 799 2789 hominum
815 2742 877 2809 per
892 2741 965 2789 sese
984 2719 1171 2810 impatiens
1195 2731 1247 2788 est
1294 2716 1392 2790 Deus
1415 2722 1491 2793 vult
1514 2744 1580 2790 nos
1603 2715 1697 2791 hanc
1718 2744 1818 2793 snam
1839 2727 2037 2795 doctrinam
2068 2752 2213 2815 souare,
2252 2749 2286 2806 et

263 2822 374 2908 freni,
404 2835 446 2894 ut
466 2819 672 2891 mollissime
694 2821 827 2906 dicam,
861 2833 896 2892 et
916 2821 1048 2911 singuli
1066 2845 1131 2890 nos
1151 2819 1246 2911 ipsos
1295 2822 1397 2890 vobis
1412 2823 1641 2892 utilissimum
1666 2833 1735 2906 est,
1758 2823 1803 2892 de
1826 2824 1932 2895 rebus
1954 2828 2063 2896 tantis
2082 2844 2176 2902 recte
2199 2856 2284 2904 eru-

262 2946 438 3009 amamus‚
464 2922 567 2994 nobis
580 2921 805 3008 blandimur,
830 2944 903 2991 non
922 2923 1057 2993 duriter
1072 2943 1246 3011 repugna·
1294 2921 1379 2992 diri.
1413 2921 1465 2994 Ac
1474 2919 1589 2990 Deum
1605 2943 1808 3012 precamur,
1835 2938 1877 2997 ut
1894 2926 1932 2995 in
1948 2927 2145 2998 multorum
2160 2921 2284 3022 p'ecto·

131 3031 139 3050 '
264 3045 345 3094 mus
365 3023 496 3096 nostris
521 3022 796 3114 cupiditatibus,
838 3036 872 3093 et
899 3033 1001 3110 aegre
1023 3022 1168 3090 ierimus
1187 3042 1245 3090 eas
1293 3021 1394 3110 ribus
1408 3022 1576 3092 accendat
1598 3019 1734 3106 lucem,
1759 3047 1828 3116 qua
1851 3026 1925 3118 ipse
1946 3041 2038 3098 reete
2060 3049 2285 3120 agnoscatur,

264 3121 456 3197 coherceri.
511 3121 581 3193 Hic
603 3134 751 3192 naturae
772 3122 919 3191 morbus
940 3145 1020 3191 cum
1043 3145 1115 3191 nou
1132 3121 1246 3213 repri—
1293 3135 1329 3192 et
1359 3121 1530 3214 sapientia
1561 3120 1637 3193 eius
1664 3139 1860 3198 monstrata
1888 3127 1927 3198 in
1953 3129 2090 3219 legibus
2117 3135 2284 3206 conside-

264 3225 377 3298 mitur
395 3223 599 3316 disciplina,
621 3235 757 3293 etcum
780 3221 818 3294 fit
840 3223 1077 3312 contumacia,
1110 3221 1244 3292 diaboli
1292 3235 1401 3295 retem.

264 3341 439 3418 occupant
455 3325 581 3398 talium
603 3317 789 3394 hominum
815 3323 1007 3415 impiorum
1030 3336 1065 3394 et
1081 3322 1245 3414 petolan·
1392 3319 1540 3412 Semper
1559 3336 1675 3394 antem
1699 3323 1737 3394 in
1761 3326 1921 3417 imperiis
1942 3332 2170 3405 mediocriter
2192 3362 2284 3408 con-

263 3427 355 3499 tium
369 3442 528 3518 pectora,
553 3425 786 3497 revereutiam
804 3425 964 3496 omnium
980 3423 1097 3514 legum
1115 3422 1166 3492 eis
1184 3447 1245 3494 er·-
1292 3421 1425 3492 stitutis
1446 3423 1531 3492 certi
1554 3425 1700 3497 luerunt
1721 3427 1839 3516 legum
1863 3434 2044 3519 custodes,
2071 3449 2110 3508 ut
2125 3433 2286 3510 Athenis

263 3527 423 3615 entium,
471 3540 506 3599 et
535 3527 745 3598 confirmant
774 3526 911 3596 ordinis
939 3537 1177 3616 contemptum
1210 3535 1246 3592 et
1293 3535 1394 3593 eraut
1415 3516 1706 3618 Νομοφύλακες,
1737 3527 1783 3598 ita
1805 3522 1875 3598 hoc
1895 3544 2051 3624 ternpore
2071 3535 2110 3606 iu
2132 3533 2285 3634 Europa

264 3629 429 3701 licentiae
445 3652 619 3714 amorem,
643 3641 679 3697 et
694 3627 777 3698 odio
792 3623 859 3697 Dei
877 3638 913 3697 et
923 3621 1101 3696 Ecclesiae
1117 3622 1245 3715 impel-
1292 3637 1375 3696 sunt
1399 3623 1493 3694 Iuris
1512 3621 1699 3712 Doctores,
1731 3629 1793 3722 qui
1815 3631 1971 3718 prolecto
1995 3659 2161 3726 magnum
2186 3665 2286 3714 onsss

264 3730 345 3800 lunt
366 3729 455 3800 alios
475 3731 521 3800 ad
545 3728 735 3798 seditiones
757 3729 967 3811 movendas,
999 3725 1087 3796 alios
1115 3724 1161 3793 ad
1181 3725 1246 3794 ab·
1293 3724 1332 3792 in
1346 3722 1543 3814 Republica
1562 3727 1749 3801 sustinent.
1798 3727 2129 3810 Hicontroversias
2149 3740 2285 3814 diffict-

264 3830 371 3902 surda
394 3843 429 3900 et
451 3829 646 3920 perniciosa
668 3829 831 3916 damnata
854 3828 1067 3918 spargenda,
1096 3837 1137 3896 ut
1158 3825 1246 3895 liant
1291 3824 1396 3894 limas
1418 3825 1457 3894 in
1478 3826 1556 3896 loro
1578 3826 1798 3917 diiudicant,
1837 3825 1876 3900 hi
1901 3850 2028 3924 regunt
2052 3842 2285 3928 gravissimas

263 3929 416 4001 maiores
439 3929 707 4000 dilacerationes
725 3928 861 4016 generis
878 3921 1044 4013 humani,
1066 3927 1189 3996 caedes
1209 3938 1246 3995 et
1290 3926 1565 3996 deliberationes
1590 3926 1627 3995 in
1657 3930 1774 4010 curia,
1798 3933 1959 4006 debello
1983 3943 2083 4008 etde
2107 3963 2211 4032 pace,
2239 3971 2283 4018 ar

264 4031 494 4116 vastationes,
519 4046 553 4103 et
569 4044 608 4102 nt
624 4031 723 4100 Deus
740 4028 962 4099 contumeliis
979 4027 1174 4098 adficiatur.
1292 4026 1485 4116 plurimum
1508 4026 1617 4097 refert
1635 4026 1886 4122 Reipublicae,
1909 4036 1948 4104 in
1970 4030 2038 4108 hoe
2060 4043 2188 4114 ordine
2212 4068 2285 4136 gu-

363 4129 456 4206 Cum
472 4131 581 4222 igitur
594 4129 827 4201 certissimum
845 4129 909 4216 sit,
932 4122 997 4198 hos
1014 4141 1131 4198 tantos
1143 4129 1242 4198 iuro·
1291 4127 1496 4198 bernatores
1522 4129 1755 4202 consiliorum
1791 4157 1865 4204 esse
1895 4135 1992 4207 viros
2017 4157 2111 4216 recte
2141 4146 2284 4238 doctos,

263 4255 319 4307 res
333 4233 372 4306 in
383 4229 568 4306 haereticis
583 4245 619 4304 et
633 4231 808 4302 seditiosis
828 4226 1035 4301 hominibus
1056 4253 1077 4298 a
1096 4228 1242 4298 diabolo
1290 4227 1413 4312 iustos,
1431 4226 1731 4315 timentesDeum,
1757 4235 1932 4328 sapientes
1944 4252 1979 4312 et
1995 4242 2089 4333 pacis
2107 4263 2283 4336 amantes,

262 4336 370 4417 oriri,
394 4325 549 4429 primum
566 4356 648 4405 vera
671 4331 831 4403 doctrina
855 4329 1029 4403 divinitus
1046 4329 1175 4400 tradita
1199 4332 1242 4398 de
1290 4342 1325 4400 et
1348 4351 1499 4421 qtrorum
1523 4333 1713 4404 sententias
1735 4350 1870 4408 certum
1894 4339 1939 4410 sit
1963 4364 2004 4411 er
2035 4344 2127 4416 veris
2156 4349 2280 4439 legum

260 4437 408 4530 politico
426 4437 554 4507 ordine
578 4449 612 4506 et
636 4431 847 4524 cogitatione
866 4434 911 4502 de
931 4429 1090 4502 lontibus
1114 4431 1242 4520 legum,
1288 4431 1448 4502 sontibus
1464 4447 1621 4524 sumptas
1635 4457 1719 4506 esse.
1770 4436 1877 4507 Tales
1891 4434 2081 4514 habuimus
2095 4469 2218 4520 recens
2236 4452 2277 4522 in

259 4537 448 4609 muniendi
466 4550 550 4609 sunt
573 4535 703 4624 animi,
737 4535 994 4605 etdisceudum
1018 4545 1088 4618 est,
1127 4531 1240 4621 legem
1289 4526 1355 4602 hac
1371 4532 1515 4622 regione
1529 4536 1620 4605 duos
1633 4537 1728 4607 viros
1744 4539 1950 4612 excellentes
1965 4545 2176 4636 eruditione,
2199 4551 2278 4624 vir·

259 4663 333 4711 esse
349 4635 417 4708 Dei
429 4637 658 4730 sapientiam,
691 4649 726 4707 et
746 4637 785 4704 in
808 4636 885 4728 ipso
901 4631 1078 4722 Decalogo
1100 4655 1240 4722 expres-
1288 4645 1383 4712 tute,
1414 4635 1607 4722 sapientia,
1638 4631 1826 4708 Ductorem
1843 4638 2102 4736 Hieronymum
2122 4647 2280 4724 Schurs.

259 4763 354 4824 sam,
379 4739 733 4832 etsaepe·repetitam
756 4735 954 4808 illustribus
970 4732 1180 4806 testimoniis
1199 4734 1236 4802 in
1286 4735 1373 4804 lium
1399 4732 1637 4808 etDoctorem
1657 4735 1878 4810 Lndovicnm
1906 4741 2115 4835 Faehsinm,
2148 4752 2212 4844 qni
2236 4769 2279 4827 et

254 4839 434 4926 Ecclesia,
458 4855 493 4912 et
508 4835 777 4912 insitamaDeo
793 4832 958 4908 humanis
974 4834 1171 4919 mentibus,
1197 4847 1237 4907 ut
1286 4835 1428 4908 oracula
1458 4836 1602 4909 fuerunt
1631 4838 1670 4906 iu
1698 4839 1904 4915 diffieilimis
1926 4849 2196 4938 controversiis,
2234 4869 2278 4926 et

199 4922 204 4938 ’
253 4953 488 5025 isstetusesse
502 4941 634 5027 Deum,
658 4963 699 5011 se
714 4938 876 5009 ostendat
888 4935 1004 5032 qualis
1019 4937 1085 5022 sit,
1109 4935 1237 5005 videli-
1284 4936 1446 5008 docendo
1464 4937 1580 5030 legum
1596 4939 1794 5012 doctrinam
1812 4945 1856 5022 ad
1879 4947 2118 5036 posteritatem
2138 4977 2277 5049 propa·

252 5057 307 5124 tet
322 5042 480 5134 sapiens,
503 5065 620 5128 verax,
643 5041 830 5125 beneficus,
854 5039 978 5124 iustus,
1003 5051 1128 5122 castus,
1153 5037 1235 5106 vin·
1283 5053 1465 5128 gaserant.

250 5157 319 5226 dex
338 5144 520 5218 scelerum.
570 5140 643 5214 Nec
664 5141 763 5214 aliud
784 5153 836 5212 est
859 5139 897 5210 in
921 5152 993 5212 tota
1018 5137 1144 5210 mnndi
1166 5161 1232 5209 na·
1385 5137 1537 5210 Talibus
1555 5137 1642 5210 viris
1666 5163 1745 5214 enm
1767 5145 1889 5220 orbata
1914 5149 1959 5220 sit
1972 5146 2208 5244 Respublica,
2232 5173 2275 5232 et

248 5269 329 5330 tura
350 5245 524 5317 illustrius
544 5243 785 5314 testimonium
808 5239 962 5323 deDeo,
988 5263 1093 5335 quam
1110 5233 1148 5310 hi
1173 5263 1231 5312 ra-
1280 5262 1361 5310 eum
1383 5261 1449 5312 nos
1478 5239 1547 5330 ipsi
1572 5246 1858 5335 praeceptoribus
1877 5250 1984 5322 tantis
2002 5255 2117 5328 orbati
2142 5256 2274 5341 simus,

245 5357 298 5430 dii
310 5345 502 5440 sapientiae
516 5343 711 5420 diviuaein
725 5342 903 5418 mentibus
919 5337 1099 5432 humanis,
1124 5365 1229 5414 mon·
1277 5358 1417 5432 marem
1435 5362 1574 5414 causam
1596 5343 1731 5426 doloris
1758 5343 1938 5424 babemus.
1989 5351 2060 5426 Sed
2086 5356 2170 5452 quis
2187 5355 2273 5434 Dea

101 5721 226 5784 A.
