4696 5820
2041 267 2120 338 stt

77 275 163 346 scs
563 267 725 342 unco.
770 267 842 342 uu
874 229 1223 340 conounssu
1257 249 1638 339 eouonruust.

83 458 119 514 et
153 465 289 524 moram
313 441 353 512 in
374 435 443 512 hoc
474 437 640 512 incendio
663 434 896 534 perniciosam
919 461 993 508 esse
1015 461 1075 506 co·
1124 438 1290 531 requirit,
1315 439 1376 506 sed
1392 437 1967 530 universaedoctrinaeintegrum
1985 453 2115 531 corpus

83 542 224 635 gitate.''
1128 542 1367 627 colligendum
1382 551 1453 622 est,
1479 539 1576 631 quud
1593 563 1664 608 una
1687 565 1771 610 voce
1787 567 1911 611 omnes
1934 557 2052 633 gentes
2076 543 2114 614 in

183 643 288 714 'Haec‘
307 667 388 714 cum
412 644 558 716 dixisset
578 642 762 728 Pontifex,
796 645 895 714 iubet
914 639 1076 722 Carolus,
1126 643 1294 711 omnibus
1309 641 1451 731 templis
1467 653 1605 715 sonent.
1646 640 1833 712 Scisenim
1848 646 2115 714 nuncdemul-

83 749 170 842 qru'a
206 750 411 816 decreverat
443 771 518 816 non
551 745 733 816 discedere
759 769 778 814 a
801 770 863 814 stra
887 743 1075 825 sententia,
1127 745 1172 814 tis
1189 744 1325 832 magnis
1340 744 1459 826 rebus,
1472 743 1577 812 etiam
1593 743 1630 812 in
1646 745 1716 814 tuis
1727 746 1848 814 castris
1864 748 2025 817 dissonos
2040 748 2115 815 cle·

84 849 337 920 Mercurinuro
362 847 712 920 refutatcPontilicis
738 849 950 919 orationem.
1004 844 1074 915 Sed
1127 869 1246 914 mores
1268 869 1352 914 esse.
1404 842 1496 938 Cum
1524 847 1692 934 sparserit
1715 843 1800 916 hacc
1823 861 1917 917 aetas
1940 851 2113 941 quaedam

83 975 167 1020 cum
183 951 303 1020 dicere
316 947 547 1020 Mercurinus
562 949 742 1042 caepisset,
768 945 1076 1040 interpellatPon-

82 1054 191 1135 tifex,
218 1051 384 1122 torvitate
399 1053 519 1122 vultus
542 1065 576 1122 et
592 1051 688 1122 voris
709 1053 935 1146 tyrannidem
956 1061 1076 1117 osten-

82 1157 194 1238 dens,
222 1168 255 1226 ct
279 1149 336 1222 his
360 1152 447 1242 ipsis
477 1153 596 1223 verbis
622 1154 787 1242 obiurgat
810 1152 1074 1222 Mercurinum:

83 1255 239 1343 „Quare
263 1270 303 1326 tn
328 1250 420 1322 111111
442 1255 622 1326 adversari
648 1257 791 1340 audes,
821 1269 855 1326 et
878 1253 1073 1326 Dominum

83 1372 207 1428 contra
224 1381 281 1426 me
296 1355 473 1425 incitas?''
678 1345 681 1354 ’

188 1457 258 1527 Ηίε
282 1457 395 1548 surgit
417 1460 461 1544 ad
483 1458 675 1528 dicendum
694 1454 846 1534 Carolus
862 1456 948 1547 ipse.
1001 1453 1077 1524 Mi-

84 1574 212 1632 rantur
234 1558 436 1650 Principes,
475 1561 561 1654 quid
597 1559 738 1628 iuvenis
760 1551 920 1628 dicturus
944 1559 1008 1638 sit,
1042 1572 1077 1628 et

83 1662 212 1733 attenti
237 1660 389 1731 audiunt
411 1685 551 1747 omnes,
582 1661 719 1754 fuitque
741 1657 826 1730 haec
849 1660 1076 1750 gravissimae

84 1763 262 1834 orationis
288 1763 461 1838 11111111.ι

190 1861 354 1955 Agnosco
372 1889 426 1933 me
442 1863 607 1934 iuvenem
625 1885 721 1948 esse,
747 1877 781 1932 et
805 1857 911 1932 huius
930 1855 1076 1952 M'ercu-

84 1970 179 2052 11111,ι
201 1981 236 2036 et
251 1965 402 2034 aliorum
419 1967 617 2057 sapientum
638 1966 796 2034 consiliis
812 1965 866 2034 uti
880 1986 936 2030 me
952 1965 1075 2043 fateor,

85 2085 120 2140 et
136 2071 268 2140 debere
285 2091 340 2134 me
357 2068 590 2158 sapientiores
605 2068 729 2136 audire
746 2067 875 2145 iudico,
902 2067 993 2135 etde
1010 2061 1075 2134 hac

83 2175 160 2263 ipsa
186 2169 464 2248 deliberatione,
498 2193 604 2261 quam
627 2169 699 2237 scio
723 2169 897 2258 pertinere
922 2170 965 2235 ad
998 2167 1076 2256 glo-

85 2275 177 2343 riam
197 2270 284 2353 Dei,
308 2273 403 2339 et'ad
422 2271 569 2340 salutem
587 2270 745 2340 universi
764 2270 900 2360 generis
916 2264 1076 2353 humani,

84 2399 166 2445 cum
184 2371 309 2440 multis
327 2373 523 2442 collocutus
536 2396 635 2452 sum,
663 2373 723 2464 qui
742 2371 918 2440 excellunt
933 2371 1074 2462 sapien·

1127 950 1299 1033 absurda,
1322 959 1479 1038 opponat
1493 944 1660 1038 Synodus
1673 947 1826 1019 illustria
1842 963 1876 1020 ct
1893 951 1991 1018 firma
2016 951 2115 1020 testi-

1127 1050 1266 1136 monia,
1291 1063 1331 1118 ut
1355 1063 1392 1120 et
1415 1043 1484 1121 hoc
1505 1061 1662 1142 tempore
1689 1065 1723 1121 et
1741 1051 1778 1118 in
1801 1065 1979 1142 posterum
1995 1051 2115 1120 minus

1128 1151 1351 1242 decipiantur
1366 1146 1540 1233 homines,
1568 1153 1695 1222 moniti
1710 1143 1926 1244 argumentis
1939 1153 2113 1248 aSynodo

1127 1255 1288 1327 ostensis.
1552 1318 1556 1326 ,
1797 1339 1803 1352 .

1231 1354 1296 1424 llla
1321 1369 1437 1426 autern
1460 1379 1526 1424 vox
1549 1342 1720 1422 Pontifice
1743 1354 1890 1446 indigna
1915 1369 1986 1439 est,
2018 1359 2115 1448 quad

1130 1458 1203 1542 ais,
1230 1461 1402 1550 quaedam
1419 1454 1678 1526 inextricabilia
1696 1479 1780 1530 esse.
1832 1457 1928 1528 Deus
1943 1458 2115 1526 immensa

1130 1562 1287 1631 bonitate
1303 1583 1338 1627 se
1358 1559 1538 1650 patefecit,
1564 1572 1598 1628 et
1613 1556 1690 1626 vult
1707 1581 1774 1627 nos
1798 1559 1964 1652 amplecti
1981 1559 2116 1630 doctri-

1128 1687 1232 1745 nam,
1258 1687 1364 1754 quam
1380 1660 1545 1744 tradidit,
1567 1683 1656 1754 quae
1675 1659 1705 1726 si
1722 1675 1810 1731 esset
1824 1661 2013 1748 ambigua,
2035 1663 2115 1729 ina-

1131 1765 1187 1833 nis
1203 1787 1311 1833 sonus
1327 1777 1425 1832 esset.
1474 1759 1596 1832 Placet
1611 1757 1701 1828 1111111
1717 1777 1834 1832 autem
1858 1775 1893 1832 et
1915 1759 2112 1834 Theodosii

1129 1867 1336 1943 consilium,
1362 1865 1424 1957 qui
1446 1863 1549 1934 iussit
1570 1864 1609 1932 in
1634 1862 1780 1956 Synodo
1805 1865 1946 1957 quaeri,
1973 1878 2009 1934 et
2030 1888 2115 1957 pro-
2220 1937 2221 1941 ,

1129 1968 1221 2037 ferre
1241 1965 1442 2038 testimonia
1465 1965 1622 2034 sincerae
1644 1967 1837 2038 vetustatis.
1888 1962 1992 2035 Certe
2017 1968 2113 2035 enim

1127 2067 1321 2138 Ecclesiam
1345 2069 1535 2138 doctricem
1564 2067 1716 2136 libenter
1737 2069 1864 2152 audio,
1881 2081 1884 2086 “
1903 2082 1941 2136 11
1963 2063 2113 2138 Samson

1129 2171 1286 2240 monuit:
1314 2169 1385 2253 „Si
1404 2193 1477 2238 uon
1493 2170 1656 2238 arassetis
1676 2169 1787 2239 vitula
1803 2195 1898 2254 mea,
1924 2193 1997 2239 non
2012 2171 2114 2238 inve-

1129 2271 1310 2344 nissetis.''
1763 2263 1767 2270 ’

1171 2423 1175 2432 ·
1231 2374 1283 2444 De
1300 2375 1585 2464 dispensatione,
1607 2398 1712 2465 quam
1725 2374 1852 2458 offers,
1878 2388 2012 2467 quanto
2029 2369 2116 2442 haec

84 2478 155 2559 tia,
191 2474 325 2542 virtute
352 2488 386 2545 et
407 2473 493 2559 fule,
525 2475 587 2566 qui
609 2474 768 2544 sentiunt
787 2470 965 2542 Ecclesiae
986 2497 1075 2562 opus
1125 2477 1186 2547 fiet
1203 2478 1425 2546 commodius
1442 2475 1480 2544 in
1496 2473 1670 2568 Synodo?
1696 2475 1815 2545 Maior
1835 2477 1930 2544 enim
1949 2476 2015 2546 erit
2029 2496 2116 2564 gen·

85 2601 160 2646 esse
174 2575 332 2670 Synodo.
385 2573 459 2652 Nec
475 2590 514 2645 tu
530 2577 674 2664 ignoras
690 2577 890 2645 voluntates
912 2575 1074 2644 omnium

84 2679 285 2769 sapientum
313 2689 348 2745 et
370 2677 548 2758 bonorum
572 2678 610 2744 in
638 2690 708 2746 tota
726 2673 891 2765 Europa,
929 2677 990 2769 qui
1018 2699 1074 2746 as-

84 2782 199 2852 siduis
221 2777 412 2869 gemitibus
436 2779 622 2874 Synoduru
645 2779 806 2868 flagitant
827 2779 949 2859 talem,
985 2802 1075 2870 quae

87 2897 181 2966 recte
203 2882 432 2977 gubernetur.
485 2879 606 2968 Quare
629 2903 711 2950 cum
736 2903 773 2949 re
789 2880 852 2949 diu
868 2879 1075 2963 deliberata,

10 3047 12 3050 .
84 2999 115 3055 et
131 2985 177 3053 iis
193 2982 429 3069 argumentis,
455 3005 544 3074 quae
560 2996 600 3052 tu
614 2984 786 3073 opponis,
810 2982 1001 3070 diligenter
1015 3007 1075 3052 co-

1128 2579 1216 2650 tium
1234 2579 1442 2658 concordia,
1468 2578 1498 2646 si
1515 2577 1621 2646 simul
1646 2599 1768 2646 omues
1792 2580 1897 2647 talem
1921 2573 2116 2650 ἐπιείκειαν

1127 2681 1310 2770 recipient.
1362 2679 1411 2750 Et
1435 2676 1499 2764 illo
1522 2681 1617 2749 dicto
1646 2674 1793 2748 heroico
1829 2679 2002 2749 delector:
2039 2673 2115 2760 „ln

1124 2782 1309 2852 ¹communi
1324 2783 1480 2872 pericula
1497 2781 1543 2850 sit
1557 2781 1755 2850 communis
1771 2779 2010 2853 deliberatio.''
2043 2778 2115 2849 Nec

1127 2884 1314 2953 defuturus
1327 2907 1404 2952 sum
1421 2905 1500 2954 meo
1518 2883 1635 2952 officio
1663 2885 1769 2952 rebus
1793 2881 1955 2972 cognitis.
2007 2879 2054 2953 Et
2074 2894 2116 2951 ut

1127 2984 1282 3073 cognitio
1301 2984 1412 3075 possit
1425 2983 1552 3053 ordine
1566 2983 1659 3068 fieri,
1685 2997 1844 3054 veterum
1856 2983 2115 3075 imperatorum
2185 3031 2188 3036 -

83 3087 203 3176 gitatis
217 3083 327 3152 velim
344 3083 532 3152 convocari
549 3082 752 3179 Synodum,
778 3085 866 3154 scito
880 3096 915 3152 et
930 3082 1073 3153 Mercu·
1127 3089 1287 3179 exemplo
1301 3087 1596 3166 adfuturussum‚
1624 3099 1660 3156 et
1673 3099 1847 3179 quantum
1870 3101 1994 3177 potero
2010 3084 2115 3175 perfr-

83 3189 225 3272 rinum,
252 3208 342 3277 quae
356 3184 464 3275 dixit,
493 3185 580 3254 meis
596 3185 771 3254 mandatis
787 3186 936 3282 dixisse,
962 3198 998 3256 et
1018 3209 1075 3254 me
1126 3189 1236 3279 ciam,
1264 3202 1305 3258 ut
1322 3184 1387 3257 hae
1403 3189 1496 3278 leges
1511 3187 1724 3258 iustissimae
1740 3202 1943 3258 serventur:
1978 3185 2115 3272 „Utra-

84 3293 130 3360 ab
147 3284 214 3358 hac
233 3287 427 3365 sententia,
453 3288 568 3356 donec
587 3287 719 3370 vivam,
744 3312 820 3357 nou
838 3289 1073 3356 discessurum
1126 3315 1196 3383 que
1209 3315 1290 3381 pars
1305 3291 1438 3381 pariter
1454 3288 1653 3360 audiatur.”
1698 3285 1762 3358 Et:
1787 3288 2021 3374 „Sententiae
2039 3309 2113 3358 non
2169 3330 2172 3346 ι

84 3415 175 3461 esse.
228 3387 351 3457 Tuum
377 3387 568 3457 consilium
591 3389 790 3479 speciosum
822 3404 856 3458 et
887 3389 1074 3477 plausibile
1126 3392 1323 3484 tyrannicis
1341 3393 1499 3461 arbitriis
1514 3394 1693 3473 ferantur,
1713 3392 1771 3458 sed
1791 3393 1886 3460 iuxta
1903 3391 2038 3482 leges'',
2060 3390 2114 3458 vi-

82 3488 245 3586 profanis
269 3490 382 3558 videri
409 3502 541 3579 potest,
577 3491 638 3558 sed
662 3513 778 3560 meum
807 3504 841 3559 et
863 3491 995 3559 iustum
1022 3505 1074 3560 est
1127 3493 1253 3562 delicet
1276 3494 1372 3562 iuxta
1397 3493 1749 3584 doctrinam‚'quarn
1776 3507 1910 3562 certum
1935 3508 2018 3566 esta
2035 3490 2113 3561 Deo

82 3609 116 3666 et
133 3592 315 3664 Ecclesiae
329 3592 616 3676 convenientius,
641 3605 675 3661 et
690 3593 719 3660 11
737 3614 882 3661 menon
901 3592 1072 3682 impedie-
1125 3597 1290 3665 traditam
1313 3619 1397 3666 esse.
1825 3640 1829 3648 ι

81 3697 182 3777 ritis,
207 3691 285 3763 Deo
305 3693 466 3774 iuvante,
494 3717 597 3783 spero
613 3692 734 3784 generi
749 3688 906 3763 humano
922 3696 1075 3764 salutare
1227 3695 1332 3768 Nunc
1349 3699 1443 3790 quod
1462 3696 1579 3780 iubes,
1604 3708 1645 3766 ut
1660 3697 1737 3764 sine
1751 3695 2007 3767 diiudicatione
2021 3697 2115 3766 bona

80 3801 247 3870 futurum
271 3817 357 3865 esse.
410 3793 482 3864 Nee
500 3796 561 3864 illa
586 3796 739 3865 terribili
757 3797 1074 3867 orationetuaab·
1127 3813 1160 3869 et
1181 3800 1273 3868 mala
1300 3799 1430 3887 pariter
1459 3799 1612 3884 deleam,
1646 3798 1681 3866 id
1718 3787 1943 3892 nequaquam
1973 3797 2114 3868 faciam.

81 3902 198 3971 ducor
214 3922 232 3966 a
250 3897 434 3981 sententia,
459 3899 555 3990 quod
574 3899 707 3967 nonsit
725 3899 899 3968 audienda
916 3900 1075 3990 disputa·
1125 3899 1218 3970 Nolo
1234 3901 1327 3970 enim
1345 3924 1386 3969 ex
1402 3895 1557 3968 Ecclesia
1572 3900 1698 3970 tollere
1722 3901 1877 3990 legitima
1902 3899 2055 3982 iudicia,
2081 3913 2115 3968 ct

80 4004 131 4073 tio
166 4002 212 4069 de
242 3999 406 4068 absurdis
438 4012 472 4068 ct
506 3999 825 4074 inextricabilibus.
885 3998 976 4069 Nam
1010 4025 1074 4070 nec
1126 4004 1341 4073 constituere
1359 4004 1599 4095 tyrannidem.
1659 4000 1844 4071 Declaravi
1867 4018 1984 4072 autem
2011 4013 2114 4072 antea

82 4103 225 4184 omnia,
255 4123 345 4192 quae
376 4123 472 4168 nunc
504 4102 752 4192 disputantur,
792 4105 946 4172 absurda
979 4118 1075 4188 sunt,
1120 4129 1200 4176 non
1220 4106 1369 4174 obscure
1390 4106 1429 4173 in
1453 4105 1569 4189 bello,
1602 4128 1716 4173 meam
1748 4105 2009 4176 observantiam
2032 4125 2113 4191 erga

81 4231 147 4276 nec
164 4214 247 4274 sunt
265 4203 359 4272 ullae
376 4203 636 4272 inextricabiles
654 4206 878 4297 quaestiones
896 4205 932 4272 11
949 4200 1075 4275 Ecclc·
1124 4205 1319 4276 Ecclesiam
1348 4219 1381 4277 et
1404 4229 1484 4295 erga
1509 4207 1627 4274 sedem
1650 4203 1873 4290 Romanam,
1906 4222 1939 4278 et
1966 4227 2045 4293 erga
2069 4217 2114 4286 te,

80 4311 132 4379 sia
151 4309 198 4375 de
213 4305 321 4375 rebus
336 4305 551 4379 necessariis.
584 4304 720 4375 Audivi
736 4321 769 4377 et
785 4331 848 4396 ego
866 4301 956 4374 mihi
972 4330 1074 4398 saepe
1128 4333 1234 4403 quam
1252 4322 1292 4379 ut
1306 4310 1473 4398 deinceps
1490 4297 1685 4399 praestabo.

79 4407 311 4480 Platonicum
338 4406 429 4475 illud
452 4407 539 4476 dici:
559 4405 648 4496 „Ut
670 4422 858 4497 parentum
882 4409 1007 4478 deliria
1023 4411 1073 4478 fe·
1227 4409 1303 4480 Hac
1328 4411 1491 4480 oratione
1513 4409 1651 4494 audita,
1667 4497 1671 4505 Ι
1688 4424 1723 4479 et
1743 4408 1908 4479 Pontifex
1935 4423 1969 4479 et
1991 4431 2114 4478 omnes

81 4513 194 4582 reuda
213 4522 315 4591 sunt,
340 4507 389 4578 ita
405 4508 444 4576 in
460 4502 664 4581 civitatibus
680 4523 714 4578 et
736 4511 970 4600 religionibus
989 4511 1074 4580 vitia
1125 4511 1309 4604 Principes
1325 4513 1508 4603 ingenium
1525 4529 1561 4581 et
1577 4511 1858 4599 magnitudinem
1870 4511 1979 4580 animi
1998 4511 2035 4578 11
2046 4508 2114 4580 Ca·

81 4613 257 4708 quaedam
271 4609 527 4681 dissimulanda
542 4608 654 4684 esse.’'
706 4609 839 4682 Modus
853 4625 903 4681 est
919 4612 993 4680 eius
1010 4614 1075 4698 rei,
1126 4615 1204 4684 rulo
1220 4615 1338 4686 mirati
1354 4628 1448 4685 sunt.
1504 4613 1588 4683 ldeo
1606 4607 2114 4703 nemagisineendercturCa-

82 4716 189 4786 etin
221 4712 380 4802 imperiis
412 4713 517 4782 etin
549 4708 723 4783 Ecclesia.
785 4711 1073 4785 Fundamentum
1127 4718 1237 4796 rolus,
1265 4717 1402 4808 placide
1417 4716 1607 4805 respondet
1623 4712 1802 4798 Pontifex,
1824 4739 1861 4784 se
1876 4711 2112 4784 curnsuoSc-

81 4831 174 4888 certe
199 4814 240 4882 in
260 4809 420 4882 Ecclesia
449 4815 595 4886 retineri
626 4829 779 4902 oportet.
829 4813 879 4887 Et
891 4813 957 4886 lrae
983 4818 1074 4906 leges
1126 4833 1212 4888 natu
1229 4843 1352 4890 rursus
1367 4820 1647 4889 deliberaturum
1668 4839 1751 4884 esse.

80 4933 248 4992 aeternae
270 4915 308 4982 in
333 4915 493 5006 imperiis
518 4931 552 4987 et
571 4914 731 4987 Ecclesia
754 4919 958 4988 retinendae
982 4934 1075 5004 sunt,
1227 4909 1323 4990 Haec
1334 4918 1575 4992 Bononiensis
1587 4917 1677 4987 actio
1693 4915 1848 4987 ostendit
1865 4927 1949 4985 tunc
1969 4919 2113 5012 quidem

82 5045 173 5116 quae
198 5012 393 5108 prohibent
422 5017 601 5089 idolorum
626 5019 869 5091 invocationes
895 5036 928 5092 et
952 5023 1075 5091 libidi-
1125 5020 1246 5094 Caroli
1262 5027 1480 5094 moderatam
1497 5021 1605 5090 fuisse
1623 5019 1855 5098 voluntatem,
1880 5018 1937 5087 cui
1951 5021 2116 5110 congruit

81 5147 169 5194 num
196 5119 433 5192 confusiones.
486 5118 710 5212 lrrepserunt
741 5137 861 5194 autem
889 5123 927 5192 in
950 5121 1075 5194 Eccle—
1124 5140 1159 5196 et
1176 5121 1263 5209 hoc,
1289 5127 1385 5217 quod
1403 5138 1524 5218 postea
1541 5122 1577 5190 in
1603 5133 1782 5190 conventu
1800 5120 2010 5210 Augustano
2027 5145 2114 5190 con-

82 5229 167 5296 siam
194 5221 369 5316 quaedam
394 5222 639 5292 invocationes
654 5226 932 5298 contumeliosae
951 5240 1074 5296 contra
1125 5228 1314 5297 sessionem
1345 5223 1584 5296 Ecclesiarum
1615 5234 1825 5293 nostrarum
1853 5221 1926 5291 sibi
1955 5217 2129 5293 exbiberi«

80 5324 213 5399 Deum.
263 5319 310 5393 Et
327 5322 516 5413 turpitudo
532 5323 727 5397 libidinum
743 5327 783 5396 in
797 5344 985 5421 conspectu
1013 5342 1075 5399 est.
1125 5330 1243 5415 iussit,
1268 5353 1359 5422 quae
1380 5327 1500 5398 omnia
1523 5325 1718 5414 cogitemus
1741 5325 1787 5396 ita
1801 5325 2021 5414 gubernante
2036 5320 2113 5394 Deo

80 5428 151 5503 Ner
165 5440 309 5500 tantum
322 5421 454 5498 horum
469 5429 648 5500 malorum
666 5428 869 5500 emendatio
885 5429 1072 5525 Synodum
1123 5432 1212 5503 facta
1237 5453 1329 5517 esse,
1359 5444 1401 5502 ut
1417 5425 1605 5518 Evangelii
1630 5427 1791 5498 doctrina
1817 5425 2055 5494 illustraretur
2078 5435 2115 5495 et

733 5691 748 5727 f
