4696 5820
209 304 282 379 291
787 288 946 367 DECL.
980 287 1054 366 DE
1086 287 1394 371 LUDOVICO
1422 286 1681 369 BAVAIlO.
2174 297 2249 372 202

213 465 808 574 quamanteaPrincipumbellum.
843 460 1092 536 Conscientiae
1108 465 1204 536 enim
1256 465 1423 550 retinuit,
1458 477 1494 534 et
1522 487 1642 556 pacem
1667 465 1706 536 iu
1723 460 1918 536 Germania
1942 469 2114 546 defendit.
2174 469 2252 541 Lu.

214 583 253 650 iu
268 576 431 671 pluribus
445 572 484 640 in
497 568 757 640 dubitationem
774 565 1053 640 adducebantur.
1105 565 1207 637 Facit
1257 562 1413 659 dolpbus
1426 562 1632 636 Austriacns
1643 591 1724 638 cum
1739 567 1869 659 passim
1884 571 2052 642 excitaret
2064 572 2253 656 tumultus,

215 679 381 762 Pontifex
406 670 583 744 lohannes
601 667 799 739 Vicesimus
820 669 995 738 secundus
1015 671 1208 752 decretum,
1259 693 1323 739 nec
1345 681 1464 738 tamen
1481 665 1666 740 Ludovico
1688 693 1753 760 par
1775 683 1883 754 esset,
1910 675 2054 744 tandem
2070 669 2255 764 Argento-

217 785 256 854 in
283 783 354 874 quo
377 774 563 850 Ludovieo
587 770 777 864 praecipit,
810 783 851 840 ut
874 773 1028 861 deponat
1051 771 1208 860 dignita·
1259 770 1327 840 rati
1352 781 1449 840 mota
1472 781 1588 838 mente
1610 771 1785 842 extinctus
1808 786 1871 840 est.
1933 771 1985 846 lta
2003 773 2100 846 Deus
2119 776 2254 846 acerri-

217 900 304 958 tem.
354 877 396 948 Id
410 877 480 947 nisi
494 873 629 958 fecerit,
655 885 690 942 et
704 874 822 962 ipsum
837 883 872 940 et
888 895 1011 942 omnes
1026 872 1209 944 eiobtem-
1260 894 1337 940 mos
1370 865 1491 941 hostes
1519 869 1695 942 Ludovici
1724 872 1964 962 singularibus
1992 877 2161 970 exemplis
2192 899 2254 948 re·

218 995 381 1079 perantes
402 978 499 1050 eiicit
520 1000 561 1046 ex
585 970 763 1046 Ecclesiae
786 973 1057 1054 communione,
1081 987 1122 1045 ut
1142 997 1210 1043 no-
1262 971 1398 1065 pressit.

218 1088 409 1158 minumus.
708 1132 716 1146 .
865 1099 871 1111 ·
1364 1071 1504 1162 Quarto
1520 1074 1628 1162 igitur
1641 1097 1736 1144 anno
1754 1088 1831 1168 post
1847 1075 2031 1146 victoriam
2048 1075 2256 1152 [rudovicus

324 1183 433 1256 Initio
461 1178 592 1251 obiecit
618 1176 781 1248 Pontifelr
806 1174 991 1248 Ludovico
1020 1168 1108 1245 haec
1138 1175 1209 1244 duo
1262 1175 1300 1244 in
1318 1172 1457 1245 ltaliam
1478 1175 1728 1266 proficiscitur,
1752 1175 1818 1249 ubi
1833 1189 1907 1250 toto
1920 1178 2079 1248 triennio
2095 1203 2256 1252 eommo-

222 1288 392 1366 erimina‚
431 1282 586 1374 primum
619 1281 714 1373 quod
749 1273 916 1348 Galeacio
949 1275 1210 1347 Mediolanensi
1263 1291 1378 1360 ratur,
1403 1277 1577 1370 pacemin
1594 1276 1744 1348 urbibus
1757 1279 1886 1370 passim
1902 1279 2068 1352 restituit.
2114 1279 2258 1354 Iiomae

223 1410 326 1482 opem
341 1386 461 1460 tulerit
475 1379 821 1472 contrapontifrcios.
872 1377 1089 1463 Secundum,
1114 1379 1209 1470 quod
1263 1391 1380 1448 autem
1403 1379 1448 1447 ad
1472 1375 1736 1466 Cardiualium,
1774 1377 2034 1472 Episcoporum
2058 1394 2093 1451 et
2118 1384 2257 1474 pracci-

223 1493 386 1562 noudum
403 1485 629 1558 confirmatus
645 1479 845 1552 aRomano
861 1478 1032 1550 Pontibce
1047 1503 1153 1550 ausus
1167 1480 1212 1550 sit
1263 1503 1416 1571 puorum
1439 1479 1598 1550 virorum
1619 1493 1777 1566 coetum,
1812 1482 1942 1552 deinde
1965 1497 2000 1552 et
2024 1485 2116 1574 apud
2140 1483 2257 1556 Sena-

224 1595 337 1664 facere
354 1586 579 1680 Imperatoris
600 1583 726 1655 officia.
779 1579 981 1673 Respondit
1007 1581 1111 1652 initio
1134 1605 1212 1650 mo·
1264 1594 1339 1652 tum
1348 1630 1360 1665 ,
1387 1580 1426 1648 in
1447 1604 1520 1672 quo
1538 1601 1721 1650 consessus
1738 1583 1807 1652 fuit
1822 1584 2075 1675 praestantium
2092 1584 2256 1656 virorum

225 1687 563 1766 derateLudovicus
579 1709 616 1754 se
631 1685 671 1753 in
688 1684 858 1754 electione
872 1685 1023 1763 iurasse,
1049 1683 1212 1752 defenso·
1264 1706 1305 1752 ex
1333 1680 1477 1751 familiis
1506 1679 1715 1772 Principum
1744 1681 1976 1754 Columnensi
2003 1698 2039 1755 et
2059 1684 2190 1758 Ursiua
2221 1702 2258 1759 ct

226 1821 302 1867 rem
332 1818 368 1863 se
399 1794 475 1862 fore
496 1788 673 1872 iusticias,
710 1787 789 1855 ideo
814 1782 1027 1868 Galcacium
1046 1784 1084 1852 in
1109 1807 1212 1854 causa
1264 1783 1362 1866 aliis,
1394 1782 1555 1872 exposuit
1584 1783 1752 1869 iniurias,
1783 1785 1912 1878 quibus
1940 1788 2098 1858 adfectus
2128 1801 2205 1860 erat
2235 1813 2257 1859 a

224 1901 316 1970 insta
332 1919 351 1964 a
366 1915 402 1962 se
416 1893 600 1962 defensum
616 1909 708 1971 esse,
733 1887 863 1956 deinde
878 1887 999 1954 eodem
1014 1886 1211 1958 iuramento
1265 1879 1425 1954 Iohanne
1448 1882 1626 1954 Vicesimo
1651 1888 1818 1956 secundo.
1867 1883 1940 1956 Nec
1963 1887 2065 1978 prius
2087 1891 2258 1960 coronari

226 2024 263 2070 so
293 1995 464 2084 obligari,
495 2006 536 2061 ut
558 1991 688 2060 electus
709 1988 814 2059 faciat
839 1985 1065 2076 Imperatoris
1087 1987 1212 2058 officia.
1264 1985 1396 2070 voluit,
1422 2009 1528 2078 quam
1551 1985 1780 2058 intellexisset
1804 2011 1863 2057 eos
1888 1990 2038 2079 probare
2060 2003 2096 2060 et
2111 2014 2257 2062 causam

229 2102 311 2171 Ideo
334 2097 431 2167 enim
456 2095 494 2163 fit
514 2093 659 2173 electio,
685 2103 725 2160 ut
739 2100 855 2159 certus
871 2087 917 2158 sit
931 2089 1096 2158 defensor
1110 2088 1213 2158 iusti·
1264 2108 1363 2156 suam
1386 2101 1420 2157 et
1443 2087 1660 2158 voluntatem
1685 2110 1765 2177 erga
1788 2085 1982 2158 Ecclesiam
1997 2089 2177 2181 Rempub.
2198 2115 2258 2162 se-

227 2203 299 2272 ciae
318 2212 356 2268 et
376 2209 492 2268 custos
515 2192 608 2282 pacis
631 2191 670 2258 in
693 2190 861 2261 omnibus
878 2189 1101 2278 regionibus,
1124 2214 1214 2282 qua·
1264 2211 1334 2280 que
1347 2189 1556 2259 ostendebat
1568 2188 1741 2258 iudicium
1759 2187 1833 2260 illia
1849 2191 2071 2280 permittere,
2093 2217 2183 2286 quos
2196 2193 2258 2264 iu·

227 2323 307 2372 rum
324 2295 481 2367 defensio
502 2292 711 2382 Imperatori
727 2293 972 2361 commendata
989 2305 1058 2376 est,
1084 2307 1118 2362 et
1135 2292 1213 2380 cogi
1264 2290 1397 2359 dicaret
1420 2302 1590 2382 tanquam
1606 2287 1793 2382 Syuodum
1815 2313 1907 2372 esse,
1931 2293 2015 2385 quia
2038 2295 2258 2381 eruditione,

89 2401 95 2416 '
226 2401 395 2472 mandato
412 2396 536 2468 divino
551 2394 746 2488 quamlibet
763 2404 966 2483 potestatem
983 2411 1047 2462 suo
1064 2393 1141 2462 loco
1157 2394 1211 2462 fa·
1264 2389 1437 2482 sapientia
1461 2403 1495 2460 et
1516 2390 1647 2462 virtute
1669 2379 1896 2478 excellerent,
1928 2407 1965 2463 et
1989 2395 2146 2484 ipsorum
2171 2420 2257 2466 sen-

227 2525 305 2576 cere
332 2525 394 2585 ea,
428 2515 518 2592 quae
549 2508 632 2566 suut
653 2496 709 2564 sui
732 2494 852 2568 oflicii.
909 2491 982 2562 Nec
1008 2505 1212 2584 potestatem
1264 2491 1392 2565 tentiae
1414 2514 1452 2560 se
1477 2491 1534 2585 pie
1556 2505 1759 2562 secuturum
1780 2515 1864 2566 csse.
1931 2491 2153 2566 Adfirmabat
2174 2520 2259 2568 arn-

226 2602 372 2698 gerendi
391 2599 502 2692 gladii
524 2598 602 2668 dari
625 2595 850 2681 aPontibce,
875 2596 936 2662 sed
960 2592 1089 2680 aDeo,
1116 2595 1212 2665 iuxta
1265 2592 1371 2684 plecti
1401 2615 1439 2662 se
1461 2605 1663 2664 constanter
1685 2595 1886 2664 doctrinam
1911 2591 2105 2668 catholicae
2127 2594 2258 2670 Eccle-

224 2707 376 2778 dictum:
402 2701 517 2789 Reges
533 2698 693 2788 gentium
707 2696 957 2778 dominantur,
983 2719 1046 2766 vos
1064 2721 1136 2766 uon
1152 2697 1212 2771 sic.
1263 2695 1335 2764 siae
1350 2690 1440 2780 Dei,
1464 2708 1501 2766 et
1521 2718 1558 2764 se
1582 2695 1732 2766 maxime
1752 2717 1891 2788 semper
1914 2711 2051 2789 optasse
2074 2713 2109 2770 et
2129 2715 2257 2792 optare

227 2805 312 2880 Ideo
335 2803 514 2886 adfirmat,
547 2823 584 2869 se
600 2821 665 2868 nec
683 2819 783 2890 posse
798 2821 863 2866 nec
878 2796 969 2866 velle
984 2797 1176 2890 imperium
1192 2822 1212 2868 a
1263 2819 1487 2866 communem
1501 2797 1738 2870 concordiam.

224 2907 302 2982 Deo
317 2907 439 2977 datum
453 2905 648 2995 deponere,
674 2901 787 2970 donec
803 2895 900 2969 Deus
915 2920 996 2970 eum
1011 2900 1049 2970 in
1064 2894 1130 2970 bac
1142 2900 1212 2968 mi·
1365 2894 1424 2966 Ad
1442 2892 1527 2974 haec
1542 2910 1576 2968 et
1593 2897 1866 2970 ecclesiasticum
1884 2901 2072 2992 collegium
2087 2915 2124 2974 et
2139 2899 2255 2974 Sena-

225 3011 303 3081 litia
327 3006 460 3078 servire
479 3004 578 3077 velit.
638 2997 735 3070 Ilaec
756 3000 959 3090 responsio,
992 3001 1023 3068 si
1047 2998 1211 3071 Pontifici
1263 3011 1321 3069 tus
1336 2999 1619 3089 responderunt,
1644 3022 1681 3070 se
1697 3024 1839 3093 quoque
1853 3001 2029 3085 iudicare,
2053 2999 2254 3075 Iohannem

225 3133 301 3180 nou
324 3104 545 3188 satisfecerit,
570 3123 606 3172 se
624 3123 816 3194 provocare
840 3103 885 3169 ad
906 3101 1099 3190 legitimam
1115 3099 1212 3195 Syn·
1266 3097 1479 3170 Vicesimum
1495 3102 1691 3172 secuudum
1706 3126 1780 3172 non
1798 3116 1891 3174 recte
1904 3104 2036 3189 fecisse,
2062 3107 2159 3198 quod
2175 3107 2255 3176 sine

225 3209 359 3284 udum?
409 3204 487 3276 Ilac
517 3202 745 3295 responsione
771 3202 866 3272 edita
888 3203 998 3272 crevit
1018 3202 1211 3284 contentio,
1263 3198 1410 3295 Synodo
1437 3213 1472 3271 et
1498 3200 1573 3270 sine
1603 3202 1760 3291 legitima
1791 3204 1993 3294 cognitione
2023 3207 2062 3275 in
2091 3231 2129 3277 re
2154 3219 2255 3278 tanta

225 3310 284 3384 his
304 3309 411 3380 tantis
430 3305 729 3399 disputationibus
746 3302 872 3394 motis,
897 3305 993 3373 unde
1008 3304 1080 3375 siot
1098 3304 1212 3396 impe·
1263 3303 1402 3374 decreta
1425 3303 1563 3388 fecerit,
1589 3327 1741 3397 cumque
1762 3305 1892 3375 scirent
1909 3331 1989 3377 eum
2008 3307 2163 3378 alienum
2177 3331 2256 3378 esse

225 3415 299 3499 ria,
328 3423 362 3485 et
385 3433 475 3504 quae
497 3407 544 3478 sit
566 3405 736 3478 autoritas
754 3401 940 3496 Episcopi,
973 3429 1064 3498 quae
1088 3405 1134 3477 sit
1158 3408 1212 3476 vis
1262 3429 1282 3477 a
1303 3404 1400 3474 falsis
1417 3404 1668 3494 opinionibus,
1693 3406 1785 3476 velle
1801 3429 1838 3482 se
1851 3432 1931 3478 cum
1948 3408 2026 3500 ipso
2042 3411 2256 3480 coniunctos

224 3511 504 3588 confirmationis
524 3507 733 3600 pontificiae.
801 3503 964 3578 Pontifex
985 3507 1212 3599 impudenter
1262 3529 1346 3579 esse.
1404 3503 1510 3576 Docti
1536 3506 1642 3576 etiam
1671 3507 1888 3579 addiderunt
1917 3509 2099 3582 manifeste
2120 3511 2254 3581 falsum

224 3616 416 3696 scribebat,
443 3611 551 3682 Petro
570 3612 688 3681 datam
712 3631 785 3678 esse
800 3630 970 3677 summam
987 3608 1209 3681 autoritatem
1262 3630 1354 3693 esse,
1387 3605 1493 3676 Petro
1530 3609 1696 3678 traditam
1734 3631 1808 3678 esse
1837 3633 2012 3681 summam
2042 3627 2254 3704 potestatem

223 3741 298 3790 non
320 3717 436 3788 solum
458 3714 497 3783 in
516 3710 714 3782 ministerio
728 3706 934 3799 Evangelii,
961 3711 1023 3780 sed
1045 3711 1153 3782 etiam
1171 3712 1210 3780 in
1262 3708 1455 3801 politicam.
1533 3705 1604 3780 Nec
1639 3707 1808 3780 Carolum
1847 3725 1991 3804 propter
2025 3715 2253 3786 autoritatem

222 3817 367 3911 politica
391 3813 657 3905 gubernatione.
734 3808 854 3899 Quare
874 3835 979 3881 nemo
1003 3812 1112 3903 possit
1135 3837 1209 3883 esse
1262 3810 1476 3902 pontificiam
1507 3810 1576 3880 dici
1599 3807 1852 3902 Imperatorem
1876 3814 2050 3901 voluisse,
2081 3817 2142 3886 sed
2166 3815 2253 3908 quia

224 3917 439 4010 Imperator,
466 3915 537 3986 uisi
558 3913 785 3982 confirmatus
808 3909 1010 3982 aRomauo
1027 3909 1209 3990 Po'ntilice.
1261 3913 1331 3982 iam
1366 3910 1522 3996 Italiam,
1565 3907 1796 3982 Germaniam
1833 3927 1867 3984 et
1901 3911 2057 3985 Galliam
2096 3919 2254 4000 tenebat,

221 4019 279 4096 De
302 4014 368 4090 hac
383 4015 589 4110 quaestione
606 4013 717 4084 multa
733 4013 861 4102 scripta
877 4014 1045 4108 utrinque
1063 4039 1136 4085 non
1150 4040 1208 4088 so-
1261 4014 1373 4102 reipsa
1411 4007 1618 4082 Occidentis
1651 4013 1838 4104 imperium
1876 4040 1957 4086 eum
1995 4020 2170 4103 tenuisse,
2216 4033 2252 4090 et

220 4125 298 4196 lum
320 4119 538 4212 privatorum
562 4111 770 4198 hominurn,
795 4114 858 4206 qui
880 4127 940 4184 aut
958 4115 1133 4186 illustrare
1148 4144 1209 4190 ve-
1260 4128 1378 4187 tamen
1398 4113 1542 4184 titulum
1561 4136 1635 4182 non
1651 4115 1804 4186 voluisse
1817 4118 2021 4203 admittere,
2047 4121 2115 4192 nisi
2132 4133 2251 4190 trans-

219 4226 360 4296 ritatem
377 4222 473 4291 bono
489 4218 639 4288 consilio
653 4215 863 4299 studebant,
891 4230 952 4286 aut
968 4215 1133 4290 Pontifici
1151 4245 1208 4290 as·
1259 4214 1398 4287 actione
1429 4215 1518 4286 facta
1546 4238 1628 4284 cum
1656 4215 1719 4300 iis,
1758 4217 1821 4309 qui
1855 4235 1940 4292 tunc
1969 4221 2113 4292 titutum
2148 4237 2249 4294 tene-

217 4325 461 4407 sentabantur,
475 4321 534 4392 sed
545 4320 651 4390 etiam
661 4315 885 4404 Imperatoris
893 4331 925 4388 et
935 4315 1115 4390 Pontificis
1125 4323 1207 4391 ede·
1257 4317 1371 4393 bant.·
1404 4313 1503 4386 Deus
1524 4314 1672 4408 imperia
1693 4319 1828 4390 stabilit
1847 4335 1880 4392 et
1895 4325 2080 4405 transfert,
2106 4336 2147 4396 ut
2161 4323 2252 4392 scri-

218 4430 361 4500 bantur.
414 4421 578 4494 Pontifex
592 4417 816 4490 Ludovicum
833 4419 1048 4512 atrocissime
1063 4423 1207 4496 damnat
1257 4431 1358 4512 ptum
1380 4431 1450 4504 est,
1483 4441 1548 4488 nec
1573 4418 1758 4490 translatio
1778 4422 1840 4492 illa
1863 4425 2029 4494 mandata
2057 4440 2108 4496 est
2129 4424 2249 4498 Petro.

217 4555 256 4602 ac
284 4528 446 4600 nominat
469 4521 709 4594 Haereticum.
761 4517 840 4590 Hoc
861 4519 1047 4591 dissidium
1063 4524 1206 4598 duravit
1256 4520 1419 4616 Denique
1448 4519 1586 4591 etiamsi
1615 4521 1832 4611 pontificiam
1860 4526 2165 4598 confirmationem
2189 4549 2249 4596 ac-

217 4655 329 4702 anuos
346 4643 500 4723 quatuor
513 4639 546 4696 et
565 4621 691 4712 viginti
709 4634 788 4713 post
801 4617 1192 4713 captumAustriacum.
1257 4624 1380 4693 cedere
1408 4619 1597 4692 Pontifices
1629 4622 1759 4706 velint,
1801 4639 1920 4696 tamen
1954 4629 2086 4700 debent
2116 4627 2248 4700 hahere

318 4729 409 4801 Tam
427 4731 534 4820 longo
549 4739 708 4815 ternpore
722 4722 926 4794 acciderunt
940 4737 974 4794 et
988 4727 1130 4797 crebrae
1140 4753 1204 4798 vo·
1255 4724 1364 4796 iustas
1387 4743 1526 4805 causas,
1551 4724 1581 4791 si
1603 4723 1908 4796 confirmationem
1928 4730 2117 4822 denegent.
2168 4727 2248 4802 Hae

215 4835 392 4904 luntatnm
417 4830 650 4910 mutationes,
677 4839 711 4896 et
734 4847 814 4894 cum
837 4823 923 4893 alibi
941 4826 1122 4914 pontificia
1139 4853 1202 4899 au·
1253 4837 1326 4897 tota
1349 4823 1588 4894 controversia
1609 4825 1788 4916 sapienter
1807 4828 2002 4920 disputata,
2026 4831 2246 4905 liuntScna-

214 4934 337 5006 toritas
352 4934 587 5002 anteferretur
600 4925 826 5017 Imperatori,
851 4925 939 4995 alibi
953 4928 1202 5002 defenderetur
1253 4925 1471 4996 tusconsulta
1501 4937 1536 4996 et
1567 4927 1612 4995 ab
1645 4926 1878 4999 ecclesiastico
1905 4932 2055 5025 collegio
2077 4948 2112 5006 et
2133 4957 2154 5003 a
2178 4931 2246 5006 Se-

214 5036 424 5127 Imperator:
457 5029 631 5102 dubitatio
654 5029 855 5098 moderatos
878 5022 1041 5098 homines
1064 5033 1201 5104 duriter
1252 5040 1356 5112 natu,
1382 5040 1423 5098 ut
1444 5048 1576 5096 corona
1603 5027 1828 5117 imperatoria
1851 5049 2068 5106 coronentur
2082 5033 2246 5108 Ludovi-

210 5136 396 5220 cruciavit,
429 5145 462 5202 et
491 5126 704 5202 accedebant
730 5127 923 5199 seditiones
947 5143 979 5199 et
1001 5129 1199 5220 latrocinia,
1251 5153 1312 5200 cus
1328 5130 1452 5201 eteius
1469 5128 1625 5198 coniunx
1641 5127 1835 5222 Margaris,
1861 5134 2247 5227 quaeFrisiaeetHol-

207 5265 297 5335 quae
312 5239 432 5308 minus
447 5233 621 5327 compesci
638 5244 820 5322 poterant,
845 5253 926 5299 cum
943 5235 1114 5305 autoritas
1127 5235 1196 5305 lm·
1249 5231 1389 5302 laudiae
1410 5229 1555 5299 domina
1576 5231 1655 5304 fuit.
1707 5231 1901 5306 Coronatio
1923 5238 2012 5310 sacra
2029 5253 2082 5310 aar
2096 5240 2168 5313 ritu
2185 5265 2246 5313 30.

205 5341 378 5434 peratoris
408 5337 612 5408 labefactata
639 5347 737 5402 esset.
797 5331 894 5402 Inter
926 5325 992 5402 hos
1020 5337 1194 5408 tumultus
1247 5333 1346 5403 lenni
1369 5332 1507 5405 Romae
1539 5333 1598 5401 die
1630 5337 1943 5427 septimodecimo
1971 5338 2129 5414 lanuarii
2156 5345 2244 5414 anni

202 5458 320 5516 tamen
349 5457 530 5533 utcunque
560 5451 593 5508 et
622 5436 762 5526 imperii
787 5435 963 5525 fastigium
987 5433 1192 5511 Ludovicus
1246 5435 1426 5510 millesimi
1464 5436 1702 5534 trecentesimi
1739 5439 1856 5511 octavi
1895 5463 1915 5510 a
1953 5427 2145 5538 Stephano}
2168 5442 2265 5517 Co-·

94 5717 126 5774 Α
210 5741 225 5776 t
