4706 5818
113 227 197 313 Old
373 297 378 305 .
670 225 710 312 ,l-
755 220 1050 308 cunontcott
1079 217 1328 304 cantante
1377 220 1507 303 PARS
1527 225 1576 301 ll.
2058 227 2135 304 946

117 397 176 476 Ex
198 399 327 493 praeda
350 393 527 485 hostiurn,
550 422 625 473 non
648 422 691 472 ex
710 399 875 494 lacrymis
898 393 1103 489 provincia·
1150 392 1217 466 snb
1243 392 1306 464 tali
1335 406 1500 484 portento
1533 395 1686 470 militare
1713 399 1840 473 noluit.
1907 398 2033 470 Postea
2062 399 2130 472 snb

118 503 212 574 lium
227 498 367 574 habeat.
930 511 934 516 '
1149 487 1353 564 Alexandro
1371 493 1688 570 rursusTribunus
1704 502 1815 572 iactus
1833 515 1931 572 tanto
1947 494 2131 571 inhonore

224 603 409 693 Stipendia
432 601 614 674 constituit
636 626 709 672 non
742 600 859 670 solum
892 599 1102 669 docentibus
1148 593 1235 674 fuit,
1261 607 1302 666 nt
1317 592 1519 667 Alexander
1535 619 1690 670 sororem
1711 603 1786 673 filio
1810 603 1921 694 ipsius
1944 602 2135 700 coniugem
2245 599 2271 661 ι’

119 707 241 777 literas
264 719 299 776 et
321 718 430 787 artes,
455 707 514 772 sed
540 703 644 774 etiam
668 703 885 774 discentibus
905 724 1101 791 pauperum
1149 697 1234 766 dare
1257 695 1427 781 vuluerit,
1469 697 1540 768 nisi
1563 715 1675 772 mater
1702 705 1814 774 soceri
1837 703 2047 775 crudelitate
2068 704 2133 772 de·

120 809 360 898 ingenuorum
383 804 475 878 liliis.
527 801 570 874 ln
592 803 722 894 templa
743 827 869 872 aurum
892 801 1018 872 inferri
1041 824 1103 868 ve·
1149 795 1272 872 territa
1294 795 1427 874 fuisset.

120 909 209 992 tuit,
237 905 391 975 recitans
406 903 519 975 Persii
535 903 727 974 versiculos
744 928 783 973 ex
800 916 916 998 satyra
932 903 1100 974 secunda:
1252 895 1344 968 Cnrn
1370 899 1562 989 imperator
1584 900 1696 974 factus
1719 919 1826 990 esset,
1856 930 1930 974 non
1955 905 2072 976 solum
2092 904 2132 975 in

172 1011 274 1078 Dicite
296 1012 473 1076 Pontifices:
499 1015 533 1074 in
548 1016 670 1094 temptts
695 1012 769 1098 quid
790 1011 866 1074 facit
880 1031 999 1090 surum,
1054 1019 1058 1033 ·
1151 997 1282 1069 milites
1299 997 1337 1066 in
1353 999 1473 1070 castris
1487 1000 1733 1075 crudelitatem
1751 1007 1922 1087 exercuit,
1948 1008 2008 1077 sed
2024 1019 2131 1096 ettam

172 1111 259 1196 Quin
276 1119 391 1196 superis
404 1119 499 1177 iustos
517 1133 634 1194 mores,
658 1127 814 1198 sartosque
831 1114 977 1180 dieamus.
1150 1096 1287 1172 Rornae
1310 1100 1445 1172 delatos
1467 1100 1655 1174 Senatores
1685 1108 1755 1176 cito
1785 1109 1917 1178 multos
1946 1105 2134 1189 interfecit,

118 1205 375 1303 Expeditiones
406 1231 551 1300 magnas
584 1212 672 1280 duas
705 1210 866 1300 suscepit.
942 1204 1103 1278 Priorem
1151 1213 1187 1270 et
1210 1199 1333 1271 multis
1354 1202 1538 1272 facultates
1560 1207 1702 1298 eripuit.
1753 1207 1806 1277 Ac
1824 1210 1887 1278 alii
1906 1234 1985 1279 eum
1999 1207 2133 1302 Cyclo-

119 1337 244 1383 versus
262 1307 449 1381 Orientem
476 1323 600 1380 contra
626 1308 760 1381 Persas.
813 1307 910 1380 Vicit
935 1304 1105 1378 Artaxer·
1152 1326 1253 1392 pem,
1279 1302 1341 1372 alii
1356 1299 1583 1391 Busiridem,
1609 1309 1671 1376 alii
1685 1304 1843 1378 Anteum
1861 1323 2009 1406 propter
2021 1308 2133 1380 saevi·

119 1438 211 1498 xen,
233 1411 297 1505 qui
313 1424 416 1481 antea
440 1431 556 1500 regem
572 1405 786 1481 Parthorum
805 1405 1028 1481 Artabanum
1046 1407 1103 1475 in·
1151 1403 1240 1473 ciam
1262 1403 1505 1490 nominarunt.
1717 1484 1720 1494 .

120 1516 323 1597 terfecerat,
347 1525 382 1582 et
404 1535 423 1581 a
440 1507 580 1581 Partbis
604 1533 752 1600 regnum
776 1513 819 1580 ad
840 1509 965 1582 Persas
982 1531 1104 1580 rursus
1252 1501 1345 1574 Cum
1361 1502 1470 1592 igitur
1484 1505 1522 1573 in
1542 1503 1663 1578 Africa
1680 1524 1889 1600 procurator
1904 1512 1998 1596 fisci,
2026 1531 2132 1602 quem

119 1615 364 1710 transtulerat.
408 1607 532 1684 Altera
547 1607 723 1704 expeditio
740 1627 899 1704 suscepta
915 1625 967 1683 est
983 1630 1106 1679 versus
1153 1603 1219 1697 ipsi
1243 1627 1285 1673 eo
1311 1606 1476 1692 miserat,
1503 1621 1649 1698 propter
1677 1611 1903 1702 rapacitatem
1929 1615 2133 1682 interfectus

118 1713 376 1798 Orcidentem,
418 1713 456 1783 in
491 1710 739 1799 Germaniam,
777 1714 841 1782 ubi
867 1737 948 1784 cum
973 1711 1105 1780 milites
1153 1719 1251 1788 esset,
1280 1706 1527 1802 exercitusqui
1547 1709 1597 1777 ibi
1616 1723 1701 1790 erat,
1723 1733 1841 1783 senem
1859 1713 2134 1788 nobilissimum,
2170 1729 2172 1734 ·

120 1817 285 1909 asperius
302 1829 457 1906 regeret,
482 1814 636 1888 venitin
650 1815 790 1898 odium,
816 1815 1009 1908 etquidem
1029 1837 1105 1881 ma·
1154 1820 1311 1876 materna
1338 1807 1476 1898 origine
1497 1834 1517 1878 a
1540 1807 1698 1881 Traiano
1720 1828 1858 1900 ortum,
1883 1807 2136 1894 Gordianum,

122 1919 193 1989 tris
210 1915 430 1986 Mammaeae
452 1929 611 1986 accnmta
634 1929 687 1987 est
708 1913 879 2000 avaricia,
904 1937 996 2007 quae
1009 1913 1107 1983 dice·
1155 1921 1299 2000 propter
1313 1908 1487 1979 iusticiam
1505 1910 1754 2001 imperatorem
1778 1915 1881 1998 fecit,
1905 1929 2137 1994 recusantem,

123 2019 236 2089 batur
249 2017 403 2108 expilare
418 2017 639 2113 morineias,
664 2030 699 2088 et
722 2016 896 2107 impedire
909 2015 1106 2086 liberalita—
1153 2010 1236 2103 quia
1253 2011 1321 2078 iarn
1339 2011 1585 2099 octogenarius
1600 2025 1685 2088 eret.
1731 2011 1820 2088 Erat
1835 2031 1951 2088 autem
1965 2029 2061 2088 tanta
2078 2015 2136 2083 iu·
2193 2009 2196 2016 ’

120 2133 193 2191 tem
212 2117 277 2187 filii
294 2141 373 2210 erga
396 2119 540 2190 milites.
955 2194 957 2198 ¹
1152 2111 1252 2182 sticia
1268 2123 1304 2179 et
1316 2113 1488 2184 modestia
1503 2113 1599 2197 eius,
1624 2127 1664 2184 nt
1680 2117 1870 2188 Africanae
1892 2118 2051 2189 civitates
2066 2115 2135 2185 sibi

224 2215 313 2290 Erat
330 2233 447 2288 autern
465 2220 634 2289 barbarus
652 2209 1106 2288 ThraxinterducesMa-
1154 2211 1357 2304 Scipionem
1382 2229 1441 2284 aut
1465 2212 1606 2284 Lelium
1631 2219 1810 2286 redditum
1835 2219 2005 2294 dicerent.
2057 2212 2136 2308 Op-

121 2315 314 2402 nimime,
339 2321 382 2388 ad
399 2343 504 2413 quem
531 2319 754 2391 deferebatur
777 2319 978 2411 imperium.
1028 2315 1108 2386 lloc
1155 2312 1265 2403 pressi
1286 2325 1370 2384 runt
1395 2326 1515 2384 tamen
1532 2312 1710 2388 Gordiani
1737 2322 1809 2389 duo
1833 2335 1933 2409 pater
1955 2335 1988 2391 et
2003 2321 2136 2391 filiusa

125 2424 219 2491 duce
232 2420 364 2492 milites
379 2421 538 2490 seditiosi
547 2419 756 2509 Moguutiae
764 2419 1008 2490 Alexandrum
1025 2441 1106 2487 curn
1153 2411 1359 2505 Capelliano
1381 2415 1469 2484 duce
1492 2413 1693 2488 Maximini.
1746 2417 1814 2490 Sed
1832 2419 1970 2492 Romae
1987 2421 2137 2494 Senatus

123 2533 241 2591 matre
256 2519 456 2592 Mammaee
471 2521 705 2592 trucidarunt.
737 2519 837 2593 Vixit
852 2543 966 2602 annos
981 2518 1108 2608 viginti
1154 2539 1234 2586 enm
1250 2514 1421 2584 iudicavit
1437 2511 1593 2596 bostem,
1620 2531 1654 2588 et
1670 2520 1919 2610 imperatorem
1942 2524 2024 2593 fecit
2041 2521 2136 2593 Gor-

122 2645 279 2706 novem,
305 2645 442 2692 menses
466 2635 553 2707 tres,
579 2621 654 2691 dies
677 2633 830 2714 septem3
863 2635 1026 2691 mortuus
1048 2620 1107 2688 die
1154 2616 1300 2686 dianum
1315 2613 1499 2704 Tertium,
1522 2619 1699 2692 adiunctis
1712 2623 1853 2691 duobus
1863 2619 2136 2693 Consularibns:

122 2747 190 2793 sno
205 2723 335 2804 natali,
362 2725 424 2816 qui
439 2723 508 2794 fuit
522 2722 598 2794 dies
613 2721 738 2804 mortis
750 2719 953 2792 'Alexandri
969 2720 1108 2810 Magni,
1154 2716 1318 2808 Pupieno
1341 2715 1501 2789 Maximo
1523 2718 1703 2794 Praefecto
1724 2723 1844 2808 urbis,
1887 2737 1921 2794 et
1937 2721 2035 2796 Gelio
2051 2721 2136 2792 Bal-

121 2822 290 2894 videlicet
312 2825 372 2893 28.
390 2822 497 2896 lunii.
601 2865 605 2876 ι
923 2869 929 2880 .
1095 2846 1102 2862 ·
1155 2818 1255 2887 bino.
1307 2816 1529 2888 Maximinus
1551 2820 1664 2892 iratus
1678 2821 1826 2896 Senatui
1849 2838 1884 2896 et
1898 2823 2054 2898 Romam
2068 2825 2136 2894 clu-

228 2923 325 2995 lnter
338 2925 450 3014 signa,
473 2948 563 3019 qnae
580 2936 731 2994 mortem
745 2923 820 2994 eius
833 2930 1109 3015 praecesserunt,
1156 2932 1278 2989 cturns
1295 2919 1505 3000 exercitum,
1541 2920 1579 2989 in
1597 2919 1654 2990 via
1670 2924 1843 2995 retinetur
1861 2927 1904 2996 ad
1922 2921 2138 3020 Aquileiam,

123 3027 197 3097 fnit
214 3019 283 3095 hoc
306 3051 464 3120 quoque:
495 3025 631 3096 Mulier
649 3023 792 3096 fatidica
809 3023 846 3094 in
861 3019 980 3100 Gellia
998 3045 1038 3092 ex
1053 3043 1109 3090 sa·
1155 3043 1247 3115 quae
1270 3042 1351 3090 enrn
1375 3021 1532 3114 recipere
1554 3022 1730 3096 noluerat
1780 3021 1885 3098 Hanc
1901 3051 1981 3098 cum
1997 3027 2139 3098 obside·

122 3129 309 3198 eerdntum
324 3129 458 3199 familia
477 3124 704 3222 quiDruidae
719 3125 1009 3204 nominabantur,
1025 3145 1108 3214 pro·
1155 3135 1209 3192 ret
1233 3145 1314 3192 cnm
1336 3121 1431 3208 filio,
1464 3137 1498 3194 et
1518 3125 1629 3194 fames
1651 3125 1689 3195 in
1720 3128 1843 3200 eastris
1866 3142 1974 3211 esset,
2008 3128 2138 3203 milites

122 3227 295 3298 ficissenti
311 3228 348 3294 in
367 3225 597 3306 Germaniam
614 3229 720 3296 dixit:
750 3223 791 3298 V
789 3219 879 3311 ade,
907 3247 969 3296 nec
989 3243 1109 3317 speres
1156 3223 1296 3312 cognita
1319 3223 1501 3294 voluntate
1522 3223 1694 3310 Senatus,
1727 3230 1845 3300 medio
1872 3232 1932 3300 die
1954 3230 2139 3324 quiescen-

123 3325 337 3397 victors'am:
379 3349 441 3398 nee
470 3320 638 3416 confidas
666 3320 785 3392 militi
814 3333 890 3393 luo.
940 3323 1109 3422 nFuerunt
1157 3335 1233 3390 tum
1259 3323 1298 3391 in
1323 3325 1479 3393 tentorio
1502 3324 1741 3400 Maximinum
1774 3345 1910 3422 patrem
1946 3346 1981 3403 et
2011 3331 2140 3406 deinde
2186 3326 2193 3343 ‘

115 3443 243 3500 'sutem
259 3421 436 3498 Druidas
453 3428 649 3496 sacerdotes
663 3424 778 3513 gentis
792 3421 965 3507 Gallicae,
991 3423 1109 3495 norni-
1156 3421 1548 3494 liliuminterfecerunt.
1581 3421 1657 3494 Hos
1676 3453 1796 3498 versus
1812 3431 1848 3498 in
1865 3427 2003 3501 theatro
2020 3454 2139 3501 coram

120 3529 217 3612 nati,
249 3542 289 3599 nt
311 3551 375 3619 ego
399 3529 580 3612 existimo,
612 3550 631 3596 a
659 3523 845 3615 fidelitate,
880 3523 981 3619 qrrosi
1003 3523 1110 3612 dicas,
1158 3523 1234 3614 ipso
1267 3520 1402 3592 Graece
1428 3523 1574 3617 quidam
1612 3527 1791 3614 recitavit,
1832 3533 2032 3624 significans
2059 3555 2138 3600 eum

120 3631 336 3706 olestrenae.
580 3661 582 3668 ·
883 3645 885 3650 ·
1157 3624 1378 3712 crrrdelitatis
1402 3647 1536 3717 poenas
1558 3627 1727 3700 daturum
1750 3653 1842 3718 esse,
1877 3633 2140 3726 quantumlibet
2180 3698 2188 3706 .

1156 3727 1348 3817 confideret
1360 3748 1425 3798 suo
1441 3729 1581 3800 robore.

121 3883 125 3888 -
178 3831 288 3904 Anno
306 3831 431 3904 mundi
449 3831 804 3925 quaterlmillesimo,
829 3829 1082 3902 ducentesimo.
1255 3831 1388 3918 Elephas
1403 3836 1522 3918 grandis
1545 3849 1607 3919 nt,
1634 3849 1665 3902 et
1679 3840 1837 3922 occiditur,

173 3932 285 4006 Anno
292 3933 430 4006 Romae
438 3934 706 4024 nongentesimo
722 3929 958 4022 octuagesimo
970 3944 1107 4006 octavo.
1256 3931 1324 4000 Leo
1341 3935 1509 4018 fortisan,
1534 3953 1563 4002 et
1580 3941 1738 4024 occiditur,

173 4036 281 4106 Auno
297 4032 432 4108 Christi
448 4036 690 4108 ducentesimo
705 4033 882 4104 tricesimo
905 4045 1043 4104 octavo.
1255 4036 1358 4120 Tigris
1371 4037 1460 4102 fonte
1476 4053 1535 4122 en,
1562 4054 1592 4104 er
1614 4046 1770 4108 ooeidltur.

585 4207 594 4224 .
654 4205 662 4222 ,
1018 4156 1021 4162 ’
1258 4138 1485 4224 Cavemnltos,
1511 4147 1690 4226 sisingulos
1704 4152 1880 4211 nontimes.
1928 4197 1937 4210 .

363 4269 372 4284 a
460 4206 765 4277 mmmmm·
1155 4230 1247 4304 Cum
1278 4249 1399 4306 antem
1437 4235 1573 4308 Graece
1605 4241 1810 4334 loquentem
1844 4264 1917 4312 non
1959 4236 2140 4328 intellige·

223 4331 473 4406 Maximinus
501 4335 616 4405 occiso
646 4327 852 4404 Alexandro
882 4333 956 4404 filio
987 4333 1106 4406 Mam·
1155 4350 1210 4407 ret
1225 4334 1466 4423 Maximinus,
1491 4351 1527 4408 et
1549 4341 1785 4432 interroganti
1809 4342 1876 4412 alia
1891 4339 2065 4412 sententia
2082 4337 2139 4426 di·

121 4463 243 4512 maeae
267 4453 371 4510 natus
393 4439 431 4506 in
453 4431 605 4508 Thracia
632 4435 755 4506 infimo
775 4436 873 4519 loco,
910 4437 1022 4508 factus
1044 4449 1106 4524 est,
1153 4452 1305 4526 caretur,
1331 4439 1442 4511 evasit
1456 4438 1593 4530 Mimus
1608 4443 1685 4514 sine
1701 4444 1890 4537 supplicio.

122 4543 317 4634 imperator
332 4543 408 4610 sine
423 4537 574 4613 Senatus
588 4537 790 4610 autoritate.
842 4535 1018 4628 Regnavit
1040 4543 1110 4608 anss

122 4658 301 4716 nostres.
362 4639 498 4718 Filium
526 4637 764 4718 Maximinum
795 4635 980 4714 Caesarem
1010 4641 1105 4713 iecit.
1206 4632 1316 4710 Anno
1348 4636 1476 4710 mundi
1519 4641 1852 4734 quatermillesimo,
1898 4639 2141 4712 ducentesimo

121 4738 214 4817 Cum
229 4731 354 4816 Pastor
367 4741 406 4812 in
425 4737 578 4812 Thracia
595 4739 738 4821 fuisset,
764 4737 918 4810 Romam
936 4739 1106 4832 venitSe-
1358 4739 1476 4812 tertio.

122 4846 197 4916 veri
223 4857 399 4936 tempore,
431 4843 497 4912 ubi
520 4853 663 4933 propter
686 4839 797 4912 robur
820 4841 999 4933 corporis,
1024 4865 1104 4912 cum
1205 4837 1314 4914 Anno
1323 4841 1461 4914 Romae
1471 4845 1752 4934 nongentesimo,
1770 4845 1998 4935 nonagesimo
2011 4844 2139 4936 primo.

121 4969 230 5020 cursu
260 4950 367 5038 pedes
396 4956 563 5036 aequaret
591 4955 790 5014 currentem
814 4939 935 5012 Severi
961 4967 1104 5036 equum,
1202 4939 1713 5032 AnnoChristiducentesimo,
1730 4946 2139 5039 quadragesimopriruo.
2179 4957 2182 4962 ’

122 5061 284 5141 receptus
305 5061 356 5116 est
376 5047 470 5118 inter
491 5046 654 5114 ermedeo
673 5044 831 5136 corporis
847 5041 979 5115 Severi.
1031 5044 1104 5116 Po·

124 5165 198 5224 stea
224 5150 290 5220 sub
310 5143 505 5218 Bassiano
527 5143 713 5218 'l'ribunns
732 5144 1020 5216 militumfactus
1042 5160 1104 5222 est.

122 5250 202 5324 Sub
219 5249 385 5322 Macrino
410 5247 516 5322 rediit
540 5247 588 5318 in*
602 5247 774 5336 patriam,
801 5262 834 5320 ct
855 5246 987 5320 ditatus
1001 5273 1103 5340 prae-
1257 5242 1480 5328 Gordianus
1492 5241 1645 5318 Tertius
1665 5249 1857 5320 intersectis
1872 5247 2079 5322 Maximinis
2094 5250 2139 5317 ad

121 5353 182 5426 dia
203 5354 300 5426 emit.
348 5351 429 5426 Sub
447 5347 681 5440 Heliogabalo
703 5345 855 5422 Romam
883 5349 1010 5440 rediit,
1040 5352 1101 5420 sed
1123 5353 1128 5418 Ι
1156 5343 1379 5445 Aquileiam,
1403 5365 1439 5423 et
1454 5348 1592 5424 Romae
1609 5351 1734 5422 occisis
1747 5352 1787 5422 in
1803 5350 1976 5422 seditione
1991 5349 2138 5422 militari

1395 5105 1672 5182 Gordianus
1699 5111 1900 5184 Tertius.
