4606 5822
152 241 228 314 413
249 307 258 320 .

225 401 230 418 ”
258 413 320 486 21.
355 375 442 499 Nep
463 399 645 496 loquimur
664 392 725 468 hic
745 396 802 478 de,
819 395 1056 478 delectatione
1085 377 1147 476 aut

158 521 310 604 dolore,
323 521 474 590 tactum,
499 515 640 596 gustum
656 524 696 576 ac
715 497 888 574 olfactum
900 503 1071 674 lomim
1086 529 1147 576 co.

158 623 325 701 enitente,
350 634 432 682 nam
449 608 525 678 eius
542 601 787 675 delectationis
801 626 841 674 ac
865 603 912 673 do
951 606 1001 676 ris
1013 629 1147 696 organa

159 735 243 794 sunt
265 715 385 798 nervi,
411 711 472 780 sed
494 706 680 801 loquimur
700 705 745 776 dc
776 701 1150 800 adfectibus'caeceris,

160 821 394 922 quieristunt
409 813 486 884 sine
506 820 682 882 contactu.

159 1048 264 1144 (fv.)
290 1049 400 1120 Alia
428 1043 717 1136 disputatio:
755 1033 803 1110 de
825 1034 1044 1113 discrimine
1062 1061 1150 1134 pea-

317 1193 326 1212 .
374 1152 453 1220 cati
477 1144 677 1242 oripiaoite
701 1149 740 1213 ει
757 1142 935 1214 cetratis.

159 1303 295 1403 [rouge
329 1311 411 1404 plus
444 1305 690 1398 complectitur
721 1300 912 1393 appellatio
945 1299 1079 1392 peccati
1111 1299 1151 1369 in

160 1415 271 1493 verbo
288 1410 367 1494 Dei,
391 1431 499 1504 quam
515 1407 556 1476 in
572 1398 819 1496 Philosophia.
856 1400 941 1473 Ideo
966 1401 1055 1494 lapsi
1069 1415 1152 1474 sunt

160 1515 326 1606 Pelagius
357 1526 391 1584 et
422 1509 572 1594 similes,
610 1505 673 1601 qui
699 1517 882 1598 peccatum
905 1504 945 1572 in
969 1502 1150 1595 evangelio

75 1633 78 1641 ’
161 1631 302 1688 tantum
316 1613 568 1684 intellexeruut
587 1601 839 1701 philosophico
861 1628 960 1675 more
982 1608 1026 1677 de
1042 1607 1152 1678 actio-

164 1720 292 1802 nibus,
317 1737 405 1810 quas
418 1713 511 1784 ratio
526 1709 645 1791 videt,
670 1722 706 1780 et
719 1709 854 1779 iudicat
877 1729 950 1777 esse
965 1708 1125 1781 viriosas.

266 1821 304 1890 2.
336 1815 429 1888 Nam
445 1824 627 1907 peceatum
644 1810 818 1902 significat
830 1832 905 1881 non
919 1814 1027 1882 modo
1043 1809 1153 1882 actio·

162 1945 246 2005 nes,
272 1920 334 1991 sed
343 1913 555 1989 horribilem
570 1913 836 2007 corruptionem
851 1910 891 1982 in
904 1926 1041 2000 natura,
1055 1936 1152 1983 ream

163 2026 239 2096 icae
253 2019 335 2096 Dei.
946 2104 953 2116 Ι

269 2125 305 2199 8.
341 2117 422 2193 Etsi
442 2115 576 2189 Paulus
598 2117 682 2188 non
701 2117 871 2188 discernit
897 2113 1153 2210 appellationes

160 2225 298 2322 peceati
316 2220 500 2312 originalis
515 2233 550 2290 ει
565 2217 729 2304 actualis,
755 2233 874 2291 tamen
891 2216 1075 2294 distinctio
1089 2217 1154 2289 illa

168 2329 326 2398 illustrat
340 2319 445 2392 Pauli
459 2320 687 2406 sententiam,
712 2333 746 2392 ει
765 2321 951 2392 retinenda
975 2332 1044 2406 est,
1068 2319 1154 2412 quia

166 2427 302 2499 Paulus
325 2425 374 2494 de
397 2437 551 2517 utruque
574 2413 754 2517 loquitur,
778 2423 823 2493 de
846 2433 987 2515 peccato
1006 2421 1154 2510 originis

168 2541 203 2600 ει
222 2529 266 2598 de
285 2525 469 2597 fructibus.

269 2626 307 2702 t.
332 2625 546 2716 Magnitudo
559 2621 862 2697 beneficiiChristi
874 2625 913 2695 fit
925 2623 1153 2717 conspectior.

169 2755 251 2804 uun
267 2730 470 2818 agnoscitur
486 2725 605 2796 morbi
620 2726 735 2816 nostri
751 2726 969 2816 magnitudo.

271 2828 308 2904 5.
347 2821 580 2920 Philosophia
601 2827 747 2897 moralis
769 2829 906 2923 quaerit
927 2829 1067 2899 causam
1083 2824 1153 2900 bu-

169 2954 296 3004 manae
317 2929 552 3014 infirmitatis,
576 2951 641 2998 nee
662 2941 776 3019 potest
794 2953 872 3000 eam
886 2930 1066 3016 invenire,
1089 2955 1155 3002 nee

171 3031 332 3105 remedia
345 3031 446 3101 firma
458 3029 627 3100 ostendit.
662 3025 759 3119 Ergo
775 3030 814 3100 fit
831 3026 1061 3123 Philosophia
1075 3055 1156 3122 gra-

175 3137 267 3216 tior,
303 3154 384 3202 cum
410 3131 455 3200 ad
478 3153 555 3199 eam
577 3128 757 3200 confertur
779 3128 1032 3220 Evangelium,
1058 3136 1156 3226 quod

169 3245 346 3308 monstrat
361 3253 501 3302 causam
517 3228 749 3316 infirmitatis,
775 3245 809 3304 ει
824 3233 923 3302 addit
938 3235 1104 3306 remedia.

272 3335 309 3408 6.
334 3327 473 3427 ἠθικὸν
486 3330 658 3420 significat
670 3335 920 3421 moderatoset
934 3335 1031 3405 lenes
1046 3337 1156 3409 animi

174 3451 315 3523 motus,
339 3434 427 3506 tales
444 3433 520 3504 sine
533 3434 602 3504 fide
617 3428 748 3506 habere
761 3435 803 3517 in
826 3436 962 3526 magnis
977 3437 1157 3513 calamita-

171 3543 268 3614 tibus
282 3558 388 3610 nemo
402 3548 528 3629 potest.

274 3644 309 3715 7.
335 3638 419 3714 Ideo
434 3651 474 3710 ut
488 3639 576 3710 bant
590 3635 763 3732 τειεῆθη
776 3658 916 3710 ιιεεεεεε
930 3652 982 3709 εει
992 3642 1157 3714 accedere

172 3741 413 3836 cognitionem
423 3735 571 3816 Christi.

285 3842 323 3918 8.
346 3839 440 3913 Cum
454 3843 501 3912 de
516 3852 718 3912 sauctorum
734 3841 937 3914 infirmitate
953 3856 988 3914 et
1000 3844 1158 3936 lapsibus

174 3945 325 4030 dicitur,
348 3964 490 4014 necesse
512 3953 563 4013 est
583 3941 729 4042 retineri
745 3943 935 4013 discrimen
952 3948 1083 4036 peccati
1097 3972 1158 4017 ve·

173 4045 281 4120 nialis
296 4059 331 4118 et
344 4043 518 4116 manalis.

277 4145 313 4216 9.
346 4141 514 4216 Comatae
535 4167 611 4216 non
634 4156 720 4216 sunt
739 4144 882 4230 stellae,
914 4147 975 4216 sed
998 4147 1161 4222 flammae

174 4270 313 4342 sparsae
333 4269 496 4337 arnapam
516 4241 776 4330 molehalitus,
801 4260 836 4316 et
850 4246 1005 4320 afferunt
1017 4249 1160 4324 siccita-

174 4365 238 4427 tes.
290 4348 375 4423 Ideo
391 4371 474 4421 vere
490 4360 525 4418 et
539 4342 686 4442 physice
708 4346 827 4440 inquit
843 4345 988 4422 Αεοιιιει

258 4494 354 4604 cippo
374 4515 421 4569 τις
438 4491 535 4575 iveris]
555 4491 651 4578 χαίρῃ
669 4489 884 4576 ποτιδέγμενος
896 4491 987 4580 ἀνήρ,

258 4578 349 4664 Mpd'
366 4575 424 4644 elta
436 4575 511 4644 καθ’
527 4571 665 4660 irrepere
678 4573 811 4650 ἐοικότες
823 4575 950 4663 ἀστέρες
962 4580 1031 4644 uiri.

258 4661 414 4749 μήθέἷς,
434 4659 607 4746 miredalin,
629 4661 708 4742 padi
720 4659 845 4736 πλέονες
866 4661 1051 4746 κομόωντες,

260 4751 380 4814 Πολλοὶ
399 4747 459 4834 γὰρ
482 4743 637 4828 reprimam
656 4743 702 4810 ἐπ’
726 4743 877 4836 αὐχμηρῷ
893 4749 1036 4838 ’ἐνιαυτοὶ

165 4931 170 4938 -
276 4889 575 4975 Fertilis‘Agrioolae
589 4893 670 4954 rotis
681 4894 839 4973 e·ontingat
854 4905 888 4954 ut
900 4913 1007 4972 mnus,

276 4990 441 5078 Nunquam
455 4997 598 5056 crinitum
612 4993 749 5058 rideatur
764 4997 798 5054 in
813 5000 880 5056 aire
899 4995 992 5058 sidus.

276 5092 349 5160 Nou
363 5117 460 5175 unus,
486 5099 640 5177 gemiuire
660 5097 791 5173 micent,
818 5099 956 5177 pluresve
970 5093 1121 5178 Gamerae,

278 5198 436 5282 Apparere
457 5201 555 5262 solent
576 5219 647 5262 acm
661 5202 741 5263 aiore
753 5210 889 5282 tempore
902 5201 1009 5264 crebri.

808 321 813 338 Ι
921 181 1426 334 ιιιεειιεὲιιιοιιοε
1469 325 1474 332 .

1893 195 2195 336 ’.444

1200 411 1284 510 (V.)
1304 419 1413 497 Alia
1433 416 1723 516 disputatios
1747 423 2037 509 daibertum
2050 437 2193 508 aaran
2242 509 2245 514 ,

1481 533 1522 598 et
1543 531 1630 608 aare·
1657 534 1902 608 Testamenti.
1933 611 1936 618 ,

1200 670 1285 756 [tex
1304 709 1383 756 cum
1398 710 1474 782 non
1487 680 1670 776 iustificat,
1691 694 1764 766 lata
1779 712 1830 770 est
1843 709 1885 770 ut
1898 696 2042 772 iudicet.
2063 737 2068 743 ¹

1303 790 1341 863 2.
1380 787 1460 861 Ηοε
1483 805 1535 863 εει
1562 790 1741 869 curDeut.
1758 797 1820 876 31.
1843 798 2105 893 scriptumest:
2133 795 2192 869 Sit

1070 951 1073 956 ,
1202 903 1324 964 contra
1340 905 1375 962 te
1390 892 1429 962 in
1444 893 1700 974 testimonium.

1304 991 1340 1064 8.
1374 991 1458 1065 Ideo
1474 1009 1613 1087 praeter
1629 1022 1685 1085 ea,
1711 1025 1801 1096 quae
1816 1001 1860 1073 de
1875 997 2193 1094 iusticiaspiritus

1204 1095 1394 1168 constituta
1410 1110 1514 1184 sunt,
1539 1099 1679 1174 additae
1699 1118 1783 1176 sunt
1796 1104 1958 1176 iusticiae
1972 1105 2108 1188 earnis,
2131 1126 2192 1172 ce-

1203 1198 1384 1268 remoniae
1400 1212 1435 1269 ει
1459 1199 1603 1272 iudicia.

1304 1295 1341 1368 4.
1372 1298 1422 1402 [lt
1436 1325 1516 1372 caro
1530 1303 1734 1377 coerceatur
1750 1305 1789 1376 in
1803 1307 1935 1401 impiis.

1306 1395 1345 1471 6.
1385 1399 1482 1492 Quia
1504 1407 1725 1499 euangelium
1755 1409 1995 1480 ministerium
2017 1408 2112 1478 vitae
2131 1423 2195 1492 est,

1203 1499 1285 1571 ideo
1308 1498 1403 1574 nihil
1424 1506 1607 1580 constituit
1629 1511 1674 1580 de
1689 1511 1891 1582 carnalibus
1909 1523 1942 1582 et
1955 1507 2120 1580 civilibus
2134 1509 2195 1580 iu-

1203 1602 1323 1674 stiriis.
1691 1693 1699 1707 .
1885 1699 1888 1708 ,

1291 1707 1343 1780 '6.
1376 1701 1487 1799 Impia
1508 1723 1609 1782 vetus
1617 1707 1887 1786 Testamentum
1905 1708 1956 1783 sic
1971 1736 1992 1785 a
2006 1738 2100 1785 novo
2116 1715 2192 1784 dis-

1204 1821 1356 1879 cernunt
1375 1805 1538 1898 Scholae,
1563 1826 1604 1884 ut
1621 1815 1733 1886 veteri
1747 1839 1893 1886 manum
1909 1829 2068 1898 tantum,
2095 1839 2192 1884 novo

1204 1910 1542 2002 concuspiscentiam
1564 1911 1746 2007 prohiberi
1767 1930 1935 2000 statuant.

1308 2009 1341 2084 7.
1373 2010 1467 2083 Nam
1490 2027 1525 2088 et
1540 2015 1597 2086 lex
1613 2015 1734 2112 Moysi
1748 2015 2070 2110 concupiscentiam
2086 2031 2194 2102 vetat,

1205 2126 1240 2184 et
1257 2137 1392 2184 novum
1413 2113 1683 2189 Testamentum
1704 2143 1780 2192 non
1802 2118 1896 2208 Lex,
1935 2119 1997 2189 sed
2027 2119 2192 2204 remissio

1203 2217 1336 2307 peccati
1352 2229 1414 2288 est.

1306 2317 1342 2392 8.
1381 2316 1578 2410 Evangelio
1599 2317 1794 2392 iusticiaet
1807 2319 1880 2391 vita
1895 2335 2058 2393 aeternae
2074 2324 2191 2393 dona·

1204 2429 1281 2504 tur,
1315 2419 1398 2489 ideo
1420 2444 1460 2490 ea
1480 2441 1561 2512 pars
1585 2419 1689 2511 legis,
1729 2444 1819 2515 quae
1841 2423 1885 2492 de
1907 2425 2013 2496 rebus
2037 2427 2194 2496 externis

1205 2520 1409 2606 coustituit,
1433 2523 1613 2616 antiquata
1635 2535 1699 2594 est.
2267 2607 2269 2610 ,

1253 2611 1255 2625 '
1318 2623 1355 2698 9.
1387 2618 1440 2694 Ea
1463 2645 1545 2716 pars
1563 2635 1706 2694 nonest
1722 2622 1927 2718 antiquata,
1951 2645 2044 2719 quae
2058 2627 2194 2700 iudicat

1206 2719 1323 2792 eorda.
1617 2753 1619 2758 ¹
2015 2771 2017 2781 .

1310 2823 1370 2898 10.
1406 2823 1497 2897 Nam
1513 2841 1695 2920 peccatum
1712 2826 1846 2898 remitti
1871 2848 1944 2898 non
1960 2827 2093 2920 potest,
2118 2832 2191 2901 nisi

1205 2923 1281 3013 lege
1296 2941 1475 2997 ostensum
1488 2928 1607 2999 fuerit.

1316 3028 1375 3104 11.
1402 3027 1547 3101 Hocest
1562 3026 2027 3121 curDecalogusexigatur,
2051 3029 2192 3126 reliqua

1207 3152 1290 3223 pars
1304 3130 1392 3220 legis
1405 3155 1480 3200 non
1494 3131 1590 3203 item.

1313 3233 1373 3307 te.
1406 3229 1550 3304 Iusticia
1566 3245 1602 3304 et
1616 3233 1688 3306 vita
1702 3244 1844 3303 aeterna
1859 3246 1910 3305 εει
1923 3234 2069 3307 libertas
2082 3259 2193 3310 evan-

1208 3331 1333 3422 getica:
1895 3353 1923 3362 “’
1960 3383 1975 3392 -

1313 3433 1372 3508 18.
1413 3431 1516 3504 Ηιιιιε
1545 3435 1733 3507 comitatur
1764 3435 1907 3509 libertas
1932 3439 2059 3508 tetendi
2083 3444 2194 3512 rebus

1209 3536 1380 3616 externis,
1405 3557 1470 3628 pro
1491 3534 1638 3607 arbitrio
1663 3535 1839 3628 Spiritus,
1864 3539 1948 3632 quia
1972 3536 2120 3612 Domini
2141 3561 2196 3615 est

1209 3649 1302 3708 terra
1316 3649 1382 3708 etc.
1806 3703 1807 3708 ,

1314 3737 1373 3814 14.
1414 3737 1485 3810 Sed
1501 3738 1656 3832 Spiritus
1678 3740 1822 3814 subiicit
1835 3741 1967 3814 liberos
1989 3747 2195 3836 percarita-

1209 3853 1297 3924 lem,
1319 3842 1486 3912 atrebas
1512 3855 1675 3928 utantur,
1697 3865 1762 3912 nec
1784 3858 1906 3917 contra
1922 3857 2105 3930 naturam,
2129 3869 2196 3917 nee

1210 3955 1333 4011 contra
1350 3941 1472 4012 civiles
1487 3943 1749 4029 ordinationes,
1770 3958 1943 4039 quatenus
1961 3948 2119 4019 scandali
2134 3972 2197 4020 ra-

1211 4043 1262 4113 tio
1280 4042 1405 4133 poscit.
1454 4039 1561 4115 Anno
1575 4041 1788 4120 MDXXlIl.

1212 4250 1323 4352 (vt.)
1350 4257 1462 4330 Atto
1489 4254 1762 4352 disputatio
1790 4259 2063 4362 theolopieo
2083 4265 2197 4340 Plci-

1391 4407 1392 4416 ι
1456 4362 1579 4456 lippi
1604 4362 1945 4437 Melanthoais.
2016 4419 2019 4429 .
2078 4423 2082 4429 .

1415 4527 1476 4598 De
1490 4529 1589 4626 Lepe
1615 4537 1654 4600 et
1668 4526 1986 4602 permissionibus.

1212 4655 1355 4746 Usitata
1370 4677 1502 4746 etfalaa
1523 4677 1704 4750 distinctio
1722 4694 1783 4762 εει,
1809 4693 1880 4750 tres
1894 4701 1968 4749 esse
1991 4679 2097 4769 leges,
2123 4677 2198 4750 Na-

1213 4775 1378 4862 turalem,
1403 4776 1596 4850 Mosaicam
1612 4777 1916 4872 etEvaugelicam.

1316 4881 1352 4950 2.
1393 4873 1440 4960 Ει
1464 4883 1573 4972 magis
1595 4883 1747 4974 impium
1771 4897 1841 4967 est,
1879 4883 1977 4977 quod
2010 4881 2198 4971 adfingunt

1214 4977 1372 5067 singulos
1395 4996 1538 5074 propter
1560 5006 1642 5052 suae
1667 4984 1753 5074 legis
1771 4985 2055 5056 observationem
2069 5005 2197 5054 conse·

1214 5093 1359 5180 quutos¹
1378 5104 1450 5152 esse
1486 5083 1727 5155 remissionem
1760 5099 1983 5178 peccatorum
2014 5097 2049 5156 et
2087 5085 2199 5158 vitam

1133 5226 1137 5232 ·
1214 5195 1403 5255 aeternam.

1316 5284 1352 5357 3.
1391 5281 1470 5356 Una
1486 5287 1581 5358 euim
1597 5290 1654 5360 lex
1677 5289 1824 5361 moralia
1844 5301 1896 5360 εει
1919 5290 2079 5362 omnium
2101 5301 2199 5360 acta·

1214 5396 1309 5472 tum,
1337 5386 1449 5459 donec
1465 5404 1581 5464 manet
1598 5404 1726 5492 natura
1747 5377 1949 5466 bominum.
