<?xml version="1.0" encoding="UTF-8"?>
<!DOCTYPE html PUBLIC "-//W3C//DTD XHTML 1.0 Transitional//EN"
    "http://www.w3.org/TR/xhtml1/DTD/xhtml1-transitional.dtd">
<html xmlns="http://www.w3.org/1999/xhtml" xml:lang="en" lang="en">
 <head>
  <title>
</title>
<meta http-equiv="Content-Type" content="text/html;charset=utf-8" />
  <meta name='ocr-system' content='tesseract 3.04.00' />
  <meta name='ocr-capabilities' content='ocr_page ocr_carea ocr_par ocr_line ocrx_word'/>
</head>
<body>
  <div class='ocr_page' id='page_1' title='image "./corpusreformato13melagoog_0507.png"; bbox 0 0 4706 5818; ppageno 0'>
   <div class='ocr_carea' id='block_1_1' title="bbox 189 213 2260 368">
    <p class='ocr_par' dir='ltr' id='par_1_1' title="bbox 189 213 2260 368">
     <span class='ocr_line' id='line_1_1' title="bbox 189 213 2260 368; baseline 0.003 -7"><span class='ocrx_word' id='word_1_1' title='bbox 189 254 337 367; x_wconf 81' lang='lat' dir='ltr'>&#39;1oss</span> <span class='ocrx_word' id='word_1_2' title='bbox 477 213 688 363; x_wconf 75' lang='lat' dir='ltr'>scauro</span> <span class='ocrx_word' id='word_1_3' title='bbox 711 284 788 358; x_wconf 79' lang='lat' dir='ltr'>an</span> <span class='ocrx_word' id='word_1_4' title='bbox 813 279 932 359; x_wconf 82' lang='lat' dir='ltr'>nur..</span> <span class='ocrx_word' id='word_1_5' title='bbox 957 279 1029 356; x_wconf 78' lang='lat' dir='ltr'>ao</span> <span class='ocrx_word' id='word_1_6' title='bbox 1054 281 1181 357; x_wconf 80' lang='lat' dir='ltr'>nur.</span> <span class='ocrx_word' id='word_1_7' title='bbox 1206 277 1350 358; x_wconf 79' lang='lat' dir='ltr'>naor.</span> <span class='ocrx_word' id='word_1_8' title='bbox 1372 275 1439 355; x_wconf 85' lang='lat' dir='ltr'>ur</span> <span class='ocrx_word' id='word_1_9' title='bbox 1465 275 1657 363; x_wconf 78' lang='lat' dir='ltr'>aurcos.</span> <span class='ocrx_word' id='word_1_10' title='bbox 1682 281 2015 366; x_wconf 72' lang='lat' dir='ltr'>succussant</span> <span class='ocrx_word' id='word_1_11' title='bbox 2115 291 2260 368; x_wconf 77' lang='lat' dir='ltr'>¹coes</span> 
     </span>
    </p>
   </div>
   <div class='ocr_carea' id='block_1_2' title="bbox 135 453 2346 5488">
    <p class='ocr_par' dir='ltr' id='par_1_2' title="bbox 135 453 2346 5488">
     <span class='ocr_line' id='line_1_2' title="bbox 238 453 2260 547; baseline 0.002 -17"><span class='ocrx_word' id='word_1_12' title='bbox 238 457 409 531; x_wconf 80' lang='lat' dir='ltr'>Ticinum</span> <span class='ocrx_word' id='word_1_13' title='bbox 423 457 551 542; x_wconf 90' lang='lat' dir='ltr'>diruit,</span> <span class='ocrx_word' id='word_1_14' title='bbox 578 471 612 528; x_wconf 86' lang='lat' dir='ltr'>et</span> <span class='ocrx_word' id='word_1_15' title='bbox 632 479 712 528; x_wconf 93' lang='lat' dir='ltr'>cum</span> <span class='ocrx_word' id='word_1_16' title='bbox 727 453 880 529; x_wconf 83' lang='lat' dir='ltr'><strong>Romam</strong></span> <span class='ocrx_word' id='word_1_17' title='bbox 903 475 1102 527; x_wconf 87' lang='lat' dir='ltr'>accessurus</span> <span class='ocrx_word' id='word_1_18' title='bbox 1123 467 1224 539; x_wconf 87' lang='lat' dir='ltr'>esset,</span> <span class='ocrx_word' id='word_1_19' title='bbox 1274 475 1369 539; x_wconf 89' lang='lat' dir='ltr'>sam,</span> <span class='ocrx_word' id='word_1_20' title='bbox 1394 453 1433 523; x_wconf 91' lang='lat' dir='ltr'>in</span> <span class='ocrx_word' id='word_1_21' title='bbox 1447 477 1517 547; x_wconf 86' lang='lat' dir='ltr'>qua</span> <span class='ocrx_word' id='word_1_22' title='bbox 1532 453 1648 527; x_wconf 91' lang='lat' dir='ltr'>victus</span> <span class='ocrx_word' id='word_1_23' title='bbox 1658 468 1711 528; x_wconf 89' lang='lat' dir='ltr'>est</span> <span class='ocrx_word' id='word_1_24' title='bbox 1728 457 1773 527; x_wconf 89' lang='lat' dir='ltr'>ab</span> <span class='ocrx_word' id='word_1_25' title='bbox 1786 457 1901 540; x_wconf 79' lang='lat' dir='ltr'>Assio,</span> <span class='ocrx_word' id='word_1_26' title='bbox 1926 459 2018 530; x_wconf 83' lang='lat' dir='ltr'>iacta</span> <span class='ocrx_word' id='word_1_27' title='bbox 2033 473 2083 532; x_wconf 88' lang='lat' dir='ltr'>est</span> <span class='ocrx_word' id='word_1_28' title='bbox 2098 466 2260 534; x_wconf 70' lang='lat' dir='ltr'>mundo</span> 
     </span>
     <span class='ocr_line' id='line_1_3' title="bbox 239 543 2260 657; baseline 0.002 -27"><span class='ocrx_word' id='word_1_29' title='bbox 239 543 340 631; x_wconf 90' lang='lat' dir='ltr'>missi</span> <span class='ocrx_word' id='word_1_30' title='bbox 365 560 507 630; x_wconf 87' lang='lat' dir='ltr'>obviarn</span> <span class='ocrx_word' id='word_1_31' title='bbox 531 550 611 628; x_wconf 82' lang='lat' dir='ltr'>Leo</span> <span class='ocrx_word' id='word_1_32' title='bbox 632 557 819 630; x_wconf 89' lang='lat' dir='ltr'>Romanus</span> <span class='ocrx_word' id='word_1_33' title='bbox 839 551 1055 650; x_wconf 83' lang='lat' dir='ltr'>Episcopus,</span> <span class='ocrx_word' id='word_1_34' title='bbox 1083 568 1118 626; x_wconf 93' lang='grc' dir='ltr'><strong>ει</strong></span> <span class='ocrx_word' id='word_1_35' title='bbox 1142 577 1224 649; x_wconf 90' lang='lat' dir='ltr'>pars</span> <span class='ocrx_word' id='word_1_36' title='bbox 1273 553 1448 625; x_wconf 89' lang='lat' dir='ltr'>Martiani</span> <span class='ocrx_word' id='word_1_37' title='bbox 1462 577 1569 627; x_wconf 90' lang='lat' dir='ltr'>anno.</span> <span class='ocrx_word' id='word_1_38' title='bbox 1620 554 1689 626; x_wconf 91' lang='lat' dir='ltr'>Hic</span> <span class='ocrx_word' id='word_1_39' title='bbox 1712 557 1781 627; x_wconf 83' lang='lat' dir='ltr'>luit</span> <span class='ocrx_word' id='word_1_40' title='bbox 1801 581 1915 629; x_wconf 87' lang='lat' dir='ltr'>annus</span> <span class='ocrx_word' id='word_1_41' title='bbox 1935 555 2069 632; x_wconf 75' lang='lat' dir='ltr'><strong>Christi</strong></span> <span class='ocrx_word' id='word_1_42' title='bbox 2084 565 2260 657; x_wconf 84' lang='lat' dir='ltr'>quadrin-</span> 
     </span>
     <span class='ocr_line' id='line_1_4' title="bbox 242 649 2346 756; baseline 0.001 -23"><span class='ocrx_word' id='word_1_43' title='bbox 242 661 394 734; x_wconf 88' lang='lat' dir='ltr'>Senatus</span> <span class='ocrx_word' id='word_1_44' title='bbox 407 661 609 752; x_wconf 89' lang='lat' dir='ltr'>petiverunt</span> <span class='ocrx_word' id='word_1_45' title='bbox 622 681 755 751; x_wconf 85' lang='lat' dir='ltr'>pacem,</span> <span class='ocrx_word' id='word_1_46' title='bbox 782 669 816 728; x_wconf 93' lang='lat' dir='ltr'>et</span> <span class='ocrx_word' id='word_1_47' title='bbox 830 658 1004 749; x_wconf 91' lang='lat' dir='ltr'>supplices</span> <span class='ocrx_word' id='word_1_48' title='bbox 1019 668 1223 746; x_wconf 87' lang='lat' dir='ltr'>oraverunt,</span> <span class='ocrx_word' id='word_1_49' title='bbox 1274 656 1486 746; x_wconf 89' lang='lat' dir='ltr'>gentesimus</span> <span class='ocrx_word' id='word_1_50' title='bbox 1502 657 1815 750; x_wconf 89' lang='lat' dir='ltr'>quinquagesimus</span> <span class='ocrx_word' id='word_1_51' title='bbox 1836 660 1994 752; x_wconf 88' lang='lat' dir='ltr'>quintus.</span> <span class='ocrx_word' id='word_1_52' title='bbox 2045 660 2260 756; x_wconf 75' lang='lat' dir='ltr'>consumpti</span> <span class='ocrx_word' id='word_1_53' title='bbox 2345 649 2346 672; x_wconf 50' lang='lat'>¹</span> 
     </span>
     <span class='ocr_line' id='line_1_5' title="bbox 239 756 2260 855; baseline 0.001 -23"><span class='ocrx_word' id='word_1_54' title='bbox 239 777 279 834; x_wconf 90' lang='lat' dir='ltr'>ut</span> <span class='ocrx_word' id='word_1_55' title='bbox 295 775 453 855; x_wconf 87' lang='lat' dir='ltr'>parceret</span> <span class='ocrx_word' id='word_1_56' title='bbox 475 761 559 831; x_wconf 90' lang='lat' dir='ltr'>urbi</span> <span class='ocrx_word' id='word_1_57' title='bbox 581 757 736 842; x_wconf 86' lang='lat' dir='ltr'>Romae,</span> <span class='ocrx_word' id='word_1_58' title='bbox 760 781 850 850; x_wconf 89' lang='lat' dir='ltr'>quae</span> <span class='ocrx_word' id='word_1_59' title='bbox 870 770 925 829; x_wconf 90' lang='lat' dir='ltr'>tot</span> <span class='ocrx_word' id='word_1_60' title='bbox 946 757 1153 828; x_wconf 85' lang='lat' dir='ltr'>excellentes</span> <span class='ocrx_word' id='word_1_61' title='bbox 1169 756 1224 825; x_wconf 91' lang='lat' dir='ltr'>vi·</span> <span class='ocrx_word' id='word_1_62' title='bbox 1273 770 1358 828; x_wconf 85' lang='lat' dir='ltr'>sunt</span> <span class='ocrx_word' id='word_1_63' title='bbox 1376 757 1486 845; x_wconf 89' lang='lat' dir='ltr'>igitur</span> <span class='ocrx_word' id='word_1_64' title='bbox 1506 759 1594 828; x_wconf 89' lang='lat' dir='ltr'>anni</span> <span class='ocrx_word' id='word_1_65' title='bbox 1607 759 1746 829; x_wconf 75' lang='lat' dir='ltr'>circiter</span> <span class='ocrx_word' id='word_1_66' title='bbox 1767 782 1826 830; x_wconf 83' lang='lat' dir='ltr'>sex</span> <span class='ocrx_word' id='word_1_67' title='bbox 1842 761 1881 829; x_wconf 91' lang='lat' dir='ltr'>iu</span> <span class='ocrx_word' id='word_1_68' title='bbox 1897 763 2090 833; x_wconf 88' lang='lat' dir='ltr'>vastatione</span> <span class='ocrx_word' id='word_1_69' title='bbox 2105 765 2260 835; x_wconf 89' lang='lat' dir='ltr'>Germa-</span> 
     </span>
     <span class='ocr_line' id='line_1_6' title="bbox 240 854 2261 952; baseline 0.002 -20"><span class='ocrx_word' id='word_1_70' title='bbox 240 888 300 934; x_wconf 92' lang='lat' dir='ltr'>ros</span> <span class='ocrx_word' id='word_1_71' title='bbox 321 862 409 933; x_wconf 90' lang='lat' dir='ltr'>olim</span> <span class='ocrx_word' id='word_1_72' title='bbox 431 862 628 952; x_wconf 74' lang='lat' dir='ltr'>genuisset,</span> <span class='ocrx_word' id='word_1_73' title='bbox 661 881 814 952; x_wconf 90' lang='lat' dir='ltr'>quorum</span> <span class='ocrx_word' id='word_1_74' title='bbox 840 859 953 928; x_wconf 87' lang='lat' dir='ltr'>virtus</span> <span class='ocrx_word' id='word_1_75' title='bbox 972 859 1013 927; x_wconf 92' lang='lat' dir='ltr'>in</span> <span class='ocrx_word' id='word_1_76' title='bbox 1037 872 1111 930; x_wconf 91' lang='lat' dir='ltr'>toto</span> <span class='ocrx_word' id='word_1_77' title='bbox 1137 859 1223 928; x_wconf 89' lang='lat' dir='ltr'>orbe</span> <span class='ocrx_word' id='word_1_78' title='bbox 1273 858 1354 927; x_wconf 89' lang='lat' dir='ltr'>niae</span> <span class='ocrx_word' id='word_1_79' title='bbox 1377 870 1411 927; x_wconf 88' lang='lat' dir='ltr'>et</span> <span class='ocrx_word' id='word_1_80' title='bbox 1433 854 1590 940; x_wconf 88' lang='lat' dir='ltr'>Galliae,</span> <span class='ocrx_word' id='word_1_81' title='bbox 1616 883 1686 952; x_wconf 91' lang='lat' dir='ltr'>quo</span> <span class='ocrx_word' id='word_1_82' title='bbox 1710 872 1869 952; x_wconf 89' lang='lat' dir='ltr'>tempore</span> <span class='ocrx_word' id='word_1_83' title='bbox 1888 863 1993 932; x_wconf 90' lang='lat' dir='ltr'>multi</span> <span class='ocrx_word' id='word_1_84' title='bbox 2008 866 2120 937; x_wconf 89' lang='lat' dir='ltr'>sancti</span> <span class='ocrx_word' id='word_1_85' title='bbox 2137 867 2207 937; x_wconf 89' lang='lat' dir='ltr'>viri</span> <span class='ocrx_word' id='word_1_86' title='bbox 2225 881 2261 937; x_wconf 94' lang='lat' dir='ltr'>et</span> 
     </span>
     <span class='ocr_line' id='line_1_7' title="bbox 240 959 2261 1057; baseline 0.002 -23"><span class='ocrx_word' id='word_1_87' title='bbox 240 965 335 1034; x_wconf 90' lang='lat' dir='ltr'>clara</span> <span class='ocrx_word' id='word_1_88' title='bbox 362 964 417 1034; x_wconf 90' lang='lat' dir='ltr'>sit.</span> <span class='ocrx_word' id='word_1_89' title='bbox 476 959 651 1031; x_wconf 76' lang='lat' dir='ltr'>Flectitur</span> <span class='ocrx_word' id='word_1_90' title='bbox 675 971 811 1050; x_wconf 89' lang='lat' dir='ltr'>praeter</span> <span class='ocrx_word' id='word_1_91' title='bbox 832 960 994 1029; x_wconf 89' lang='lat' dir='ltr'>omnium</span> <span class='ocrx_word' id='word_1_92' title='bbox 1015 959 1223 1053; x_wconf 84' lang='lat' dir='ltr'>opinionem</span> <span class='ocrx_word' id='word_1_93' title='bbox 1273 973 1455 1029; x_wconf 88' lang='lat' dir='ltr'>matronae</span> <span class='ocrx_word' id='word_1_94' title='bbox 1476 959 1603 1048; x_wconf 84' lang='lat' dir='ltr'>passim</span> <span class='ocrx_word' id='word_1_95' title='bbox 1619 959 1793 1031; x_wconf 89' lang='lat' dir='ltr'>interiecti</span> <span class='ocrx_word' id='word_1_96' title='bbox 1809 974 1903 1036; x_wconf 87' lang='lat' dir='ltr'>snut.</span> <span class='ocrx_word' id='word_1_97' title='bbox 1954 962 2083 1057; x_wconf 89' lang='lat' dir='ltr'>Captae</span> <span class='ocrx_word' id='word_1_98' title='bbox 2099 979 2134 1036; x_wconf 89' lang='lat' dir='ltr'>et</span> <span class='ocrx_word' id='word_1_99' title='bbox 2155 968 2261 1038; x_wconf 85' lang='lat' dir='ltr'>diru-</span> 
     </span>
     <span class='ocr_line' id='line_1_8' title="bbox 241 1057 2259 1156; baseline 0.001 -21"><span class='ocrx_word' id='word_1_100' title='bbox 241 1065 372 1149; x_wconf 87' lang='lat' dir='ltr'>Attila,</span> <span class='ocrx_word' id='word_1_101' title='bbox 397 1076 433 1134; x_wconf 89' lang='lat' dir='ltr'>et</span> <span class='ocrx_word' id='word_1_102' title='bbox 453 1061 644 1133; x_wconf 85' lang='lat' dir='ltr'>exercitum</span> <span class='ocrx_word' id='word_1_103' title='bbox 667 1059 705 1127; x_wconf 92' lang='lat' dir='ltr'>in</span> <span class='ocrx_word' id='word_1_104' title='bbox 719 1057 944 1130; x_wconf 88' lang='lat' dir='ltr'>Pannoniam</span> <span class='ocrx_word' id='word_1_105' title='bbox 961 1061 1111 1135; x_wconf 79' lang='lat' dir='ltr'>reducit.</span> <span class='ocrx_word' id='word_1_106' title='bbox 1160 1059 1223 1130; x_wconf 88' lang='lat' dir='ltr'>In·</span> <span class='ocrx_word' id='word_1_107' title='bbox 1272 1073 1328 1129; x_wconf 87' lang='lat' dir='ltr'>tae</span> <span class='ocrx_word' id='word_1_108' title='bbox 1351 1060 1560 1151; x_wconf 77' lang='lat' dir='ltr'>praecipuae</span> <span class='ocrx_word' id='word_1_109' title='bbox 1578 1060 1702 1146; x_wconf 85' lang='lat' dir='ltr'>urbes,</span> <span class='ocrx_word' id='word_1_110' title='bbox 1728 1058 1878 1132; x_wconf 83' lang='lat' dir='ltr'>Colonia</span> <span class='ocrx_word' id='word_1_111' title='bbox 1899 1061 2118 1156; x_wconf 82' lang='lat' dir='ltr'>Agrippina,</span> <span class='ocrx_word' id='word_1_112' title='bbox 2152 1066 2259 1138; x_wconf 85' lang='lat' dir='ltr'>Tun-</span> 
     </span>
     <span class='ocr_line' id='line_1_9' title="bbox 241 1155 2259 1257; baseline 0 -21"><span class='ocrx_word' id='word_1_113' title='bbox 241 1177 438 1255; x_wconf 87' lang='lat' dir='ltr'>terrogatus</span> <span class='ocrx_word' id='word_1_114' title='bbox 453 1183 611 1246; x_wconf 87' lang='lat' dir='ltr'>causam,</span> <span class='ocrx_word' id='word_1_115' title='bbox 636 1183 700 1230; x_wconf 91' lang='lat' dir='ltr'>cur</span> <span class='ocrx_word' id='word_1_116' title='bbox 713 1160 831 1230; x_wconf 91' lang='lat' dir='ltr'>subito</span> <span class='ocrx_word' id='word_1_117' title='bbox 847 1161 1008 1232; x_wconf 90' lang='lat' dir='ltr'>oratione</span> <span class='ocrx_word' id='word_1_118' title='bbox 1024 1161 1222 1252; x_wconf 89' lang='lat' dir='ltr'>supplicum</span> <span class='ocrx_word' id='word_1_119' title='bbox 1273 1160 1364 1249; x_wconf 89' lang='lat' dir='ltr'>gria,</span> <span class='ocrx_word' id='word_1_120' title='bbox 1390 1155 1686 1248; x_wconf 78' lang='lat' dir='ltr'>Argentoratum,</span> <span class='ocrx_word' id='word_1_121' title='bbox 1710 1163 1797 1232; x_wconf 91' lang='lat' dir='ltr'>urbs</span> <span class='ocrx_word' id='word_1_122' title='bbox 1821 1160 2084 1253; x_wconf 75' lang='lat' dir='ltr'>Rauracorum,</span> <span class='ocrx_word' id='word_1_123' title='bbox 2109 1165 2259 1257; x_wconf 85' lang='lat' dir='ltr'>Lugdu-</span> 
     </span>
     <span class='ocr_line' id='line_1_10' title="bbox 242 1259 2259 1346; baseline 0.001 -10"><span class='ocrx_word' id='word_1_124' title='bbox 242 1278 360 1336; x_wconf 91' lang='lat' dir='ltr'>motus</span> <span class='ocrx_word' id='word_1_125' title='bbox 376 1275 484 1346; x_wconf 90' lang='lat' dir='ltr'>esset,</span> <span class='ocrx_word' id='word_1_126' title='bbox 509 1262 600 1331; x_wconf 88' lang='lat' dir='ltr'>dixit</span> <span class='ocrx_word' id='word_1_127' title='bbox 614 1283 650 1332; x_wconf 91' lang='lat' dir='ltr'>se</span> <span class='ocrx_word' id='word_1_128' title='bbox 664 1260 794 1330; x_wconf 90' lang='lat' dir='ltr'>vidisse</span> <span class='ocrx_word' id='word_1_129' title='bbox 811 1285 929 1331; x_wconf 87' lang='lat' dir='ltr'>senem</span> <span class='ocrx_word' id='word_1_130' title='bbox 945 1275 1116 1333; x_wconf 90' lang='lat' dir='ltr'>astantem</span> <span class='ocrx_word' id='word_1_131' title='bbox 1131 1259 1224 1332; x_wconf 89' lang='lat' dir='ltr'>Leo·</span> <span class='ocrx_word' id='word_1_132' title='bbox 1274 1285 1380 1340; x_wconf 90' lang='lat' dir='ltr'>num,</span> <span class='ocrx_word' id='word_1_133' title='bbox 1414 1273 1449 1330; x_wconf 89' lang='lat' dir='ltr'>et</span> <span class='ocrx_word' id='word_1_134' title='bbox 1476 1261 1567 1330; x_wconf 88' lang='lat' dir='ltr'>aliae</span> <span class='ocrx_word' id='word_1_135' title='bbox 1595 1262 1746 1332; x_wconf 89' lang='lat' dir='ltr'>multae:</span> <span class='ocrx_word' id='word_1_136' title='bbox 1778 1265 1837 1334; x_wconf 89' lang='lat' dir='ltr'>sed</span> <span class='ocrx_word' id='word_1_137' title='bbox 1873 1265 1959 1335; x_wconf 90' lang='lat' dir='ltr'>urbs</span> <span class='ocrx_word' id='word_1_138' title='bbox 1977 1262 2259 1339; x_wconf 73' lang='lat' dir='ltr'>&#39;Aurelianensis</span> 
     </span>
     <span class='ocr_line' id='line_1_11' title="bbox 240 1357 2259 1455; baseline 0.001 -20"><span class='ocrx_word' id='word_1_139' title='bbox 240 1367 281 1435; x_wconf 91' lang='lat' dir='ltr'>nl</span> <span class='ocrx_word' id='word_1_140' title='bbox 296 1363 462 1437; x_wconf 84' lang='lat' dir='ltr'>Romano</span> <span class='ocrx_word' id='word_1_141' title='bbox 475 1357 670 1455; x_wconf 81' lang='lat' dir='ltr'>Episcopo,</span> <span class='ocrx_word' id='word_1_142' title='bbox 696 1363 810 1454; x_wconf 90' lang='lat' dir='ltr'>specie</span> <span class='ocrx_word' id='word_1_143' title='bbox 825 1385 930 1455; x_wconf 89' lang='lat' dir='ltr'>supra</span> <span class='ocrx_word' id='word_1_144' title='bbox 944 1358 1137 1432; x_wconf 86' lang='lat' dir='ltr'>humanam</span> <span class='ocrx_word' id='word_1_145' title='bbox 1154 1375 1224 1432; x_wconf 87' lang='lat' dir='ltr'>ter·</span> <span class='ocrx_word' id='word_1_146' title='bbox 1274 1362 1402 1452; x_wconf 90' lang='lat' dir='ltr'>pietate</span> <span class='ocrx_word' id='word_1_147' title='bbox 1423 1358 1592 1452; x_wconf 84' lang='lat' dir='ltr'>Episcopi</span> <span class='ocrx_word' id='word_1_148' title='bbox 1613 1358 1786 1432; x_wconf 81' lang='lat' dir='ltr'>Anniani</span> <span class='ocrx_word' id='word_1_149' title='bbox 1802 1363 2014 1437; x_wconf 88' lang='lat' dir='ltr'>mirabiliter</span> <span class='ocrx_word' id='word_1_150' title='bbox 2034 1369 2259 1439; x_wconf 79' lang='lat' dir='ltr'>defensaret.</span> 
     </span>
     <span class='ocr_line' id='line_1_12' title="bbox 241 1457 2261 1555; baseline 0.001 -20"><span class='ocrx_word' id='word_1_151' title='bbox 241 1466 340 1536; x_wconf 91' lang='lat' dir='ltr'>ribili</span> <span class='ocrx_word' id='word_1_152' title='bbox 374 1465 596 1534; x_wconf 83' lang='lat' dir='ltr'>minitantem</span> <span class='ocrx_word' id='word_1_153' title='bbox 626 1463 659 1533; x_wconf 91' lang='lat' dir='ltr'>ei</span> <span class='ocrx_word' id='word_1_154' title='bbox 694 1477 863 1549; x_wconf 92' lang='lat' dir='ltr'>mortem,</span> <span class='ocrx_word' id='word_1_155' title='bbox 900 1463 971 1532; x_wconf 90' lang='lat' dir='ltr'>nisi</span> <span class='ocrx_word' id='word_1_156' title='bbox 1004 1463 1224 1555; x_wconf 88' lang='lat' dir='ltr'>supplicibus</span> <span class='ocrx_word' id='word_1_157' title='bbox 1272 1459 1466 1533; x_wconf 80' lang='lat' dir='ltr'>Nemeum</span> <span class='ocrx_word' id='word_1_158' title='bbox 1488 1457 1638 1532; x_wconf 79' lang='lat' dir='ltr'>Attilam</span> <span class='ocrx_word' id='word_1_159' title='bbox 1659 1464 1788 1534; x_wconf 82' lang='lat' dir='ltr'>trustra</span> <span class='ocrx_word' id='word_1_160' title='bbox 1809 1481 1970 1554; x_wconf 89' lang='lat' dir='ltr'>precatus</span> <span class='ocrx_word' id='word_1_161' title='bbox 1986 1482 2090 1554; x_wconf 87' lang='lat' dir='ltr'>esset,</span> <span class='ocrx_word' id='word_1_162' title='bbox 2114 1483 2157 1540; x_wconf 89' lang='lat' dir='ltr'>nt</span> <span class='ocrx_word' id='word_1_163' title='bbox 2175 1471 2261 1540; x_wconf 90' lang='lat' dir='ltr'>urbi</span> 
     </span>
     <span class='ocr_line' id='line_1_13' title="bbox 240 1562 2260 1661; baseline 0.002 -25"><span class='ocrx_word' id='word_1_164' title='bbox 240 1579 409 1660; x_wconf 85' lang='lat' dir='ltr'>parceret.</span> <span class='ocrx_word' id='word_1_165' title='bbox 461 1562 515 1634; x_wconf 89' lang='lat' dir='ltr'>lta</span> <span class='ocrx_word' id='word_1_166' title='bbox 530 1563 635 1636; x_wconf 86' lang='lat' dir='ltr'>etiarn</span> <span class='ocrx_word' id='word_1_167' title='bbox 654 1563 869 1636; x_wconf 85' lang='lat' dir='ltr'>terribilium</span> <span class='ocrx_word' id='word_1_168' title='bbox 894 1578 1126 1657; x_wconf 88' lang='lat' dir='ltr'>tyrannorum</span> <span class='ocrx_word' id='word_1_169' title='bbox 1153 1564 1222 1632; x_wconf 85' lang='lat' dir='ltr'>im·</span> <span class='ocrx_word' id='word_1_170' title='bbox 1272 1576 1450 1653; x_wconf 89' lang='lat' dir='ltr'>parceret,</span> <span class='ocrx_word' id='word_1_171' title='bbox 1481 1575 1602 1652; x_wconf 88' lang='lat' dir='ltr'>postea</span> <span class='ocrx_word' id='word_1_172' title='bbox 1624 1563 1789 1635; x_wconf 79' lang='lat' dir='ltr'>veniente</span> <span class='ocrx_word' id='word_1_173' title='bbox 1811 1565 1918 1635; x_wconf 80' lang='lat' dir='ltr'>A‘e‘tio</span> <span class='ocrx_word' id='word_1_174' title='bbox 1944 1589 2046 1638; x_wconf 85' lang='lat' dir='ltr'>saeva</span> <span class='ocrx_word' id='word_1_175' title='bbox 2068 1583 2260 1661; x_wconf 83' lang='lat' dir='ltr'>tempestas</span> 
     </span>
     <span class='ocr_line' id='line_1_14' title="bbox 222 1661 2258 1758; baseline 0.002 -22"><span class='ocrx_word' id='word_1_176' title='bbox 222 1679 359 1757; x_wconf 81' lang='lat' dir='ltr'>‘petum</span> <span class='ocrx_word' id='word_1_177' title='bbox 376 1689 480 1758; x_wconf 88' lang='lat' dir='ltr'>saepe</span> <span class='ocrx_word' id='word_1_178' title='bbox 494 1661 591 1736; x_wconf 88' lang='lat' dir='ltr'>Deus</span> <span class='ocrx_word' id='word_1_179' title='bbox 604 1664 749 1754; x_wconf 84' lang='lat' dir='ltr'>frangit.</span> <span class='ocrx_word' id='word_1_180' title='bbox 798 1662 909 1736; x_wconf 85' lang='lat' dir='ltr'>Redit</span> <span class='ocrx_word' id='word_1_181' title='bbox 924 1665 1008 1734; x_wconf 91' lang='lat' dir='ltr'>inde</span> <span class='ocrx_word' id='word_1_182' title='bbox 1023 1666 1060 1734; x_wconf 92' lang='lat' dir='ltr'>in</span> <span class='ocrx_word' id='word_1_183' title='bbox 1077 1663 1224 1734; x_wconf 86' lang='lat' dir='ltr'>Panno·</span> <span class='ocrx_word' id='word_1_184' title='bbox 1273 1664 1366 1733; x_wconf 90' lang='lat' dir='ltr'>inter</span> <span class='ocrx_word' id='word_1_185' title='bbox 1380 1663 1626 1754; x_wconf 87' lang='lat' dir='ltr'>praeliandum</span> <span class='ocrx_word' id='word_1_186' title='bbox 1640 1685 1803 1753; x_wconf 87' lang='lat' dir='ltr'>magnam</span> <span class='ocrx_word' id='word_1_187' title='bbox 1818 1666 2084 1738; x_wconf 87' lang='lat' dir='ltr'>multitudinem</span> <span class='ocrx_word' id='word_1_188' title='bbox 2098 1668 2258 1740; x_wconf 86' lang='lat' dir='ltr'>Hunno-</span> 
     </span>
     <span class='ocr_line' id='line_1_15' title="bbox 240 1763 2257 1860; baseline 0.002 -24"><span class='ocrx_word' id='word_1_189' title='bbox 240 1767 356 1852; x_wconf 86' lang='lat' dir='ltr'>niam‚</span> <span class='ocrx_word' id='word_1_190' title='bbox 378 1779 413 1836; x_wconf 89' lang='lat' dir='ltr'>et</span> <span class='ocrx_word' id='word_1_191' title='bbox 435 1780 477 1837; x_wconf 90' lang='lat' dir='ltr'>ut</span> <span class='ocrx_word' id='word_1_192' title='bbox 501 1779 629 1836; x_wconf 88' lang='lat' dir='ltr'>natura</span> <span class='ocrx_word' id='word_1_193' title='bbox 645 1766 715 1842; x_wconf 82' lang='lat' dir='ltr'>luit</span> <span class='ocrx_word' id='word_1_194' title='bbox 728 1766 907 1860; x_wconf 90' lang='lat' dir='ltr'>inquieta,</span> <span class='ocrx_word' id='word_1_195' title='bbox 932 1767 1118 1835; x_wconf 89' lang='lat' dir='ltr'>minitatur</span> <span class='ocrx_word' id='word_1_196' title='bbox 1135 1765 1224 1836; x_wconf 84' lang='lat' dir='ltr'>vici·</span> <span class='ocrx_word' id='word_1_197' title='bbox 1273 1787 1352 1832; x_wconf 91' lang='lat' dir='ltr'>rum</span> <span class='ocrx_word' id='word_1_198' title='bbox 1390 1763 1564 1855; x_wconf 89' lang='lat' dir='ltr'>perdidit,</span> <span class='ocrx_word' id='word_1_199' title='bbox 1613 1765 1664 1836; x_wconf 91' lang='lat' dir='ltr'>ita</span> <span class='ocrx_word' id='word_1_200' title='bbox 1695 1766 1840 1859; x_wconf 85' lang='lat' dir='ltr'>reliquit</span> <span class='ocrx_word' id='word_1_201' title='bbox 1871 1766 2097 1839; x_wconf 90' lang='lat' dir='ltr'>obsidionem</span> <span class='ocrx_word' id='word_1_202' title='bbox 2130 1767 2257 1844; x_wconf 78' lang='lat' dir='ltr'>Attila.</span> 
     </span>
     <span class='ocr_line' id='line_1_16' title="bbox 240 1861 2256 1963; baseline 0.002 -25"><span class='ocrx_word' id='word_1_203' title='bbox 240 1867 299 1938; x_wconf 90' lang='lat' dir='ltr'>nis</span> <span class='ocrx_word' id='word_1_204' title='bbox 321 1867 498 1940; x_wconf 90' lang='lat' dir='ltr'>omnibus.</span> <span class='ocrx_word' id='word_1_205' title='bbox 549 1864 619 1937; x_wconf 89' lang='lat' dir='ltr'>Sed</span> <span class='ocrx_word' id='word_1_206' title='bbox 648 1865 718 1936; x_wconf 91' lang='lat' dir='ltr'>iam</span> <span class='ocrx_word' id='word_1_207' title='bbox 740 1866 855 1938; x_wconf 77' lang='lat' dir='ltr'>fatalis</span> <span class='ocrx_word' id='word_1_208' title='bbox 877 1865 958 1936; x_wconf 87' lang='lat' dir='ltr'>linis</span> <span class='ocrx_word' id='word_1_209' title='bbox 975 1867 1129 1938; x_wconf 89' lang='lat' dir='ltr'>instabat</span> <span class='ocrx_word' id='word_1_210' title='bbox 1143 1879 1224 1935; x_wconf 87' lang='lat' dir='ltr'>tan·</span> <span class='ocrx_word' id='word_1_211' title='bbox 1272 1861 1411 1933; x_wconf 84' lang='lat' dir='ltr'>Deinde</span> <span class='ocrx_word' id='word_1_212' title='bbox 1434 1879 1514 1956; x_wconf 91' lang='lat' dir='ltr'>post</span> <span class='ocrx_word' id='word_1_213' title='bbox 1543 1887 1698 1955; x_wconf 89' lang='lat' dir='ltr'>pugnarn</span> <span class='ocrx_word' id='word_1_214' title='bbox 1727 1868 1772 1936; x_wconf 90' lang='lat' dir='ltr'>ad</span> <span class='ocrx_word' id='word_1_215' title='bbox 1795 1864 1965 1938; x_wconf 80' lang='lat' dir='ltr'>Tolosam</span> <span class='ocrx_word' id='word_1_216' title='bbox 1996 1871 2137 1940; x_wconf 87' lang='lat' dir='ltr'>circiter</span> <span class='ocrx_word' id='word_1_217' title='bbox 2164 1895 2256 1963; x_wconf 89' lang='lat' dir='ltr'>qua·</span> 
     </span>
     <span class='ocr_line' id='line_1_17' title="bbox 241 1961 2255 2060; baseline 0.001 -21"><span class='ocrx_word' id='word_1_218' title='bbox 241 1982 296 2039; x_wconf 89' lang='lat' dir='ltr'>tae</span> <span class='ocrx_word' id='word_1_219' title='bbox 310 1967 492 2043; x_wconf 81' lang='lat' dir='ltr'>saevitiae.</span> <span class='ocrx_word' id='word_1_220' title='bbox 541 1963 620 2038; x_wconf 88' lang='lat' dir='ltr'>Etsi</span> <span class='ocrx_word' id='word_1_221' title='bbox 642 1967 771 2036; x_wconf 87' lang='lat' dir='ltr'>multas</span> <span class='ocrx_word' id='word_1_222' title='bbox 789 1961 916 2037; x_wconf 91' lang='lat' dir='ltr'>hahuit</span> <span class='ocrx_word' id='word_1_223' title='bbox 930 1968 1097 2056; x_wconf 88' lang='lat' dir='ltr'>coniuges</span> <span class='ocrx_word' id='word_1_224' title='bbox 1110 1965 1223 2037; x_wconf 88' lang='lat' dir='ltr'>Attila</span> <span class='ocrx_word' id='word_1_225' title='bbox 1273 1965 1607 2060; x_wconf 71' lang='lat' dir='ltr'>drienniumvixit,</span> <span class='ocrx_word' id='word_1_226' title='bbox 1625 1979 1788 2036; x_wconf 90' lang='lat' dir='ltr'>mortuus</span> <span class='ocrx_word' id='word_1_227' title='bbox 1808 1980 1859 2038; x_wconf 91' lang='grc' dir='ltr'>εει</span> <span class='ocrx_word' id='word_1_228' title='bbox 1881 1969 1977 2058; x_wconf 78' lang='lat' dir='ltr'>enirn</span> <span class='ocrx_word' id='word_1_229' title='bbox 1996 1972 2137 2042; x_wconf 89' lang='lat' dir='ltr'>vivente</span> <span class='ocrx_word' id='word_1_230' title='bbox 2150 1971 2255 2041; x_wconf 87' lang='lat' dir='ltr'>Mar-</span> 
     </span>
     <span class='ocr_line' id='line_1_18' title="bbox 239 2065 2259 2163; baseline 0.002 -25"><span class='ocrx_word' id='word_1_231' title='bbox 239 2092 339 2138; x_wconf 91' lang='lat' dir='ltr'>more</span> <span class='ocrx_word' id='word_1_232' title='bbox 354 2069 483 2157; x_wconf 88' lang='lat' dir='ltr'>gentis:</span> <span class='ocrx_word' id='word_1_233' title='bbox 508 2079 628 2138; x_wconf 89' lang='lat' dir='ltr'>tamen</span> <span class='ocrx_word' id='word_1_234' title='bbox 643 2067 867 2137; x_wconf 89' lang='lat' dir='ltr'>iuvenculam</span> <span class='ocrx_word' id='word_1_235' title='bbox 891 2068 1005 2153; x_wconf 91' lang='lat' dir='ltr'>ducit,</span> <span class='ocrx_word' id='word_1_236' title='bbox 1031 2089 1138 2161; x_wconf 91' lang='lat' dir='ltr'>quam</span> <span class='ocrx_word' id='word_1_237' title='bbox 1154 2088 1222 2136; x_wconf 87' lang='lat' dir='ltr'>no·</span> <span class='ocrx_word' id='word_1_238' title='bbox 1272 2065 1385 2150; x_wconf 86' lang='lat' dir='ltr'>tiano,</span> <span class='ocrx_word' id='word_1_239' title='bbox 1417 2066 1476 2136; x_wconf 87' lang='lat' dir='ltr'>cui</span> <span class='ocrx_word' id='word_1_240' title='bbox 1496 2066 1688 2136; x_wconf 86' lang='lat' dir='ltr'>dormienti</span> <span class='ocrx_word' id='word_1_241' title='bbox 1708 2089 1749 2137; x_wconf 88' lang='lat' dir='ltr'>ca</span> <span class='ocrx_word' id='word_1_242' title='bbox 1771 2082 1894 2154; x_wconf 90' lang='lat' dir='ltr'>nocte,</span> <span class='ocrx_word' id='word_1_243' title='bbox 1926 2092 1996 2163; x_wconf 85' lang='lat' dir='ltr'>qua</span> <span class='ocrx_word' id='word_1_244' title='bbox 2017 2086 2179 2143; x_wconf 90' lang='lat' dir='ltr'>mortuus</span> <span class='ocrx_word' id='word_1_245' title='bbox 2202 2085 2259 2145; x_wconf 90' lang='lat' dir='ltr'>est</span> 
     </span>
     <span class='ocr_line' id='line_1_19' title="bbox 239 2160 2256 2258; baseline 0.002 -20"><span class='ocrx_word' id='word_1_246' title='bbox 239 2170 380 2239; x_wconf 89' lang='lat' dir='ltr'>minant</span> <span class='ocrx_word' id='word_1_247' title='bbox 405 2167 569 2253; x_wconf 89' lang='lat' dir='ltr'>Hildico,</span> <span class='ocrx_word' id='word_1_248' title='bbox 600 2167 711 2237; x_wconf 88' lang='lat' dir='ltr'>liliam</span> <span class='ocrx_word' id='word_1_249' title='bbox 738 2168 831 2258; x_wconf 88' lang='lat' dir='ltr'>regis</span> <span class='ocrx_word' id='word_1_250' title='bbox 859 2167 1150 2253; x_wconf 80' lang='lat' dir='ltr'>Bactrianorum,</span> <span class='ocrx_word' id='word_1_251' title='bbox 1182 2167 1222 2236; x_wconf 93' lang='lat' dir='ltr'>in</span> <span class='ocrx_word' id='word_1_252' title='bbox 1273 2160 1406 2249; x_wconf 89' lang='lat' dir='ltr'>Attila,</span> <span class='ocrx_word' id='word_1_253' title='bbox 1431 2165 1563 2258; x_wconf 90' lang='lat' dir='ltr'>species</span> <span class='ocrx_word' id='word_1_254' title='bbox 1587 2166 1626 2234; x_wconf 92' lang='lat' dir='ltr'>in</span> <span class='ocrx_word' id='word_1_255' title='bbox 1648 2169 1787 2238; x_wconf 86' lang='lat' dir='ltr'>somnio</span> <span class='ocrx_word' id='word_1_256' title='bbox 1807 2183 1945 2240; x_wconf 88' lang='lat' dir='ltr'>ostensa</span> <span class='ocrx_word' id='word_1_257' title='bbox 1968 2183 2021 2242; x_wconf 88' lang='lat' dir='ltr'>cst</span> <span class='ocrx_word' id='word_1_258' title='bbox 2033 2173 2135 2245; x_wconf 84' lang='lat' dir='ltr'>fracti</span> <span class='ocrx_word' id='word_1_259' title='bbox 2152 2195 2256 2243; x_wconf 87' lang='lat' dir='ltr'>arcus</span> 
     </span>
     <span class='ocr_line' id='line_1_20' title="bbox 238 2262 2255 2361; baseline 0.002 -23"><span class='ocrx_word' id='word_1_260' title='bbox 238 2269 282 2339; x_wconf 86' lang='lat' dir='ltr'>iis</span> <span class='ocrx_word' id='word_1_261' title='bbox 307 2270 443 2361; x_wconf 90' lang='lat' dir='ltr'>nuptiis</span> <span class='ocrx_word' id='word_1_262' title='bbox 472 2281 611 2338; x_wconf 85' lang='lat' dir='ltr'>tumet</span> <span class='ocrx_word' id='word_1_263' title='bbox 639 2269 821 2336; x_wconf 91' lang='lat' dir='ltr'>laboribus</span> <span class='ocrx_word' id='word_1_264' title='bbox 851 2269 1085 2338; x_wconf 90' lang='lat' dir='ltr'>certaminum</span> <span class='ocrx_word' id='word_1_265' title='bbox 1115 2290 1223 2361; x_wconf 89' lang='lat' dir='ltr'>eque·</span> <span class='ocrx_word' id='word_1_266' title='bbox 1271 2262 1416 2352; x_wconf 87' lang='lat' dir='ltr'>Attilae.</span> <span class='ocrx_word' id='word_1_267' title='bbox 1468 2264 1682 2358; x_wconf 84' lang='lat' dir='ltr'>Quanquam</span> <span class='ocrx_word' id='word_1_268' title='bbox 1713 2268 1824 2356; x_wconf 89' lang='lat' dir='ltr'>igitur</span> <span class='ocrx_word' id='word_1_269' title='bbox 1851 2274 2150 2359; x_wconf 87' lang='lat' dir='ltr'>reguum‘tenuit</span> <span class='ocrx_word' id='word_1_270' title='bbox 2178 2296 2255 2342; x_wconf 89' lang='lat' dir='ltr'>am-</span> 
     </span>
     <span class='ocr_line' id='line_1_21' title="bbox 239 2365 2254 2459; baseline 0.001 -19"><span class='ocrx_word' id='word_1_271' title='bbox 239 2371 384 2452; x_wconf 89' lang='lat' dir='ltr'>striurn,</span> <span class='ocrx_word' id='word_1_272' title='bbox 410 2383 444 2440; x_wconf 89' lang='lat' dir='ltr'>et</span> <span class='ocrx_word' id='word_1_273' title='bbox 467 2369 552 2437; x_wconf 89' lang='lat' dir='ltr'>vino</span> <span class='ocrx_word' id='word_1_274' title='bbox 574 2383 609 2440; x_wconf 90' lang='lat' dir='ltr'>et</span> <span class='ocrx_word' id='word_1_275' title='bbox 625 2365 763 2438; x_wconf 79' lang='lat' dir='ltr'>Venere</span> <span class='ocrx_word' id='word_1_276' title='bbox 781 2391 909 2459; x_wconf 89' lang='lat' dir='ltr'>corpus</span> <span class='ocrx_word' id='word_1_277' title='bbox 930 2370 1005 2439; x_wconf 90' lang='lat' dir='ltr'>eius</span> <span class='ocrx_word' id='word_1_278' title='bbox 1021 2369 1221 2438; x_wconf 84' lang='lat' dir='ltr'>inflamma·</span> <span class='ocrx_word' id='word_1_279' title='bbox 1271 2366 1484 2457; x_wconf 88' lang='lat' dir='ltr'>plissimum:</span> <span class='ocrx_word' id='word_1_280' title='bbox 1520 2379 1638 2436; x_wconf 90' lang='lat' dir='ltr'>tamen</span> <span class='ocrx_word' id='word_1_281' title='bbox 1660 2368 1872 2439; x_wconf 86' lang='lat' dir='ltr'>vastationes</span> <span class='ocrx_word' id='word_1_282' title='bbox 1894 2383 2031 2441; x_wconf 88' lang='lat' dir='ltr'>tantum</span> <span class='ocrx_word' id='word_1_283' title='bbox 2051 2372 2155 2454; x_wconf 86' lang='lat' dir='ltr'>iecit,</span> <span class='ocrx_word' id='word_1_284' title='bbox 2171 2409 2173 2412; x_wconf 96' lang='lat'>·</span> <span class='ocrx_word' id='word_1_285' title='bbox 2188 2397 2254 2443; x_wconf 92' lang='lat' dir='ltr'>nec</span> 
     </span>
     <span class='ocr_line' id='line_1_22' title="bbox 240 2467 2255 2560; baseline 0.001 -21"><span class='ocrx_word' id='word_1_286' title='bbox 240 2483 317 2539; x_wconf 92' lang='lat' dir='ltr'>turn</span> <span class='ocrx_word' id='word_1_287' title='bbox 342 2483 449 2553; x_wconf 87' lang='lat' dir='ltr'>esset,</span> <span class='ocrx_word' id='word_1_288' title='bbox 473 2481 577 2540; x_wconf 86' lang='lat' dir='ltr'>nocte</span> <span class='ocrx_word' id='word_1_289' title='bbox 594 2467 767 2539; x_wconf 88' lang='lat' dir='ltr'>extinctus</span> <span class='ocrx_word' id='word_1_290' title='bbox 793 2483 863 2550; x_wconf 91' lang='lat' dir='ltr'>est,</span> <span class='ocrx_word' id='word_1_291' title='bbox 888 2471 1060 2560; x_wconf 87' lang='lat' dir='ltr'>sanguiue</span> <span class='ocrx_word' id='word_1_292' title='bbox 1078 2469 1220 2560; x_wconf 89' lang='lat' dir='ltr'>copioso</span> <span class='ocrx_word' id='word_1_293' title='bbox 1272 2467 1456 2537; x_wconf 84' lang='lat' dir='ltr'>constituit</span> <span class='ocrx_word' id='word_1_294' title='bbox 1474 2468 1624 2538; x_wconf 81' lang='lat' dir='ltr'>sormam</span> <span class='ocrx_word' id='word_1_295' title='bbox 1647 2469 1765 2559; x_wconf 88' lang='lat' dir='ltr'>regni,</span> <span class='ocrx_word' id='word_1_296' title='bbox 1785 2494 1850 2540; x_wconf 89' lang='lat' dir='ltr'>nee</span> <span class='ocrx_word' id='word_1_297' title='bbox 1865 2471 1931 2540; x_wconf 91' lang='lat' dir='ltr'>uni</span> <span class='ocrx_word' id='word_1_298' title='bbox 1948 2495 1989 2540; x_wconf 89' lang='lat' dir='ltr'>ex</span> <span class='ocrx_word' id='word_1_299' title='bbox 2003 2473 2086 2541; x_wconf 88' lang='lat' dir='ltr'>liliis</span> <span class='ocrx_word' id='word_1_300' title='bbox 2105 2497 2255 2544; x_wconf 86' lang='lat' dir='ltr'>monar-</span> 
     </span>
     <span class='ocr_line' id='line_1_23' title="bbox 239 2561 2256 2662; baseline 0.004 -25"><span class='ocrx_word' id='word_1_301' title='bbox 239 2570 281 2638; x_wconf 90' lang='lat' dir='ltr'>in</span> <span class='ocrx_word' id='word_1_302' title='bbox 302 2571 642 2660; x_wconf 82' lang='lat' dir='ltr'>laucescxundante</span> <span class='ocrx_word' id='word_1_303' title='bbox 668 2583 703 2640; x_wconf 91' lang='grc' dir='ltr'><strong>ει</strong></span> <span class='ocrx_word' id='word_1_304' title='bbox 719 2593 761 2638; x_wconf 86' lang='lat' dir='ltr'>ex</span> <span class='ocrx_word' id='word_1_305' title='bbox 777 2593 838 2638; x_wconf 91' lang='lat' dir='ltr'>ore</span> <span class='ocrx_word' id='word_1_306' title='bbox 857 2584 1074 2662; x_wconf 89' lang='lat' dir='ltr'>erumpente.</span> <span class='ocrx_word' id='word_1_307' title='bbox 1123 2567 1221 2638; x_wconf 88' lang='lat' dir='ltr'>Tan·</span> <span class='ocrx_word' id='word_1_308' title='bbox 1271 2561 1387 2636; x_wconf 88' lang='lat' dir='ltr'>chiam</span> <span class='ocrx_word' id='word_1_309' title='bbox 1401 2567 1558 2654; x_wconf 87' lang='lat' dir='ltr'>tradidit,</span> <span class='ocrx_word' id='word_1_310' title='bbox 1580 2591 1643 2641; x_wconf 90' lang='lat' dir='ltr'>nec</span> <span class='ocrx_word' id='word_1_311' title='bbox 1659 2570 1859 2661; x_wconf 89' lang='lat' dir='ltr'>provincias</span> <span class='ocrx_word' id='word_1_312' title='bbox 1872 2572 1923 2642; x_wconf 89' lang='lat' dir='ltr'>eis</span> <span class='ocrx_word' id='word_1_313' title='bbox 1939 2573 2134 2649; x_wconf 90' lang='lat' dir='ltr'>distribuit.</span> <span class='ocrx_word' id='word_1_314' title='bbox 2168 2573 2256 2645; x_wconf 81' lang='lat' dir='ltr'>Fuit</span> 
     </span>
     <span class='ocr_line' id='line_1_24' title="bbox 238 2661 2255 2764; baseline 0 -23"><span class='ocrx_word' id='word_1_315' title='bbox 238 2683 315 2741; x_wconf 90' lang='lat' dir='ltr'>tum</span> <span class='ocrx_word' id='word_1_316' title='bbox 345 2670 440 2738; x_wconf 90' lang='lat' dir='ltr'>enim</span> <span class='ocrx_word' id='word_1_317' title='bbox 462 2664 521 2740; x_wconf 90' lang='lat' dir='ltr'>hic</span> <span class='ocrx_word' id='word_1_318' title='bbox 543 2683 689 2741; x_wconf 87' lang='lat' dir='ltr'>eventus</span> <span class='ocrx_word' id='word_1_319' title='bbox 708 2671 939 2758; x_wconf 88' lang='lat' dir='ltr'>describitur,</span> <span class='ocrx_word' id='word_1_320' title='bbox 970 2684 1004 2743; x_wconf 90' lang='lat' dir='ltr'>et</span> <span class='ocrx_word' id='word_1_321' title='bbox 1024 2661 1222 2762; x_wconf 91' lang='lat' dir='ltr'>epiphone-</span> <span class='ocrx_word' id='word_1_322' title='bbox 1271 2667 1381 2756; x_wconf 87' lang='lat' dir='ltr'>igitur</span> <span class='ocrx_word' id='word_1_323' title='bbox 1407 2682 1601 2763; x_wconf 88' lang='lat' dir='ltr'>tyrannus,</span> <span class='ocrx_word' id='word_1_324' title='bbox 1631 2684 1817 2741; x_wconf 90' lang='lat' dir='ltr'>et&#39;cursus</span> <span class='ocrx_word' id='word_1_325' title='bbox 1844 2672 1920 2742; x_wconf 92' lang='lat' dir='ltr'>eius</span> <span class='ocrx_word' id='word_1_326' title='bbox 1940 2667 2106 2764; x_wconf 81' lang='lat' dir='ltr'>Europae</span> <span class='ocrx_word' id='word_1_327' title='bbox 2135 2675 2255 2745; x_wconf 81' lang='lat' dir='ltr'>fatalis</span> 
     </span>
     <span class='ocr_line' id='line_1_25' title="bbox 237 2765 2252 2866; baseline 0.003 -28"><span class='ocrx_word' id='word_1_328' title='bbox 237 2793 295 2839; x_wconf 90' lang='lat' dir='ltr'>ma</span> <span class='ocrx_word' id='word_1_329' title='bbox 318 2771 476 2839; x_wconf 89' lang='lat' dir='ltr'>additur:</span> <span class='ocrx_word' id='word_1_330' title='bbox 509 2765 647 2840; x_wconf 89' lang='lat' dir='ltr'>lustum</span> <span class='ocrx_word' id='word_1_331' title='bbox 675 2770 783 2840; x_wconf 81' lang='lat' dir='ltr'>fuisse</span> <span class='ocrx_word' id='word_1_332' title='bbox 806 2793 872 2862; x_wconf 88' lang='lat' dir='ltr'>suo</span> <span class='ocrx_word' id='word_1_333' title='bbox 896 2771 1068 2860; x_wconf 86' lang='lat' dir='ltr'>sanguine</span> <span class='ocrx_word' id='word_1_334' title='bbox 1089 2769 1220 2851; x_wconf 85' lang='lat' dir='ltr'>necari,</span> <span class='ocrx_word' id='word_1_335' title='bbox 1271 2791 1385 2859; x_wconf 88' lang='lat' dir='ltr'>poena</span> <span class='ocrx_word' id='word_1_336' title='bbox 1403 2770 1502 2854; x_wconf 74' lang='lat' dir='ltr'>fuit,</span> <span class='ocrx_word' id='word_1_337' title='bbox 1520 2783 1555 2840; x_wconf 90' lang='lat' dir='ltr'>et</span> <span class='ocrx_word' id='word_1_338' title='bbox 1572 2772 1617 2840; x_wconf 89' lang='lat' dir='ltr'>de</span> <span class='ocrx_word' id='word_1_339' title='bbox 1632 2771 1714 2840; x_wconf 89' lang='lat' dir='ltr'>filiis</span> <span class='ocrx_word' id='word_1_340' title='bbox 1739 2771 1866 2842; x_wconf 86' lang='lat' dir='ltr'>accidit</span> <span class='ocrx_word' id='word_1_341' title='bbox 1882 2775 1977 2866; x_wconf 89' lang='lat' dir='ltr'>quod</span> <span class='ocrx_word' id='word_1_342' title='bbox 1993 2775 2163 2865; x_wconf 86' lang='lat' dir='ltr'>scripturn</span> <span class='ocrx_word' id='word_1_343' title='bbox 2182 2788 2252 2845; x_wconf 88' lang='lat' dir='ltr'>est:</span> 
     </span>
     <span class='ocr_line' id='line_1_26' title="bbox 239 2865 2255 2968; baseline 0.003 -29"><span class='ocrx_word' id='word_1_344' title='bbox 239 2871 300 2964; x_wconf 92' lang='lat' dir='ltr'>qui</span> <span class='ocrx_word' id='word_1_345' title='bbox 318 2883 389 2941; x_wconf 88' lang='lat' dir='ltr'>tam</span> <span class='ocrx_word' id='word_1_346' title='bbox 405 2869 558 2940; x_wconf 90' lang='lat' dir='ltr'>multum</span> <span class='ocrx_word' id='word_1_347' title='bbox 582 2865 731 2940; x_wconf 90' lang='lat' dir='ltr'>humani</span> <span class='ocrx_word' id='word_1_348' title='bbox 749 2871 930 2962; x_wconf 89' lang='lat' dir='ltr'>sanguinis</span> <span class='ocrx_word' id='word_1_349' title='bbox 952 2868 1134 2956; x_wconf 88' lang='lat' dir='ltr'>hauserat,</span> <span class='ocrx_word' id='word_1_350' title='bbox 1158 2871 1218 2940; x_wconf 89' lang='lat' dir='ltr'>sed</span> <span class='ocrx_word' id='word_1_351' title='bbox 1270 2867 1398 2939; x_wconf 89' lang='lat' dir='ltr'>Semen</span> <span class='ocrx_word' id='word_1_352' title='bbox 1419 2869 1612 2961; x_wconf 90' lang='lat' dir='ltr'>impiorum</span> <span class='ocrx_word' id='word_1_353' title='bbox 1635 2870 1777 2963; x_wconf 88' lang='lat' dir='ltr'>peribit.</span> <span class='ocrx_word' id='word_1_354' title='bbox 1828 2869 1969 2944; x_wconf 88' lang='lat' dir='ltr'>Rursus</span> <span class='ocrx_word' id='word_1_355' title='bbox 1989 2874 2085 2968; x_wconf 90' lang='lat' dir='ltr'>enim</span> <span class='ocrx_word' id='word_1_356' title='bbox 2101 2876 2139 2944; x_wconf 91' lang='lat' dir='ltr'>in</span> <span class='ocrx_word' id='word_1_357' title='bbox 2154 2871 2255 2944; x_wconf 88' lang='lat' dir='ltr'>Pan·</span> 
     </span>
     <span class='ocr_line' id='line_1_27' title="bbox 237 2965 2253 3063; baseline 0.002 -23"><span class='ocrx_word' id='word_1_358' title='bbox 237 2985 299 3040; x_wconf 90' lang='lat' dir='ltr'>aut</span> <span class='ocrx_word' id='word_1_359' title='bbox 319 2993 429 3042; x_wconf 86' lang='lat' dir='ltr'>venae</span> <span class='ocrx_word' id='word_1_360' title='bbox 451 2983 574 3062; x_wconf 85' lang='lat' dir='ltr'>ruptae</span> <span class='ocrx_word' id='word_1_361' title='bbox 596 2984 698 3055; x_wconf 91' lang='lat' dir='ltr'>suut,</span> <span class='ocrx_word' id='word_1_362' title='bbox 729 2986 791 3043; x_wconf 88' lang='lat' dir='ltr'>ant</span> <span class='ocrx_word' id='word_1_363' title='bbox 818 2971 1001 3062; x_wconf 85' lang='lat' dir='ltr'>apoplexia</span> <span class='ocrx_word' id='word_1_364' title='bbox 1025 2971 1221 3056; x_wconf 88' lang='lat' dir='ltr'>antecessit,</span> <span class='ocrx_word' id='word_1_365' title='bbox 1270 2971 1378 3039; x_wconf 91' lang='lat' dir='ltr'>nouia</span> <span class='ocrx_word' id='word_1_366' title='bbox 1403 2965 1504 3041; x_wconf 89' lang='lat' dir='ltr'>Gotti</span> <span class='ocrx_word' id='word_1_367' title='bbox 1536 2993 1684 3060; x_wconf 86' lang='lat' dir='ltr'>regnum</span> <span class='ocrx_word' id='word_1_368' title='bbox 1711 2987 1974 3063; x_wconf 87' lang='lat' dir='ltr'>recuperarunt.</span> <span class='ocrx_word' id='word_1_369' title='bbox 2031 2971 2124 3046; x_wconf 90' lang='lat' dir='ltr'>Cum</span> <span class='ocrx_word' id='word_1_370' title='bbox 2155 2976 2253 3045; x_wconf 89' lang='lat' dir='ltr'>enirn</span> 
     </span>
     <span class='ocr_line' id='line_1_28' title="bbox 239 3066 2251 3164; baseline 0.002 -24"><span class='ocrx_word' id='word_1_371' title='bbox 239 3093 319 3140; x_wconf 85' lang='lat' dir='ltr'>turn</span> <span class='ocrx_word' id='word_1_372' title='bbox 336 3095 404 3164; x_wconf 90' lang='lat' dir='ltr'>qna</span> <span class='ocrx_word' id='word_1_373' title='bbox 421 3066 506 3140; x_wconf 87' lang='lat' dir='ltr'>haec</span> <span class='ocrx_word' id='word_1_374' title='bbox 521 3071 646 3142; x_wconf 85' lang='lat' dir='ltr'>effusio</span> <span class='ocrx_word' id='word_1_375' title='bbox 662 3073 845 3162; x_wconf 86' lang='lat' dir='ltr'>sanguinis</span> <span class='ocrx_word' id='word_1_376' title='bbox 865 3072 968 3142; x_wconf 84' lang='lat' dir='ltr'>facile</span> <span class='ocrx_word' id='word_1_377' title='bbox 984 3073 1140 3142; x_wconf 85' lang='lat' dir='ltr'>accidere</span> <span class='ocrx_word' id='word_1_378' title='bbox 1155 3095 1220 3161; x_wconf 92' lang='lat' dir='ltr'>po·</span> <span class='ocrx_word' id='word_1_379' title='bbox 1268 3071 1335 3137; x_wconf 82' lang='lat' dir='ltr'>fitit</span> <span class='ocrx_word' id='word_1_380' title='bbox 1354 3066 1487 3141; x_wconf 86' lang='lat' dir='ltr'>Attilae</span> <span class='ocrx_word' id='word_1_381' title='bbox 1507 3071 1601 3140; x_wconf 90' lang='lat' dir='ltr'>inter</span> <span class='ocrx_word' id='word_1_382' title='bbox 1622 3097 1659 3142; x_wconf 91' lang='lat' dir='ltr'>se</span> <span class='ocrx_word' id='word_1_383' title='bbox 1682 3075 1726 3140; x_wconf 92' lang='lat' dir='ltr'>de</span> <span class='ocrx_word' id='word_1_384' title='bbox 1751 3073 1968 3145; x_wconf 89' lang='lat' dir='ltr'>successione</span> <span class='ocrx_word' id='word_1_385' title='bbox 1984 3075 2123 3145; x_wconf 89' lang='lat' dir='ltr'>circiter</span> <span class='ocrx_word' id='word_1_386' title='bbox 2138 3077 2251 3146; x_wconf 88' lang='lat' dir='ltr'>trien-</span> 
     </span>
     <span class='ocr_line' id='line_1_29' title="bbox 237 3169 2250 3262; baseline 0.003 -24"><span class='ocrx_word' id='word_1_387' title='bbox 237 3172 317 3244; x_wconf 90' lang='lat' dir='ltr'>tuit.</span> <span class='ocrx_word' id='word_1_388' title='bbox 369 3169 441 3240; x_wconf 88' lang='lat' dir='ltr'>Nec</span> <span class='ocrx_word' id='word_1_389' title='bbox 456 3184 593 3242; x_wconf 91' lang='lat' dir='ltr'>tantum</span> <span class='ocrx_word' id='word_1_390' title='bbox 610 3173 720 3260; x_wconf 91' lang='lat' dir='ltr'>ipsius</span> <span class='ocrx_word' id='word_1_391' title='bbox 736 3193 831 3240; x_wconf 92' lang='lat' dir='ltr'>mors</span> <span class='ocrx_word' id='word_1_392' title='bbox 843 3173 1040 3260; x_wconf 88' lang='lat' dir='ltr'>exemplum</span> <span class='ocrx_word' id='word_1_393' title='bbox 1057 3184 1109 3240; x_wconf 88' lang='lat' dir='ltr'>est</span> <span class='ocrx_word' id='word_1_394' title='bbox 1123 3172 1219 3238; x_wconf 88' lang='lat' dir='ltr'>iudi·</span> <span class='ocrx_word' id='word_1_395' title='bbox 1269 3170 1369 3238; x_wconf 90' lang='lat' dir='ltr'>nium</span> <span class='ocrx_word' id='word_1_396' title='bbox 1391 3170 1621 3254; x_wconf 89' lang='lat' dir='ltr'>dissiderent,</span> <span class='ocrx_word' id='word_1_397' title='bbox 1646 3195 1706 3239; x_wconf 86' lang='lat' dir='ltr'>rex</span> <span class='ocrx_word' id='word_1_398' title='bbox 1722 3171 1942 3262; x_wconf 90' lang='lat' dir='ltr'>Gepidarum</span> <span class='ocrx_word' id='word_1_399' title='bbox 1958 3176 2149 3246; x_wconf 86' lang='lat' dir='ltr'>Ardarieus</span> <span class='ocrx_word' id='word_1_400' title='bbox 2170 3177 2250 3246; x_wconf 90' lang='lat' dir='ltr'>bel-</span> 
     </span>
     <span class='ocr_line' id='line_1_30' title="bbox 238 3267 2253 3366; baseline 0.004 -28"><span class='ocrx_word' id='word_1_401' title='bbox 238 3270 284 3340; x_wconf 90' lang='lat' dir='ltr'>cii</span> <span class='ocrx_word' id='word_1_402' title='bbox 300 3268 426 3353; x_wconf 91' lang='lat' dir='ltr'>divini,</span> <span class='ocrx_word' id='word_1_403' title='bbox 451 3269 633 3341; x_wconf 88' lang='lat' dir='ltr'>sedetiam</span> <span class='ocrx_word' id='word_1_404' title='bbox 650 3269 805 3340; x_wconf 88' lang='lat' dir='ltr'>liliorum</span> <span class='ocrx_word' id='word_1_405' title='bbox 816 3269 982 3342; x_wconf 89' lang='lat' dir='ltr'>interitus</span> <span class='ocrx_word' id='word_1_406' title='bbox 995 3282 1075 3364; x_wconf 88' lang='lat' dir='ltr'>post</span> <span class='ocrx_word' id='word_1_407' title='bbox 1089 3270 1218 3364; x_wconf 88' lang='lat' dir='ltr'>ipsum,</span> <span class='ocrx_word' id='word_1_408' title='bbox 1268 3270 1344 3338; x_wconf 91' lang='lat' dir='ltr'>lum</span> <span class='ocrx_word' id='word_1_409' title='bbox 1358 3270 1470 3339; x_wconf 90' lang='lat' dir='ltr'>movit</span> <span class='ocrx_word' id='word_1_410' title='bbox 1484 3270 1651 3341; x_wconf 88' lang='lat' dir='ltr'>adversus</span> <span class='ocrx_word' id='word_1_411' title='bbox 1665 3267 1838 3354; x_wconf 85' lang='lat' dir='ltr'>Hunnm,</span> <span class='ocrx_word' id='word_1_412' title='bbox 1865 3287 1900 3346; x_wconf 93' lang='lat' dir='ltr'>et</span> <span class='ocrx_word' id='word_1_413' title='bbox 1917 3277 2100 3346; x_wconf 88' lang='lat' dir='ltr'>trucidatis</span> <span class='ocrx_word' id='word_1_414' title='bbox 2123 3277 2253 3366; x_wconf 87' lang='lat' dir='ltr'>trigin-</span> 
     </span>
     <span class='ocr_line' id='line_1_31' title="bbox 237 3367 2253 3461; baseline 0.004 -23"><span class='ocrx_word' id='word_1_415' title='bbox 237 3382 272 3441; x_wconf 89' lang='lat' dir='ltr'>et</span> <span class='ocrx_word' id='word_1_416' title='bbox 288 3367 390 3459; x_wconf 88' lang='lat' dir='ltr'>regni</span> <span class='ocrx_word' id='word_1_417' title='bbox 405 3369 599 3461; x_wconf 90' lang='lat' dir='ltr'>dissipatio.</span> <span class='ocrx_word' id='word_1_418' title='bbox 1268 3383 1302 3440; x_wconf 88' lang='lat' dir='ltr'>ta</span> <span class='ocrx_word' id='word_1_419' title='bbox 1317 3368 1477 3439; x_wconf 90' lang='lat' dir='ltr'>millibus</span> <span class='ocrx_word' id='word_1_420' title='bbox 1488 3367 1718 3456; x_wconf 91' lang='lat' dir='ltr'>Hunnorum,</span> <span class='ocrx_word' id='word_1_421' title='bbox 1745 3386 1778 3442; x_wconf 92' lang='lat' dir='ltr'>et</span> <span class='ocrx_word' id='word_1_422' title='bbox 1790 3371 2005 3445; x_wconf 86' lang='lat' dir='ltr'>filioAttilae</span> <span class='ocrx_word' id='word_1_423' title='bbox 2019 3371 2122 3446; x_wconf 89' lang='lat' dir='ltr'>Ellac</span> <span class='ocrx_word' id='word_1_424' title='bbox 2136 3377 2253 3446; x_wconf 83' lang='lat' dir='ltr'>maxi-</span> 
     </span>
     <span class='ocr_line' id='line_1_32' title="bbox 338 3464 2254 3565; baseline 0.003 -23"><span class='ocrx_word' id='word_1_425' title='bbox 338 3468 503 3542; x_wconf 84' lang='lat' dir='ltr'>Conferri</span> <span class='ocrx_word' id='word_1_426' title='bbox 525 3464 739 3541; x_wconf 87' lang='lat' dir='ltr'>monarchae</span> <span class='ocrx_word' id='word_1_427' title='bbox 759 3471 863 3542; x_wconf 90' lang='lat' dir='ltr'>aliter</span> <span class='ocrx_word' id='word_1_428' title='bbox 884 3472 947 3541; x_wconf 91' lang='lat' dir='ltr'>alii</span> <span class='ocrx_word' id='word_1_429' title='bbox 968 3486 1134 3565; x_wconf 91' lang='lat' dir='ltr'>possunt,</span> <span class='ocrx_word' id='word_1_430' title='bbox 1157 3471 1217 3543; x_wconf 91' lang='lat' dir='ltr'>scd</span> <span class='ocrx_word' id='word_1_431' title='bbox 1268 3493 1326 3538; x_wconf 89' lang='lat' dir='ltr'>mo</span> <span class='ocrx_word' id='word_1_432' title='bbox 1343 3482 1449 3553; x_wconf 89' lang='lat' dir='ltr'>natu,</span> <span class='ocrx_word' id='word_1_433' title='bbox 1474 3472 1607 3561; x_wconf 90' lang='lat' dir='ltr'>potitus</span> <span class='ocrx_word' id='word_1_434' title='bbox 1626 3483 1729 3542; x_wconf 87' lang='lat' dir='ltr'>estet</span> <span class='ocrx_word' id='word_1_435' title='bbox 1753 3495 1860 3561; x_wconf 89' lang='lat' dir='ltr'>regno</span> <span class='ocrx_word' id='word_1_436' title='bbox 1875 3469 2095 3549; x_wconf 87' lang='lat' dir='ltr'>Pannoniae.</span> <span class='ocrx_word' id='word_1_437' title='bbox 2147 3474 2254 3548; x_wconf 89' lang='lat' dir='ltr'>Alter</span> 
     </span>
     <span class='ocr_line' id='line_1_33' title="bbox 236 3565 2253 3664; baseline 0.005 -25"><span class='ocrx_word' id='word_1_438' title='bbox 236 3573 275 3640; x_wconf 91' lang='lat' dir='ltr'>in</span> <span class='ocrx_word' id='word_1_439' title='bbox 297 3565 353 3641; x_wconf 90' lang='lat' dir='ltr'>his</span> <span class='ocrx_word' id='word_1_440' title='bbox 381 3570 494 3644; x_wconf 89' lang='lat' dir='ltr'>tribus</span> <span class='ocrx_word' id='word_1_441' title='bbox 524 3566 610 3642; x_wconf 91' lang='lat' dir='ltr'>haec</span> <span class='ocrx_word' id='word_1_442' title='bbox 638 3571 767 3642; x_wconf 89' lang='lat' dir='ltr'>similia</span> <span class='ocrx_word' id='word_1_443' title='bbox 802 3588 900 3643; x_wconf 89' lang='lat' dir='ltr'>sunt:</span> <span class='ocrx_word' id='word_1_444' title='bbox 933 3571 975 3664; x_wconf 89' lang='lat' dir='ltr'>ln</span> <span class='ocrx_word' id='word_1_445' title='bbox 1001 3568 1217 3652; x_wconf 84' lang='lat' dir='ltr'>Alexandro,</span> <span class='ocrx_word' id='word_1_446' title='bbox 1267 3583 1384 3640; x_wconf 89' lang='lat' dir='ltr'>autem</span> <span class='ocrx_word' id='word_1_447' title='bbox 1401 3571 1509 3640; x_wconf 83' lang='lat' dir='ltr'>irater</span> <span class='ocrx_word' id='word_1_448' title='bbox 1521 3566 1643 3641; x_wconf 88' lang='lat' dir='ltr'>Chaba</span> <span class='ocrx_word' id='word_1_449' title='bbox 1659 3596 1738 3642; x_wconf 88' lang='lat' dir='ltr'>cum</span> <span class='ocrx_word' id='word_1_450' title='bbox 1757 3587 1854 3661; x_wconf 90' lang='lat' dir='ltr'>parte</span> <span class='ocrx_word' id='word_1_451' title='bbox 1866 3569 2084 3647; x_wconf 89' lang='lat' dir='ltr'>Hunnorum</span> <span class='ocrx_word' id='word_1_452' title='bbox 2097 3577 2139 3648; x_wconf 93' lang='lat' dir='ltr'>in</span> <span class='ocrx_word' id='word_1_453' title='bbox 2153 3593 2253 3650; x_wconf 88' lang='lat' dir='ltr'>vete-</span> 
     </span>
     <span class='ocr_line' id='line_1_34' title="bbox 235 3669 2252 3764; baseline 0.003 -22"><span class='ocrx_word' id='word_1_454' title='bbox 235 3669 348 3744; x_wconf 87' lang='lat' dir='ltr'>Attila</span> <span class='ocrx_word' id='word_1_455' title='bbox 363 3686 397 3744; x_wconf 88' lang='lat' dir='ltr'>et</span> <span class='ocrx_word' id='word_1_456' title='bbox 415 3671 650 3757; x_wconf 86' lang='lat' dir='ltr'>Tamerlane,</span> <span class='ocrx_word' id='word_1_457' title='bbox 674 3675 771 3764; x_wconf 94' lang='lat' dir='ltr'>quod</span> <span class='ocrx_word' id='word_1_458' title='bbox 789 3697 830 3742; x_wconf 88' lang='lat' dir='ltr'>ex</span> <span class='ocrx_word' id='word_1_459' title='bbox 845 3675 1000 3764; x_wconf 88' lang='lat' dir='ltr'>paternis</span> <span class='ocrx_word' id='word_1_460' title='bbox 1021 3673 1139 3762; x_wconf 85' lang='lat' dir='ltr'>regnis</span> <span class='ocrx_word' id='word_1_461' title='bbox 1154 3697 1218 3742; x_wconf 89' lang='lat' dir='ltr'>an·</span> <span class='ocrx_word' id='word_1_462' title='bbox 1267 3693 1342 3739; x_wconf 89' lang='lat' dir='ltr'>rem</span> <span class='ocrx_word' id='word_1_463' title='bbox 1356 3672 1506 3762; x_wconf 89' lang='lat' dir='ltr'>patriam</span> <span class='ocrx_word' id='word_1_464' title='bbox 1522 3671 1690 3746; x_wconf 83' lang='lat' dir='ltr'>discessit.</span> <span class='ocrx_word' id='word_1_465' title='bbox 1740 3671 1828 3742; x_wconf 91' lang='lat' dir='ltr'>Pars</span> <span class='ocrx_word' id='word_1_466' title='bbox 1850 3673 1888 3743; x_wconf 92' lang='lat' dir='ltr'>in</span> <span class='ocrx_word' id='word_1_467' title='bbox 1905 3674 2091 3748; x_wconf 91' lang='lat' dir='ltr'>Pannonia</span> <span class='ocrx_word' id='word_1_468' title='bbox 2108 3681 2252 3761; x_wconf 89' lang='lat' dir='ltr'>mansit,</span> 
     </span>
     <span class='ocr_line' id='line_1_35' title="bbox 237 3770 2251 3866; baseline 0.004 -24"><span class='ocrx_word' id='word_1_469' title='bbox 237 3773 347 3864; x_wconf 86' lang='lat' dir='ltr'>gostis</span> <span class='ocrx_word' id='word_1_470' title='bbox 367 3772 564 3866; x_wconf 79' lang='lat' dir='ltr'>progressi,</span> <span class='ocrx_word' id='word_1_471' title='bbox 594 3795 740 3863; x_wconf 90' lang='lat' dir='ltr'>magnos</span> <span class='ocrx_word' id='word_1_472' title='bbox 761 3778 931 3846; x_wconf 86' lang='lat' dir='ltr'>exercitus</span> <span class='ocrx_word' id='word_1_473' title='bbox 954 3776 1151 3859; x_wconf 86' lang='lat' dir='ltr'>duxerunt,</span> <span class='ocrx_word' id='word_1_474' title='bbox 1183 3787 1218 3843; x_wconf 89' lang='lat' dir='ltr'>et</span> <span class='ocrx_word' id='word_1_475' title='bbox 1268 3771 1333 3842; x_wconf 91' lang='lat' dir='ltr'>etsi</span> <span class='ocrx_word' id='word_1_476' title='bbox 1354 3794 1501 3861; x_wconf 88' lang='lat' dir='ltr'>regnum</span> <span class='ocrx_word' id='word_1_477' title='bbox 1525 3770 1627 3842; x_wconf 91' lang='lat' dir='ltr'>Gotti</span> <span class='ocrx_word' id='word_1_478' title='bbox 1650 3785 1841 3844; x_wconf 89' lang='lat' dir='ltr'>tenuerunt</span> <span class='ocrx_word' id='word_1_479' title='bbox 1872 3777 1977 3846; x_wconf 90' lang='lat' dir='ltr'>aunis</span> <span class='ocrx_word' id='word_1_480' title='bbox 2001 3779 2143 3850; x_wconf 86' lang='lat' dir='ltr'>circiter</span> <span class='ocrx_word' id='word_1_481' title='bbox 2166 3803 2251 3851; x_wconf 87' lang='lat' dir='ltr'>een-</span> 
     </span>
     <span class='ocr_line' id='line_1_36' title="bbox 236 3869 2252 3973; baseline 0.004 -31"><span class='ocrx_word' id='word_1_482' title='bbox 236 3895 363 3962; x_wconf 86' lang='lat' dir='ltr'>magna</span> <span class='ocrx_word' id='word_1_483' title='bbox 376 3889 474 3964; x_wconf 89' lang='lat' dir='ltr'>parte</span> <span class='ocrx_word' id='word_1_484' title='bbox 493 3874 590 3944; x_wconf 93' lang='lat' dir='ltr'>orbis</span> <span class='ocrx_word' id='word_1_485' title='bbox 604 3885 777 3943; x_wconf 90' lang='lat' dir='ltr'>terrarum</span> <span class='ocrx_word' id='word_1_486' title='bbox 796 3877 900 3962; x_wconf 89' lang='lat' dir='ltr'>potiti</span> <span class='ocrx_word' id='word_1_487' title='bbox 916 3890 1017 3956; x_wconf 90' lang='lat' dir='ltr'>sunt,</span> <span class='ocrx_word' id='word_1_488' title='bbox 1043 3899 1148 3971; x_wconf 87' lang='lat' dir='ltr'>quam</span> <span class='ocrx_word' id='word_1_489' title='bbox 1163 3887 1216 3944; x_wconf 90' lang='lat' dir='ltr'>ta·</span> <span class='ocrx_word' id='word_1_490' title='bbox 1267 3885 1364 3957; x_wconf 90' lang='lat' dir='ltr'>tum,</span> <span class='ocrx_word' id='word_1_491' title='bbox 1390 3875 1505 3943; x_wconf 91' lang='lat' dir='ltr'>donec</span> <span class='ocrx_word' id='word_1_492' title='bbox 1525 3871 1652 3944; x_wconf 89' lang='lat' dir='ltr'>Hunni</span> <span class='ocrx_word' id='word_1_493' title='bbox 1674 3887 1709 3945; x_wconf 90' lang='lat' dir='ltr'>et</span> <span class='ocrx_word' id='word_1_494' title='bbox 1731 3869 1865 3946; x_wconf 87' lang='lat' dir='ltr'>Avares</span> <span class='ocrx_word' id='word_1_495' title='bbox 1883 3873 2073 3949; x_wconf 87' lang='lat' dir='ltr'>Iustiniani</span> <span class='ocrx_word' id='word_1_496' title='bbox 2095 3880 2252 3973; x_wconf 86' lang='lat' dir='ltr'>impera-</span> 
     </span>
     <span class='ocr_line' id='line_1_37' title="bbox 236 3973 2251 4074; baseline 0.005 -32"><span class='ocrx_word' id='word_1_497' title='bbox 236 3995 320 4042; x_wconf 89' lang='lat' dir='ltr'>men</span> <span class='ocrx_word' id='word_1_498' title='bbox 341 3997 415 4043; x_wconf 89' lang='lat' dir='ltr'>uon</span> <span class='ocrx_word' id='word_1_499' title='bbox 435 3974 499 4044; x_wconf 89' lang='lat' dir='ltr'>diu</span> <span class='ocrx_word' id='word_1_500' title='bbox 522 3984 732 4046; x_wconf 88' lang='lat' dir='ltr'>tenuerunt:</span> <span class='ocrx_word' id='word_1_501' title='bbox 766 3987 800 4042; x_wconf 90' lang='lat' dir='ltr'>et</span> <span class='ocrx_word' id='word_1_502' title='bbox 823 3999 903 4044; x_wconf 87' lang='lat' dir='ltr'>cnm</span> <span class='ocrx_word' id='word_1_503' title='bbox 935 3991 1051 4048; x_wconf 87' lang='lat' dir='ltr'>essent</span> <span class='ocrx_word' id='word_1_504' title='bbox 1074 3975 1217 4061; x_wconf 91' lang='lat' dir='ltr'>mortui,</span> <span class='ocrx_word' id='word_1_505' title='bbox 1267 3973 1355 4044; x_wconf 91' lang='lat' dir='ltr'>toris</span> <span class='ocrx_word' id='word_1_506' title='bbox 1375 3987 1550 4063; x_wconf 90' lang='lat' dir='ltr'>tempore,</span> <span class='ocrx_word' id='word_1_507' title='bbox 1580 3988 1666 4045; x_wconf 90' lang='lat' dir='ltr'>tunc</span> <span class='ocrx_word' id='word_1_508' title='bbox 1687 3973 1790 4046; x_wconf 87' lang='lat' dir='ltr'>effusi</span> <span class='ocrx_word' id='word_1_509' title='bbox 1812 3990 1896 4048; x_wconf 92' lang='lat' dir='ltr'>sunt</span> <span class='ocrx_word' id='word_1_510' title='bbox 1918 3979 1958 4048; x_wconf 92' lang='lat' dir='ltr'>in</span> <span class='ocrx_word' id='word_1_511' title='bbox 1980 4002 2020 4050; x_wconf 89' lang='lat' dir='ltr'>ea</span> <span class='ocrx_word' id='word_1_512' title='bbox 2035 3981 2132 4067; x_wconf 87' lang='lat' dir='ltr'>loca,</span> <span class='ocrx_word' id='word_1_513' title='bbox 2158 4005 2251 4074; x_wconf 87' lang='lat' dir='ltr'>quae</span> 
     </span>
     <span class='ocr_line' id='line_1_38' title="bbox 236 4071 2248 4165; baseline 0.005 -21"><span class='ocrx_word' id='word_1_514' title='bbox 236 4095 344 4163; x_wconf 88' lang='lat' dir='ltr'>regna</span> <span class='ocrx_word' id='word_1_515' title='bbox 366 4073 464 4143; x_wconf 91' lang='lat' dir='ltr'>varie</span> <span class='ocrx_word' id='word_1_516' title='bbox 486 4073 674 4145; x_wconf 89' lang='lat' dir='ltr'>dilacerata</span> <span class='ocrx_word' id='word_1_517' title='bbox 695 4086 795 4160; x_wconf 89' lang='lat' dir='ltr'>sont,</span> <span class='ocrx_word' id='word_1_518' title='bbox 820 4074 915 4145; x_wconf 89' lang='lat' dir='ltr'>iuxta</span> <span class='ocrx_word' id='word_1_519' title='bbox 932 4079 1086 4148; x_wconf 75' lang='lat' dir='ltr'>dictum!</span> <span class='ocrx_word' id='word_1_520' title='bbox 1118 4099 1216 4147; x_wconf 89' lang='lat' dir='ltr'>sum·</span> <span class='ocrx_word' id='word_1_521' title='bbox 1266 4097 1362 4144; x_wconf 91' lang='lat' dir='ltr'>nunc</span> <span class='ocrx_word' id='word_1_522' title='bbox 1386 4071 1533 4163; x_wconf 88' lang='lat' dir='ltr'>Bulgari</span> <span class='ocrx_word' id='word_1_523' title='bbox 1558 4089 1594 4148; x_wconf 91' lang='lat' dir='ltr'>et</span> <span class='ocrx_word' id='word_1_524' title='bbox 1618 4071 1792 4146; x_wconf 91' lang='lat' dir='ltr'>Walachi</span> <span class='ocrx_word' id='word_1_525' title='bbox 1815 4089 1955 4165; x_wconf 88' lang='lat' dir='ltr'>tenent,</span> <span class='ocrx_word' id='word_1_526' title='bbox 1979 4081 2070 4152; x_wconf 88' lang='lat' dir='ltr'>etin</span> <span class='ocrx_word' id='word_1_527' title='bbox 2091 4077 2248 4154; x_wconf 85' lang='lat' dir='ltr'>vicinam</span> 
     </span>
     <span class='ocr_line' id='line_1_39' title="bbox 235 4172 1503 4268; baseline 0.002 -24"><span class='ocrx_word' id='word_1_528' title='bbox 235 4174 374 4268; x_wconf 89' lang='lat' dir='ltr'>misque</span> <span class='ocrx_word' id='word_1_529' title='bbox 403 4187 569 4265; x_wconf 87' lang='lat' dir='ltr'>negatum</span> <span class='ocrx_word' id='word_1_530' title='bbox 598 4189 651 4249; x_wconf 90' lang='lat' dir='ltr'>est</span> <span class='ocrx_word' id='word_1_531' title='bbox 676 4173 778 4246; x_wconf 85' lang='lat' dir='ltr'>Stare</span> <span class='ocrx_word' id='word_1_532' title='bbox 814 4173 888 4245; x_wconf 77' lang='lat' dir='ltr'>elin.¹</span> <span class='ocrx_word' id='word_1_533' title='bbox 941 4176 994 4246; x_wconf 89' lang='lat' dir='ltr'>Ac</span> <span class='ocrx_word' id='word_1_534' title='bbox 1026 4179 1218 4248; x_wconf 86' lang='lat' dir='ltr'>ostendunt</span> <span class='ocrx_word' id='word_1_535' title='bbox 1266 4172 1503 4247; x_wconf 83' lang='lat' dir='ltr'>Pannoniam.</span> 
     </span>
     <span class='ocr_line' id='line_1_40' title="bbox 155 4270 2248 4374; baseline 0.006 -31"><span class='ocrx_word' id='word_1_536' title='bbox 155 4347 162 4354; x_wconf 71' lang='grc'><strong><em>,</em></strong></span> <span class='ocrx_word' id='word_1_537' title='bbox 235 4270 323 4346; x_wconf 86' lang='lat' dir='ltr'>haec</span> <span class='ocrx_word' id='word_1_538' title='bbox 338 4278 517 4368; x_wconf 80' lang='lat' dir='ltr'>exempla,</span> <span class='ocrx_word' id='word_1_539' title='bbox 542 4297 617 4346; x_wconf 90' lang='lat' dir='ltr'>non</span> <span class='ocrx_word' id='word_1_540' title='bbox 636 4276 720 4346; x_wconf 89' lang='lat' dir='ltr'>solis</span> <span class='ocrx_word' id='word_1_541' title='bbox 743 4272 909 4346; x_wconf 90' lang='lat' dir='ltr'>humanis</span> <span class='ocrx_word' id='word_1_542' title='bbox 933 4277 1091 4347; x_wconf 89' lang='lat' dir='ltr'>consiliis</span> <span class='ocrx_word' id='word_1_543' title='bbox 1112 4291 1147 4348; x_wconf 90' lang='lat' dir='ltr'>et</span> <span class='ocrx_word' id='word_1_544' title='bbox 1162 4279 1217 4346; x_wconf 87' lang='lat' dir='ltr'>vi·</span> <span class='ocrx_word' id='word_1_545' title='bbox 1369 4275 1498 4346; x_wconf 89' lang='lat' dir='ltr'>Variae</span> <span class='ocrx_word' id='word_1_546' title='bbox 1512 4278 1725 4351; x_wconf 89' lang='lat' dir='ltr'>mutationes</span> <span class='ocrx_word' id='word_1_547' title='bbox 1744 4280 1782 4350; x_wconf 91' lang='lat' dir='ltr'>in</span> <span class='ocrx_word' id='word_1_548' title='bbox 1799 4281 1965 4353; x_wconf 89' lang='lat' dir='ltr'>omnihus</span> <span class='ocrx_word' id='word_1_549' title='bbox 1979 4282 2097 4374; x_wconf 85' lang='lat' dir='ltr'>regnis</span> <span class='ocrx_word' id='word_1_550' title='bbox 2110 4285 2248 4356; x_wconf 86' lang='lat' dir='ltr'>accide-</span> 
     </span>
     <span class='ocr_line' id='line_1_41' title="bbox 236 4375 2250 4469; baseline 0.006 -27"><span class='ocrx_word' id='word_1_551' title='bbox 236 4375 336 4446; x_wconf 86' lang='lat' dir='ltr'>ribus</span> <span class='ocrx_word' id='word_1_552' title='bbox 347 4378 464 4468; x_wconf 88' lang='lat' dir='ltr'>parari</span> <span class='ocrx_word' id='word_1_553' title='bbox 479 4392 514 4448; x_wconf 92' lang='grc' dir='ltr'><strong>ει</strong></span> <span class='ocrx_word' id='word_1_554' title='bbox 526 4379 640 4448; x_wconf 90' lang='lat' dir='ltr'>teneri</span> <span class='ocrx_word' id='word_1_555' title='bbox 654 4377 820 4469; x_wconf 88' lang='lat' dir='ltr'>imperia:</span> <span class='ocrx_word' id='word_1_556' title='bbox 847 4380 907 4448; x_wconf 88' lang='lat' dir='ltr'>sed</span> <span class='ocrx_word' id='word_1_557' title='bbox 923 4401 1040 4448; x_wconf 87' lang='lat' dir='ltr'>veram</span> <span class='ocrx_word' id='word_1_558' title='bbox 1055 4376 1216 4451; x_wconf 88' lang='lat' dir='ltr'>esseDa-</span> <span class='ocrx_word' id='word_1_559' title='bbox 1267 4389 1370 4457; x_wconf 92' lang='lat' dir='ltr'>runt,</span> <span class='ocrx_word' id='word_1_560' title='bbox 1394 4391 1436 4451; x_wconf 91' lang='lat' dir='ltr'>ut</span> <span class='ocrx_word' id='word_1_561' title='bbox 1457 4393 1541 4450; x_wconf 92' lang='lat' dir='ltr'>sunt</span> <span class='ocrx_word' id='word_1_562' title='bbox 1563 4401 1620 4449; x_wconf 86' lang='lat' dir='ltr'>res</span> <span class='ocrx_word' id='word_1_563' title='bbox 1638 4375 1813 4453; x_wconf 88' lang='lat' dir='ltr'>humanae</span> <span class='ocrx_word' id='word_1_564' title='bbox 1836 4382 2030 4460; x_wconf 87' lang='lat' dir='ltr'>instabiles.</span> <span class='ocrx_word' id='word_1_565' title='bbox 2072 4381 2129 4457; x_wconf 87' lang='lat' dir='ltr'>-Et</span> <span class='ocrx_word' id='word_1_566' title='bbox 2151 4383 2250 4456; x_wconf 91' lang='lat' dir='ltr'>Deus</span> 
     </span>
     <span class='ocr_line' id='line_1_42' title="bbox 235 4474 2250 4576; baseline 0.005 -30"><span class='ocrx_word' id='word_1_567' title='bbox 235 4476 344 4547; x_wconf 83' lang='lat' dir='ltr'>niiilis</span> <span class='ocrx_word' id='word_1_568' title='bbox 360 4500 497 4548; x_wconf 90' lang='lat' dir='ltr'>vocem:</span> <span class='ocrx_word' id='word_1_569' title='bbox 524 4474 621 4548; x_wconf 88' lang='lat' dir='ltr'>Deus</span> <span class='ocrx_word' id='word_1_570' title='bbox 636 4479 800 4550; x_wconf 79' lang='lat' dir='ltr'>transfert</span> <span class='ocrx_word' id='word_1_571' title='bbox 816 4491 851 4550; x_wconf 89' lang='lat' dir='ltr'>et</span> <span class='ocrx_word' id='word_1_572' title='bbox 868 4479 1002 4550; x_wconf 89' lang='lat' dir='ltr'>stabilit</span> <span class='ocrx_word' id='word_1_573' title='bbox 1016 4502 1134 4570; x_wconf 87' lang='lat' dir='ltr'>regna.</span> <span class='ocrx_word' id='word_1_574' title='bbox 1267 4479 1427 4549; x_wconf 92' lang='lat' dir='ltr'>omnium</span> <span class='ocrx_word' id='word_1_575' title='bbox 1449 4479 1606 4568; x_wconf 89' lang='lat' dir='ltr'>gentium</span> <span class='ocrx_word' id='word_1_576' title='bbox 1638 4495 1776 4570; x_wconf 90' lang='lat' dir='ltr'>peccata</span> <span class='ocrx_word' id='word_1_577' title='bbox 1799 4483 2056 4555; x_wconf 86' lang='lat' dir='ltr'>mutationibus</span> <span class='ocrx_word' id='word_1_578' title='bbox 2072 4485 2250 4576; x_wconf 88' lang='lat' dir='ltr'>imperio-</span> 
     </span>
     <span class='ocr_line' id='line_1_43' title="bbox 337 4574 2249 4677; baseline 0.004 -28"><span class='ocrx_word' id='word_1_579' title='bbox 337 4574 392 4649; x_wconf 90' lang='lat' dir='ltr'>De</span> <span class='ocrx_word' id='word_1_580' title='bbox 408 4578 511 4649; x_wconf 90' lang='lat' dir='ltr'>annis</span> <span class='ocrx_word' id='word_1_581' title='bbox 530 4579 662 4650; x_wconf 88' lang='lat' dir='ltr'>Attilae</span> <span class='ocrx_word' id='word_1_582' title='bbox 677 4579 897 4662; x_wconf 85' lang='lat' dir='ltr'>narrationes</span> <span class='ocrx_word' id='word_1_583' title='bbox 918 4582 1107 4652; x_wconf 88' lang='lat' dir='ltr'>dissimiles</span> <span class='ocrx_word' id='word_1_584' title='bbox 1121 4595 1217 4667; x_wconf 89' lang='lat' dir='ltr'>sunt,</span> <span class='ocrx_word' id='word_1_585' title='bbox 1268 4604 1346 4649; x_wconf 89' lang='lat' dir='ltr'>rum</span> <span class='ocrx_word' id='word_1_586' title='bbox 1364 4595 1397 4652; x_wconf 90' lang='lat' dir='ltr'>et</span> <span class='ocrx_word' id='word_1_587' title='bbox 1411 4580 1667 4652; x_wconf 85' lang='lat' dir='ltr'>vastationibus</span> <span class='ocrx_word' id='word_1_588' title='bbox 1682 4583 1795 4674; x_wconf 86' lang='lat' dir='ltr'>punit.</span> <span class='ocrx_word' id='word_1_589' title='bbox 1846 4583 1917 4656; x_wconf 90' lang='lat' dir='ltr'>Sed</span> <span class='ocrx_word' id='word_1_590' title='bbox 1933 4598 2078 4677; x_wconf 85' lang='lat' dir='ltr'>propter</span> <span class='ocrx_word' id='word_1_591' title='bbox 2090 4587 2249 4676; x_wconf 85' lang='lat' dir='ltr'>regionis</span> 
     </span>
     <span class='ocr_line' id='line_1_44' title="bbox 237 4677 2248 4777; baseline 0.007 -32"><span class='ocrx_word' id='word_1_592' title='bbox 237 4678 298 4747; x_wconf 86' lang='lat' dir='ltr'>sed</span> <span class='ocrx_word' id='word_1_593' title='bbox 313 4680 359 4748; x_wconf 86' lang='lat' dir='ltr'>ab</span> <span class='ocrx_word' id='word_1_594' title='bbox 375 4679 616 4770; x_wconf 85' lang='lat' dir='ltr'>expeditione,</span> <span class='ocrx_word' id='word_1_595' title='bbox 631 4681 679 4750; x_wconf 89' lang='lat' dir='ltr'>in</span> <span class='ocrx_word' id='word_1_596' title='bbox 696 4682 817 4774; x_wconf 90' lang='lat' dir='ltr'>quain</span> <span class='ocrx_word' id='word_1_597' title='bbox 833 4677 1063 4752; x_wconf 89' lang='lat' dir='ltr'>Germaniam</span> <span class='ocrx_word' id='word_1_598' title='bbox 1078 4697 1112 4754; x_wconf 88' lang='lat' dir='ltr'>et</span> <span class='ocrx_word' id='word_1_599' title='bbox 1127 4681 1216 4754; x_wconf 87' lang='lat' dir='ltr'>Gal·</span> <span class='ocrx_word' id='word_1_600' title='bbox 1267 4681 1480 4752; x_wconf 85' lang='lat' dir='ltr'>fertilitatem</span> <span class='ocrx_word' id='word_1_601' title='bbox 1503 4695 1539 4752; x_wconf 90' lang='lat' dir='ltr'>et</span> <span class='ocrx_word' id='word_1_602' title='bbox 1562 4686 1861 4772; x_wconf 88' lang='lat' dir='ltr'>opportunitatem</span> <span class='ocrx_word' id='word_1_603' title='bbox 1884 4685 2072 4777; x_wconf 89' lang='lat' dir='ltr'>praecipue</span> <span class='ocrx_word' id='word_1_604' title='bbox 2093 4686 2133 4756; x_wconf 92' lang='lat' dir='ltr'>in</span> <span class='ocrx_word' id='word_1_605' title='bbox 2149 4685 2248 4758; x_wconf 88' lang='lat' dir='ltr'>Pan-</span> 
     </span>
     <span class='ocr_line' id='line_1_45' title="bbox 135 4775 2248 4877; baseline 0.006 -31"><span class='ocrx_word' id='word_1_606' title='bbox 135 4864 140 4871; x_wconf 26' lang='lat'><strong>·</strong></span> <span class='ocrx_word' id='word_1_607' title='bbox 236 4775 322 4847; x_wconf 86' lang='lat' dir='ltr'>liam</span> <span class='ocrx_word' id='word_1_608' title='bbox 343 4781 464 4852; x_wconf 82' lang='lat' dir='ltr'>eduxit</span> <span class='ocrx_word' id='word_1_609' title='bbox 486 4803 528 4851; x_wconf 83' lang='lat' dir='ltr'>ex</span> <span class='ocrx_word' id='word_1_610' title='bbox 546 4780 733 4852; x_wconf 86' lang='lat' dir='ltr'>Pannonia</span> <span class='ocrx_word' id='word_1_611' title='bbox 755 4781 946 4874; x_wconf 87' lang='lat' dir='ltr'>quingenta</span> <span class='ocrx_word' id='word_1_612' title='bbox 968 4781 1082 4856; x_wconf 88' lang='lat' dir='ltr'>millia</span> <span class='ocrx_word' id='word_1_613' title='bbox 1098 4781 1215 4854; x_wconf 91' lang='lat' dir='ltr'>homi·</span> <span class='ocrx_word' id='word_1_614' title='bbox 1267 4783 1412 4853; x_wconf 91' lang='lat' dir='ltr'>noniam</span> <span class='ocrx_word' id='word_1_615' title='bbox 1446 4805 1548 4873; x_wconf 89' lang='lat' dir='ltr'>saepe</span> <span class='ocrx_word' id='word_1_616' title='bbox 1580 4785 1718 4854; x_wconf 85' lang='lat' dir='ltr'>inlusae</span> <span class='ocrx_word' id='word_1_617' title='bbox 1758 4797 1841 4856; x_wconf 92' lang='lat' dir='ltr'>suut</span> <span class='ocrx_word' id='word_1_618' title='bbox 1871 4786 2077 4876; x_wconf 87' lang='lat' dir='ltr'>peregrinae</span> <span class='ocrx_word' id='word_1_619' title='bbox 2113 4801 2248 4877; x_wconf 89' lang='lat' dir='ltr'>gentes.</span> 
     </span>
     <span class='ocr_line' id='line_1_46' title="bbox 237 4881 2245 4982; baseline 0.007 -38"><span class='ocrx_word' id='word_1_620' title='bbox 237 4897 324 4946; x_wconf 89' lang='lat' dir='ltr'>num</span> <span class='ocrx_word' id='word_1_621' title='bbox 351 4902 464 4975; x_wconf 86' lang='lat' dir='ltr'>nsque</span> <span class='ocrx_word' id='word_1_622' title='bbox 494 4883 541 4952; x_wconf 86' lang='lat' dir='ltr'>ad</span> <span class='ocrx_word' id='word_1_623' title='bbox 571 4895 743 4964; x_wconf 89' lang='lat' dir='ltr'>mortem,</span> <span class='ocrx_word' id='word_1_624' title='bbox 773 4883 917 4953; x_wconf 90' lang='lat' dir='ltr'>invenio</span> <span class='ocrx_word' id='word_1_625' title='bbox 942 4901 1056 4956; x_wconf 88' lang='lat' dir='ltr'>annos</span> <span class='ocrx_word' id='word_1_626' title='bbox 1077 4886 1217 4956; x_wconf 88' lang='lat' dir='ltr'>circiter</span> <span class='ocrx_word' id='word_1_627' title='bbox 1267 4881 1345 4954; x_wconf 88' lang='lat' dir='ltr'>Hoc</span> <span class='ocrx_word' id='word_1_628' title='bbox 1360 4884 1469 4974; x_wconf 88' lang='lat' dir='ltr'>igitur</span> <span class='ocrx_word' id='word_1_629' title='bbox 1491 4884 1568 4953; x_wconf 90' lang='lat' dir='ltr'>loco</span> <span class='ocrx_word' id='word_1_630' title='bbox 1591 4885 1680 4956; x_wconf 85' lang='lat' dir='ltr'>iacta</span> <span class='ocrx_word' id='word_1_631' title='bbox 1698 4886 1828 4976; x_wconf 86' lang='lat' dir='ltr'>insigni</span> <span class='ocrx_word' id='word_1_632' title='bbox 1843 4889 2040 4960; x_wconf 86' lang='lat' dir='ltr'>mutatione</span> <span class='ocrx_word' id='word_1_633' title='bbox 2054 4902 2134 4982; x_wconf 90' lang='lat' dir='ltr'>post</span> <span class='ocrx_word' id='word_1_634' title='bbox 2149 4891 2245 4961; x_wconf 89' lang='lat' dir='ltr'>Atti-</span> 
     </span>
     <span class='ocr_line' id='line_1_47' title="bbox 236 4978 2244 5080; baseline 0.005 -30"><span class='ocrx_word' id='word_1_635' title='bbox 236 4978 436 5054; x_wconf 85' lang='lat' dir='ltr'>duodeeim.</span> <span class='ocrx_word' id='word_1_636' title='bbox 477 4983 631 5075; x_wconf 79' lang='lat' dir='ltr'>Prosper</span> <span class='ocrx_word' id='word_1_637' title='bbox 645 4983 740 5055; x_wconf 88' lang='lat' dir='ltr'>euim</span> <span class='ocrx_word' id='word_1_638' title='bbox 756 4985 879 5054; x_wconf 89' lang='lat' dir='ltr'>scribit</span> <span class='ocrx_word' id='word_1_639' title='bbox 898 4981 996 5060; x_wconf 91' lang='lat' dir='ltr'>Coss.</span> <span class='ocrx_word' id='word_1_640' title='bbox 1011 4983 1215 5057; x_wconf 89' lang='lat' dir='ltr'>Theodosio</span> <span class='ocrx_word' id='word_1_641' title='bbox 1267 4988 1337 5055; x_wconf 90' lang='lat' dir='ltr'>lam</span> <span class='ocrx_word' id='word_1_642' title='bbox 1359 4985 1494 5079; x_wconf 88' lang='lat' dir='ltr'>aliquid</span> <span class='ocrx_word' id='word_1_643' title='bbox 1513 4986 1555 5054; x_wconf 91' lang='lat' dir='ltr'>de</span> <span class='ocrx_word' id='word_1_644' title='bbox 1573 4985 1749 5058; x_wconf 86' lang='lat' dir='ltr'>veteribus</span> <span class='ocrx_word' id='word_1_645' title='bbox 1770 4989 2068 5080; x_wconf 89' lang='lat' dir='ltr'>appellationibus</span> <span class='ocrx_word' id='word_1_646' title='bbox 2088 4990 2244 5062; x_wconf 86' lang='lat' dir='ltr'>inserere</span> 
     </span>
     <span class='ocr_line' id='line_1_48' title="bbox 236 5074 2244 5178; baseline 0.006 -28"><span class='ocrx_word' id='word_1_647' title='bbox 236 5088 272 5150; x_wconf 85' lang='lat' dir='ltr'>et</span> <span class='ocrx_word' id='word_1_648' title='bbox 295 5074 431 5150; x_wconf 85' lang='lat' dir='ltr'>Albino</span> <span class='ocrx_word' id='word_1_649' title='bbox 452 5078 601 5157; x_wconf 87' lang='lat' dir='ltr'>Attilam</span> <span class='ocrx_word' id='word_1_650' title='bbox 630 5085 814 5156; x_wconf 81' lang='lat' dir='ltr'>interiecto</span> <span class='ocrx_word' id='word_1_651' title='bbox 841 5086 948 5158; x_wconf 77' lang='lat' dir='ltr'>tratre</span> <span class='ocrx_word' id='word_1_652' title='bbox 970 5084 1072 5158; x_wconf 93' lang='lat' dir='ltr'>Buda</span> <span class='ocrx_word' id='word_1_653' title='bbox 1099 5090 1214 5160; x_wconf 93' lang='lat' dir='ltr'>solum</span> <span class='ocrx_word' id='word_1_654' title='bbox 1268 5087 1376 5160; x_wconf 86' lang='lat' dir='ltr'>volui.</span> <span class='ocrx_word' id='word_1_655' title='bbox 1427 5084 1658 5158; x_wconf 88' lang='lat' dir='ltr'>Notissimum</span> <span class='ocrx_word' id='word_1_656' title='bbox 1676 5101 1726 5157; x_wconf 90' lang='lat' dir='ltr'>est</span> <span class='ocrx_word' id='word_1_657' title='bbox 1743 5090 1953 5162; x_wconf 89' lang='lat' dir='ltr'>vocabulum</span> <span class='ocrx_word' id='word_1_658' title='bbox 1970 5085 2124 5178; x_wconf 90' lang='lat' dir='ltr'>Cethim,</span> <span class='ocrx_word' id='word_1_659' title='bbox 2147 5094 2244 5163; x_wconf 90' lang='lat' dir='ltr'>unde</span> 
     </span>
     <span class='ocr_line' id='line_1_49' title="bbox 236 5181 2244 5280; baseline 0.008 -33"><span class='ocrx_word' id='word_1_660' title='bbox 236 5201 345 5268; x_wconf 90' lang='lat' dir='ltr'>reguo</span> <span class='ocrx_word' id='word_1_661' title='bbox 383 5181 557 5274; x_wconf 90' lang='lat' dir='ltr'>potitum,</span> <span class='ocrx_word' id='word_1_662' title='bbox 605 5187 798 5257; x_wconf 85' lang='lat' dir='ltr'>multarum</span> <span class='ocrx_word' id='word_1_663' title='bbox 829 5187 988 5272; x_wconf 84' lang='lat' dir='ltr'>gentium</span> <span class='ocrx_word' id='word_1_664' title='bbox 1024 5190 1214 5261; x_wconf 81' lang='lat' dir='ltr'>exercitum</span> <span class='ocrx_word' id='word_1_665' title='bbox 1267 5211 1397 5258; x_wconf 91' lang='lat' dir='ltr'>nomen</span> <span class='ocrx_word' id='word_1_666' title='bbox 1426 5200 1476 5258; x_wconf 86' lang='lat' dir='ltr'>est</span> <span class='ocrx_word' id='word_1_667' title='bbox 1504 5185 1681 5280; x_wconf 69' lang='grc' dir='ltr'><strong>μακέτηε,</strong></span> <span class='ocrx_word' id='word_1_668' title='bbox 1702 5189 1757 5259; x_wconf 89' lang='lat' dir='ltr'>·id</span> <span class='ocrx_word' id='word_1_669' title='bbox 1787 5203 1857 5274; x_wconf 87' lang='lat' dir='ltr'>est,</span> <span class='ocrx_word' id='word_1_670' title='bbox 1890 5189 2059 5277; x_wconf 89' lang='lat' dir='ltr'>Macedo,</span> <span class='ocrx_word' id='word_1_671' title='bbox 2092 5205 2126 5266; x_wconf 86' lang='lat' dir='ltr'>et</span> <span class='ocrx_word' id='word_1_672' title='bbox 2152 5192 2244 5264; x_wconf 91' lang='lat' dir='ltr'>liber</span> 
     </span>
     <span class='ocr_line' id='line_1_50' title="bbox 236 5278 2242 5382; baseline 0.007 -34"><span class='ocrx_word' id='word_1_673' title='bbox 236 5280 389 5354; x_wconf 87' lang='lat' dir='ltr'>duxisse.</span> <span class='ocrx_word' id='word_1_674' title='bbox 439 5278 509 5351; x_wconf 90' lang='lat' dir='ltr'>llic</span> <span class='ocrx_word' id='word_1_675' title='bbox 534 5284 603 5354; x_wconf 87' lang='lat' dir='ltr'>suit</span> <span class='ocrx_word' id='word_1_676' title='bbox 622 5309 737 5357; x_wconf 89' lang='lat' dir='ltr'>annus</span> <span class='ocrx_word' id='word_1_677' title='bbox 755 5281 889 5360; x_wconf 86' lang='lat' dir='ltr'>Christi</span> <span class='ocrx_word' id='word_1_678' title='bbox 912 5289 1215 5382; x_wconf 84' lang='lat' dir='ltr'>quadringentesi-</span> <span class='ocrx_word' id='word_1_679' title='bbox 1264 5289 1558 5360; x_wconf 89' lang='lat' dir='ltr'>Maccabaeorum</span> <span class='ocrx_word' id='word_1_680' title='bbox 1579 5287 1629 5360; x_wconf 89' lang='lat' dir='ltr'>sit</span> <span class='ocrx_word' id='word_1_681' title='bbox 1650 5289 1890 5363; x_wconf 86' lang='lat' dir='ltr'>Alexandrum</span> <span class='ocrx_word' id='word_1_682' title='bbox 1910 5313 2087 5382; x_wconf 85' lang='lat' dir='ltr'>egressum</span> <span class='ocrx_word' id='word_1_683' title='bbox 2110 5317 2185 5366; x_wconf 86' lang='lat' dir='ltr'>esse</span> <span class='ocrx_word' id='word_1_684' title='bbox 2201 5316 2242 5364; x_wconf 85' lang='lat' dir='ltr'>ex</span> 
     </span>
     <span class='ocr_line' id='line_1_51' title="bbox 235 5382 2245 5488; baseline 0.01 -42"><span class='ocrx_word' id='word_1_685' title='bbox 235 5401 314 5448; x_wconf 88' lang='lat' dir='ltr'>mos</span> <span class='ocrx_word' id='word_1_686' title='bbox 338 5382 624 5474; x_wconf 86' lang='lat' dir='ltr'>quadragesimus</span> <span class='ocrx_word' id='word_1_687' title='bbox 647 5387 826 5478; x_wconf 84' lang='lat' dir='ltr'>septimus.</span> <span class='ocrx_word' id='word_1_688' title='bbox 878 5388 1002 5482; x_wconf 82' lang='lat' dir='ltr'>Pugna</span> <span class='ocrx_word' id='word_1_689' title='bbox 1024 5394 1071 5463; x_wconf 90' lang='lat' dir='ltr'>ad</span> <span class='ocrx_word' id='word_1_690' title='bbox 1101 5390 1212 5464; x_wconf 79' lang='lat' dir='ltr'>&#39;l‘olo-</span> <span class='ocrx_word' id='word_1_691' title='bbox 1266 5405 1357 5466; x_wconf 87' lang='lat' dir='ltr'>terra</span> <span class='ocrx_word' id='word_1_692' title='bbox 1373 5385 1526 5467; x_wconf 78' lang='lat' dir='ltr'>Cethim,</span> <span class='ocrx_word' id='word_1_693' title='bbox 1549 5421 1551 5429; x_wconf 54' lang='lat'><em>&#39;</em></span> <span class='ocrx_word' id='word_1_694' title='bbox 1576 5387 1763 5488; x_wconf 88' lang='lat' dir='ltr'>Hodieque</span> <span class='ocrx_word' id='word_1_695' title='bbox 1783 5394 1914 5468; x_wconf 85' lang='lat' dir='ltr'>fluvius</span> <span class='ocrx_word' id='word_1_696' title='bbox 1932 5395 2103 5467; x_wconf 91' lang='lat' dir='ltr'>dirimens</span> <span class='ocrx_word' id='word_1_697' title='bbox 2120 5393 2245 5466; x_wconf 89' lang='lat' dir='ltr'>Mace·</span> 
     </span>
    </p>
   </div>
   <div class='ocr_carea' id='block_1_3' title="bbox 0 0 2358 5813">
    <p class='ocr_par' dir='ltr' id='par_1_3' title="bbox 0 0 2358 5813">
     <span class='ocr_line' id='line_1_52' title="bbox 0 0 2358 5813; baseline 0 0"><span class='ocrx_word' id='word_1_698' title='bbox 0 0 2358 5813; x_wconf 95' lang='lat' dir='ltr'> </span> 
     </span>
    </p>
   </div>
  </div>
 </body>
</html>
