4726 5828
215 257 285 326 10³
816 245 972 322 DECL.
1018 245 1093 322 DE
1128 247 1326 326 PARTU
1359 251 1505 326 FILII
1539 253 1647 332 DEI
2169 259 2245 333 104

214 449 260 497 an
276 423 374 496 Deus
388 424 510 513 diligat
526 443 603 503 nos,
629 423 811 516 quomodo
827 419 985 493 invocari
1005 437 1041 495 et
1055 423 1124 494 coli
1141 447 1201 494 ve-
1251 425 1397 517 pressit‚
1428 426 1545 518 imago
1569 428 1685 499 divini
1710 429 1843 498 amoris
1869 419 1921 503 est
1941 454 2021 522 erga
2043 454 2131 516 nos,
2155 426 2245 502 baec

215 529 276 614 lit,
302 551 348 596 an
361 540 396 598 et
413 549 476 596 cur
493 524 657 615 recipiat,
683 547 723 594 ac
739 525 905 595 exaudiat
931 524 1048 616 lapsos
1073 538 1108 596 et
1124 526 1202 618 pol·
1253 527 1328 618 ipsa
1344 525 1483 626 στοργὴ
1500 530 1636 600 intimis
1651 531 1891 620 penetralibus
1905 536 2023 603 cordis
2036 535 2155 620 insita,
2173 559 2245 627 qua

216 632 321 709 lutos,
342 631 425 701 satis
440 651 487 696 ne
499 627 545 695 sit
560 626 708 720 alloqui,
729 639 763 696 et
779 626 910 697 intueri
925 649 1007 696 eum
1023 627 1103 710 bde,
1121 650 1201 697 cum
1253 642 1333 699 tuos
1349 643 1451 698 natos
1466 653 1572 715 amas,
1588 627 1680 702 hanc
1695 633 1833 725 quoties
1846 636 1964 720 sentis,
1984 637 2136 727 cogitato
2151 636 2246 707 ima-

215 753 289 802 non
305 752 489 802 cernamus
503 727 617 798 oculis
630 723 698 797 boc
717 750 850 799 numen
869 730 964 821 qnod
983 729 1201 800 invocamus.
1253 730 1371 820 ginem
1388 743 1421 800 te
1436 731 1550 800 divini
1568 735 1700 803 amoris
1712 735 1951 822 circumferre,
1976 760 2016 807 ac
2033 763 2114 809 vere
2129 742 2246 810 amari

129 875 132 880 -
215 831 290 904 Has
303 831 547 902 solicitudines
565 829 671 899 multi
685 853 727 898 ex
741 830 844 899 vobis
859 829 1075 919 intelligunt.
1113 825 1203 914 Etsi,
1254 833 1299 900 ab
1312 845 1455 902 aeterno
1470 848 1582 923 patre,
1603 848 1638 904 et
1653 836 1777 920 filium,
1804 849 1838 908 et
1854 861 1930 923 nos,
1955 864 2108 931 quorum
2123 841 2247 912 induit

214 951 258 1018 ut,
270 935 363 1026 apud
380 931 579 1003 Homerum
593 928 739 1025 Cyclopi
755 929 892 1026 Ulyssis
908 931 1031 1000 concio
1046 932 1091 999 de
1107 929 1202 999 iudi·
1255 946 1419 1004 naturam
1435 934 1545 1004 lilius:
1585 949 1706 1030 estque
1731 932 1836 1007 huius
1853 941 1993 1032 paterni
2010 942 2141 1012 amoris
2160 966 2245 1033 erga

214 1037 270 1107 cio
285 1036 423 1119 divino,
446 1032 597 1103 ridicula
611 1033 764 1113 videtur,
791 1033 839 1103 ita
855 1028 1048 1124 prophanis
1062 1032 1204 1102 andito-
1255 1057 1322 1104 nos
1342 1034 1440 1106 testis
1466 1049 1500 1105 et
1525 1036 1664 1127 pignus.
1715 1034 1885 1112 Occurrit
1905 1041 2015 1131 igitur
2029 1043 2093 1112 filii
2110 1046 2186 1117 nati
2203 1069 2247 1116 ex

215 1139 314 1208 ribus
326 1133 414 1208 baec
427 1134 734 1219 commemoratio,
759 1134 1086 1204 errormcntiscsse
1101 1133 1204 1204 duci·
1256 1136 1393 1226 virgine
1422 1153 1629 1227 conspectus
1659 1135 1742 1209 buic
1767 1142 1902 1230 primae
1927 1144 2169 1231 solicitudini,
2203 1146 2247 1217 in

216 1255 292 1321 tur,
319 1239 433 1333 qualis
450 1249 501 1306 est
518 1235 634 1321 iniis,
661 1235 722 1329 qui
743 1235 1138 1324 atrabileexagitantur.
1256 1262 1323 1330 qua
1339 1239 1553 1330 quaerimus,
1576 1265 1623 1310 an
1640 1237 1736 1310 Deus
1753 1265 1818 1311 nos
1833 1244 1969 1334 diligat.
2003 1243 2102 1316 Idem
2119 1271 2248 1317 occur·

316 1341 387 1412 Sed
404 1339 543 1409 rideant
557 1333 744 1430 prophani,
763 1337 874 1406 risum
893 1337 1112 1418 sardonium,
1137 1338 1204 1405 do-
1255 1339 1302 1408 rit
1318 1339 1463 1409 caeteris
1477 1341 1755 1434 quaestiouibus.
1807 1342 1971 1416 Affirmat
1991 1371 2055 1418 nos
2073 1362 2168 1418 certo
2186 1373 2247 1418 re·

216 1467 281 1514 nec
298 1442 441 1513 veniant
457 1464 600 1530 poenae.
643 1435 718 1528 Ego
737 1439 813 1532 pios
830 1439 1009 1508 auditores
1025 1439 1064 1506 in
1080 1434 1203 1506 Eccle-
1256 1439 1324 1530 cipi
1352 1453 1387 1511 et
1412 1443 1570 1510 exaudiri
1600 1445 1645 1513 ab
1674 1459 1819 1514 aeterno
1843 1459 1961 1538 patre,
1998 1466 2032 1520 et
2055 1451 2202 1519 liberari
2225 1475 2247 1519 a

216 1547 268 1616 sia
285 1541 352 1613 Ilei
368 1544 542 1636 alloquor.
582 1539 650 1610 His
665 1540 949 1611 dubitationibus
964 1541 1008 1610 de
1021 1540 1203 1609 voluntate
1255 1543 1405 1632 peccatis
1431 1555 1465 1611 et
1494 1546 1646 1614 aeternis
1668 1548 1790 1636 poenis
1814 1563 1960 1639 propter
1986 1552 2123 1640 ipsum,
2160 1553 2248 1644 quia

214 1644 282 1718 Dei
307 1645 462 1716 occurrit
482 1658 516 1713 et
540 1643 701 1712 medetur
724 1637 783 1711 bic
805 1655 1012 1733 conspectus
1038 1641 1103 1710 blii
1125 1639 1204 1724 Dei,
1255 1645 1468 1714 constitutus
1483 1658 1536 1714 est
1550 1645 1720 1736 placator,
1735 1645 1855 1740 ἱκέτης
1867 1647 1931 1721 καὶ
1943 1647 2104 1746 μεσίτης.
2135 1649 2247 1724 Affin-

217 1747 291 1818 nati
308 1772 348 1816 ex
360 1744 477 1815 Maria
494 1745 648 1832 virgine,
676 1756 861 1812 certumst
880 1743 1024 1813 evidens
1045 1742 1204 1813 testimo-
1256 1758 1328 1815 mat
1343 1743 1458 1814 Deum
1475 1746 1526 1814 sic
1549 1749 1690 1836 agnosci
1716 1765 1751 1818 et
1771 1751 1840 1820 coli
1857 1753 1965 1839 velle,
1992 1778 2065 1822 non
2082 1755 2196 1828 aliter.

215 1851 317 1919 nium
333 1860 396 1932 est,
420 1871 502 1916 vere
520 1868 585 1915 nos
601 1869 619 1914 a
636 1843 713 1913 Deo
727 1844 840 1933 diligi,
866 1869 945 1914 cum
963 1857 1082 1914 nostra
1100 1865 1203 1912 causa
1357 1875 1476 1948 Mun,
1501 1877 1676 1969 sapim&
1699 1881 1766 1950 ,pri
1797 1883 1835 1950 pn
1850 1881 2010 1954 ,Graecia
2039 1888 2177 1958 ,rudpg
2201 1889 2248 1960 de

217 1975 292 2020 non
312 1950 428 2020 solum
450 1946 653 2040 patefecerit
678 1969 715 2015 se
738 1969 823 2015 voce
848 1960 883 2016 et
910 1946 1111 2028 miraculis,
1143 1945 1203 2013 sed
1255 1975 1331 2048 Deo
1345 1979 1583 2066 digputmnt,
1606 2005 1680 2052 110„
1696 1983 1908 2072 ignorabant
1923 1983 2096 2073 Socrates,
2122 1987 2247 2060 Xeno·

216 2053 321 2124 etiam
347 2050 502 2120 voluerit
530 2049 642 2116 tilium
672 2069 848 2117 assumere
877 2041 1068 2116 humanam
1099 2059 1203 2114 natu·
1256 2076 1745 2172 ph0n‚p1„0‚e„eneum
1765 2098 1918 2154 mentem
1936 2101 2134 2174 aeternam,
2161 2115 2248 2160 cau,

216 2177 303 2224 rum·
369 2149 420 2220 Ne
457 2162 620 2242 putem
646 2147 714 2218 ¹¹⁰⁰
743 2160 882 2218 lanium
916 2149 1040 2218 f⁰id¹²⁵
1074 2147 1203 2216 f¹⁸¹¹⁸¹¹³
1256 2203 1330 2252 sam
1354 2182 1441 2251 boni
1462 2182 1500 2250 iu
1517 2197 1663 2268 natura,
1688 2185 1839 2256 etillam
1861 2173 2246 2262 suaminamehttica

216 2255 348 2326 factum
365 2275 448 2322 csse.
755 2355 764 2373 .
925 2353 934 2373 ·
1029 2353 1039 2372 ι
1256 2280 1437 2354 Palladem
1460 2285 1686 2375 aspicientes,
1711 2311 1786 2356 non
1809 2282 1959 2358 Phidiae
1977 2303 2129 2360 statuam
2151 2294 2282 2362 cole·-

320 2353 536 2448 Quanqnam
559 2368 676 2425 autem
701 2351 808 2425 hurus
838 2355 1040 2424 admiranda
1064 2350 1204 2422 consalu
1256 2385 1361 2468 ban„
1385 2397 1447 2454 au,
1473 2398 1610 2455 torvam
1629 2385 1835 2477 Gorgonem
1858 2388 2001 2460 infixam
2017 2392 2160 2486 clypeo,
2185 2397 2248 2465 ,ed

217 2480 340 2528 causas
354 2469 388 2527 et
403 2458 693 2527 fontesnondnm
712 2458 748 2526 in
767 2452 833 2526 hac
849 2458 922 2526 vita
938 2456 1082 2547 penitus
1097 2453 1206 2522 intel·
1256 2485 1467 2577 sapiendam
1493 2500 1654 2557 ,eternae
1679 2491 1830 2574 'nemis’
1861 2494 2044 2562 rectricem
2071 2489 2249 2566 humanae

218 2560 378 2678 llsslffllffl
417 2554 504 2678 lm?
534 2558 629 2626 ‘⁰3¹⁰
646 2559 723 2678 ‚effi
750 2559 848 2677 lllluf
874 2573 1050 2676 ”flelnaffi
1065 2549 1205 2623 ⁸⁰h⁰¹³⁰
1255 2585 1451 2667 societatis,
1475 2589 1683 2679 punientem
1706 2592 1859 2675 scelera,
1884 2605 1921 2662 et
1938 2607 2137 2664 servantem
2154 2597 2248 2667 iusta

217 2655 461 2752 Phrlosophra,
486 2683 522 2727 ιη
534 2683 603 2752 qna
620 2661 741 2727 drvrna
758 2671 930 2776 sapientia
947 2656 1206 2774 proprusufrue-
1257 2689 1423 2778 imperia,
1454 2690 1666 2779 cogitabam·
1725 2690 1795 2762 sed
1822 2693 2035 2783 ffgnmban,
2058 2708 2176 2767 ,amen
2200 2723 2249 2766 m

217 2786 314 2832 mur:
350 2783 445 2830 nnnc
469 2774 589 2830 tamen
606 2760 683 2829 vult
700 2761 804 2828 nobis
819 2758 915 2829 Deus
940 2761 1071 2829 factum
1089 2777 1204 2846 rpsum

217 2877 343 2933 uotum
361 2885 452 2946 csse,
478 2875 512 2930 et
532 2861 571 2929 in
586 2854 651 2931 hac
666 2861 737 2931 vita
755 2861 793 2930 in
814 2859 970 2932 Ecclesia
992 2861 1037 2930 ab
1058 2856 1205 2926 infanti·
1257 2795 2248 2985 zeti:ferektaiglssxsafpiirztsgfflffiz,ffifflicmfflzffi

1805 2997 1974 3067 exaudire
1995 3000 2132 3090 lapsos,
2164 3027 2247 3073 cum

1714 3150 1726 3181 ,
1749 3098 1811 3190 qui
1828 3121 1865 3167 se
1881 3124 1966 3168 voce
1980 3096 2168 3191 Evangelii
2183 3129 2248 3194 pa-

1258 3194 1395 3278 tefecit,
1428 3195 1631 3279 intuemur,
1664 3210 1699 3266 et
1732 3223 1798 3268 nos
1830 3215 1973 3290 propter
1998 3203 2112 3272 lilium
2135 3207 2248 3298 recipi

1258 3309 1293 3366 et
1308 3296 1469 3366 exaudiri
1486 3299 1683 3370 statuimus.

217 2968 285 3036 bus
299 2977 333 3034 et
350 2963 562 3033 lactentibus
577 2963 759 3036 celebrari.
811 2959 858 3034 Et
873 2957 966 3032 banc
981 2960 1205 3054 praecipuam
1257 2993 1344 3061 dum
1364 3013 1438 3061 me
1490 2987 1540 3062 sic*
1565 2993 1722 3085 recipere
1747 3010 1781 3066 et

218 3089 358 3137 causam
386 3060 493 3134 huius
515 3063 617 3150 iacti,
650 3087 740 3157 quae
769 3088 843 3132 non
867 3075 920 3134 est
939 3064 1107 3144 obscura,
1139 3081 1206 3127 nos
1257 3043 1573 3184 fldehunc’ipwm
1590 3091 1706 3166 Deum

217 3163 421 3238 meminisse
435 3166 522 3249 vult,
547 3177 581 3234 et
597 3187 734 3254 semper
745 3165 907 3254 cogitare,
923 3161 1098 3242 videlicet,
1123 3160 1206 3229 ideo

218 3271 343 3339 foedus
358 3263 427 3337 hoc
446 3268 577 3336 factum
594 3287 686 3350 esse,
711 3279 752 3336 ut
772 3280 862 3336 extet
879 3265 1024 3336 evidens
1045 3261 1206 3332 testimo-

218 3372 319 3440 nium
340 3369 414 3438 veri
431 3391 510 3458 erga
531 3391 597 3436 nos
613 3367 744 3436 amoris
759 3369 798 3440 iu
816 3367 901 3439 Deo.
954 3366 1014 3438 Sic
1028 3365 1123 3434 enim
1148 3363 1207 3430 in-

219 3472 297 3567 quit
309 3467 485 3558 Christus:
513 3467 808 3540 SicDeusdilexit
824 3470 1010 3547 mnndum,
1035 3481 1075 3537 ut
1093 3465 1205 3534 lilium
1260 3533 1270 3552 ‚

1360 3429 1408 3503 Et
1424 3455 1627 3528 quanquam
1645 3458 1745 3504 mens
1762 3436 1922 3524 angitur,
1949 3401 1995 3508 an
2012 3441 2096 3512 satis
2117 3444 2162 3514 sit
2179 3443 2249 3514 lide

220 3598 322 3644 suum
344 3572 565 3664 unigenitum
589 3571 736 3644 miserit.
797 3569 1085 3659 Magnitudinem
1107 3589 1207 3634 amo·
1258 3557 1443 3619 ¹¹¹V⁰⁰³¹⁵⁰2
1470 3556 1575 3629 ‘luem
1595 3558 1668 3604 ⁰⁰¹¹
1685 3537 1800 3605 ⁰³¹¹ss
1817 3539 1947 3625 ⁰⁰¹¹ll⁸s
1973 3555 2007 3612 θῑ
2026 3543 2157 3635 θῐΡθῑῐι
2178 3545 2249 3614 ali·

219 3676 270 3744 ris
292 3675 442 3744 affirmat
467 3669 574 3746 huius
600 3674 829 3744 admirandae
858 3671 1044 3762 legationis
1066 3689 1206 3739 causam
1258 3659 1365 3730 (ΨΜ
1389 3635 1564 3708 illustrem
1585 3638 1754 3726 ⁸P0050¹¹¹2
1786 3663 1855 3732 ‘lm
1879 3658 2081 3760 {⁰¹2⁵P‘0222
2114 3645 2250 3715 ‘ll-‘⁶⁶0¹'-

223 3800 307 3847 ΕΜ.
1259 3749 1365 3810 natur
1379 3759 1503 3806 verum
1522 3761 1657 3806 numen
1677 3761 1695 3808 a
1711 3754 1985 3828 commentante,
2007 3756 2126 3815 tamen
2150 3747 2251 3819 iubet

324 3873 582 3949 Removeamus
605 3873 692 3946 haec
711 3875 849 3960 Stoica,
880 3889 912 3946 et
933 3897 1006 3945 nou
1027 3872 1142 3940 solum
1166 3891 1208 3938 ex
1259 3837 1370 3958 filiu&
1395 3851 1437 3910 ¹¹²
1460 3837 1765 3913 ⁸²⁸23¹¹¹¹¹²³¹¹¹m0
1815 3839 1963 3954 Qfllme
1981 3845 2090 3931 Vidit,
2116 3848 2250 3942 inquit,

223 3975 352 4050 scholis
372 3978 619 4068 explodamus‚
652 3978 712 4048 sed
733 3978 912 4048 deleamus
939 4001 980 4045 ex
1004 3970 1208 4066 pectoribus
1259 3939 1356 4010 ”del
1375 3952 1521 4030 Pamm-

223 4081 371 4162 nostris,
397 4103 573 4165 amorem,
597 4081 707 4162 iram,
734 4079 876 4164 odium,
903 4077 1081 4159 dolorem,
1106 4073 1205 4144 iuro·
1359 4069 1442 4140 Non
1464 4071 1607 4142 aberras
1627 4097 1646 4144 a
1663 4072 1759 4157 Deo,
1784 4097 1864 4144 cnm
1889 4069 1986 4160 hunc
2002 4077 2118 4150 Deum
2143 4081 2249 4154 invo.

223 4207 278 4256 rcs
292 4203 382 4267 esse,
407 4178 526 4253 Deum
548 4205 621 4251 esse
637 4195 789 4253 mentem
807 4181 981 4275 quietam,
1005 4200 1078 4246 non
1095 4176 1207 4244 obno-
1261 4195 1337 4258 cas,
1362 4173 1424 4266 qui
1440 4196 1476 4242 se
1491 4173 1598 4244 misso
1615 4169 1682 4245 hoc
1696 4177 1769 4245 filio
1792 4179 1958 4250 crucifixo
1985 4196 2019 4249 ct
2039 4183 2248 4255 resuscitato

222 4286 320 4356 rium
351 4278 407 4353 his
430 4285 545 4354 ventIs
567 4282 753 4354 stultarum
774 4281 1103 4375 perturbationum,
1133 4273 1210 4347 Rc-
1261 4275 1444 4366 patefecit,
1471 4288 1507 4346 et
1521 4276 1550 4345 is
1566 4277 1716 4347 affirmat
1734 4278 1819 4369 bde,
1843 4304 1916 4350 non
1931 4281 2045 4351 oculis
2057 4306 2248 4376 corporum

222 4410 326 4456 move
354 4385 419 4454 ista
441 4384 571 4457 Stoice.
622 4381 701 4455 Etsi
729 4384 823 4453 enim
852 4385 891 4453 in
924 4382 1027 4452 nobis
1054 4377 1208 4450 stulticia
1261 4379 1299 4446 in
1316 4372 1382 4446 hac
1397 4377 1468 4447 vita
1484 4402 1522 4447 se
1534 4376 1745 4450 intuendum
1762 4403 1846 4452 esse.
1878 4376 2044 4454 Affirmat
2059 4384 2155 4465 item,
2182 4410 2249 4458 nec

223 4488 407 4558 affectibus
430 4488 532 4572 mista
557 4502 624 4572 cst,
657 4499 690 4556 et
713 4481 752 4555 hi
773 4497 891 4557 motus
910 4484 979 4554 alio
993 4481 1100 4551 modo
1116 4491 1210 4562 sunt,
1260 4481 1430 4571 petendas
1447 4501 1520 4549 esse
1538 4480 1624 4550 alias
1647 4481 1913 4574 patefactiones,
1941 4507 2006 4554 nec
2028 4487 2117 4556 alios
2142 4489 2249 4556 intro.

225 4590 262 4657 in
279 4588 353 4659 Deo
367 4603 484 4660 tamen
501 4588 721 4659 verissimum
737 4601 807 4670 est,
830 4602 993 4657 mutuum
1011 4598 1045 4655 et
1058 4583 1209 4651 immen-
1261 4581 1385 4660 caudi,
1419 4595 1480 4650 aut
1504 4583 1644 4652 colendi
1668 4581 1739 4653 Dei
1762 4585 1888 4653 modos
1911 4590 2151 4678 quaerendos,
2183 4592 2247 4658 sed

223 4715 301 4760 sum
318 4715 473 4762 amorem
491 4713 565 4760 esse
578 4688 713 4774 Patris,
740 4689 842 4769 Filii,
870 4703 904 4759 et
917 4685 1071 4777 Spiritus
1086 4681 1208 4752 sancti.
1261 4697 1352 4752 recte
1366 4680 1434 4751 coli
1449 4676 1585 4766 Deum,
1610 4708 1690 4754 cum
1706 4707 1805 4752 meus
1826 4684 1894 4753 fide
1910 4689 2098 4779 acquiescis
2116 4679 2154 4757 f„
2176 4685 2247 4760 hoc

225 4791 284 4862 Sic
299 4795 393 4861 enim
408 4805 509 4883 pater
522 4795 567 4863 de
585 4789 811 4862 blioclamat:
835 4787 904 4860 llic
920 4800 971 4857 cst
988 4786 1082 4856 lilius
1099 4806 1210 4867 meus,
1261 4784 1338 4875 ipso
1356 4779 1451 4867 Deo,
1477 4781 1539 4875 qui
1561 4808 1646 4853 voce
1668 4779 1853 4876 Evangelii
1876 4787 1981 4857 nobis
2005 4790 2249 4878 concionatur,

226 4918 296 4986 quo
320 4893 494 4973 delector,
519 4919 624 4990 quem
648 4894 900 4984 complectens,
926 4888 1062 4961 laeticia
1087 4897 1120 4956 et
1144 4908 1211 4953 vo·
1262 4899 1296 4954 et
1310 4883 1431 4954 statuit
1447 4906 1513 4952 nos
1528 4899 1674 4978 propter
1687 4887 1800 4956 lilium
1817 4887 1938 4979 recipi.
1990 4887 2158 4964 Maximis
2178 4893 2249 4981 igi-

226 4998 360 5085 luptate
374 4994 519 5064 afficior.
563 4993 614 5064 lta
630 5009 664 5066 et
679 5017 790 5086 genus
805 4987 1002 5063 humanum
1022 5011 1102 5057 vere
1117 4997 1211 5055 amat
1260 5001 1321 5057 tur
1334 4985 1618 5055 dubitationibus
1640 4981 1817 5058 humanae
1831 4991 1976 5078 mentis,
2003 4985 2060 5072 hic
2085 4992 2159 5085 ipse
2181 4995 2249 5065 filii

227 5099 342 5182 Deus,
365 5121 446 5166 vere
460 5095 624 5166 irascitur
638 5096 845 5175 sceleribus,
871 5117 952 5162 vere
967 5092 1064 5162 dolet
1078 5087 1209 5157 multos
1261 5099 1468 5180 conspectus
1490 5089 1670 5170 medetur,
1703 5089 1766 5182 qui
1789 5089 1943 5162 induens
1965 5089 2158 5163 humanam
2182 5120 2248 5164 na-

196 5195 625 5270 'horribilicontumacia
644 5197 822 5268 nitrosibi
839 5195 982 5266 exitium
999 5213 1183 5263 accersere.
1260 5202 1396 5268 turem,
1431 5189 1561 5258 nostris
1585 5189 1697 5260 oculis
1719 5215 1755 5261 se
1778 5191 1931 5282 ingessit.
1989 5191 2086 5265 Haec
2110 5201 2248 5287 praeci.

327 5301 407 5373 Non
422 5313 505 5370 snut
519 5294 606 5369 haec
621 5301 659 5370 in
678 5295 751 5369 Deo
770 5297 950 5380 simulata,
974 5297 1047 5364 imo
1065 5317 1104 5362 se
1124 5299 1208 5360 suat
1260 5313 1329 5381 pua
1353 5289 1549 5360 consolatio
1570 5287 1657 5364 alias
1680 5293 1810 5364 deinde
1831 5294 2017 5366 inferiores
2036 5297 2249 5370 innumera-

225 5418 371 5486 naturae
396 5417 432 5475 ct
452 5426 597 5474 suorum
620 5401 809 5495 affectuum
830 5398 1001 5489 imagines
1022 5395 1126 5466 nobis
1139 5393 1208 5462 im·
1237 5395 1239 5402 ⁴
1258 5393 1349 5462 biles
1371 5392 1540 5465 continet.
