4706 5818
240 325 316 398 oro
503 294 713 383 scarum
738 293 817 370 eu.
836 283 955 364 arun
980 281 1049 359 au
1072 269 1463 354 ascraeum
1489 268 2020 364 runossruorauru.
2196 275 2272 354 920
2344 277 2345 285 Ν

245 491 364 569 cundo
401 475 630 572 Vespasiani,
682 490 777 540 anno
807 459 942 533 Christi
979 447 1232 544 septuagesimo
1287 460 1360 533 est,
1385 444 1583 520 etsiludaei
1602 444 1764 539 politiam
1780 473 1880 521 suam
1895 460 1929 520 et
1945 447 2117 541 templum
2133 451 2273 540 magnis

245 589 422 669 secundo,
460 601 556 650 anno
587 585 667 667 post
686 563 980 639 resurrectionem
1002 550 1136 633 Christi
1160 551 1234 620 lere
1269 549 1521 631 ,seditionibus
1552 549 1658 619 motis
1685 571 1789 642 saepe
1815 551 2000 620 restituere
2029 550 2148 623 conati
2175 563 2274 624 suut.

249 682 529 792 quadragesimo.
1287 647 1359 721 Sed
1385 661 1532 720 eventus
1560 650 1732 736 ostendit,
1770 673 1893 722 omncs
1919 647 2096 723 humanus
2124 663 2275 722 conatus

351 813 460 886 Initio
499 803 587 878 belli
617 798 823 872 Manaimus
852 789 1027 863 occiderat
1058 803 1236 856 summum
1288 745 2175 824 eorundecrerumnettnf0m0„,2;„1„„„,‚

253 919 479 998 Sacerdotem
501 903 681 978 Ananiam
709 921 787 969 cum
811 891 986 966 Romanis
1014 886 1237 956 sentientem.
1390 862 1529 936 Deinde
1549 863 1607 934 dle
1625 878 1748 936 ⁰⁶l³V⁰
1766 865 2001 958 Septembris,
2025 883 2200 961 limium
2214 893 2278 938 ¹¹¹·

253 1023 314 1097 Sic
329 1013 488 1090 Ananias
510 1003 753 1100 quihcobum
770 986 1238 1086 Episcopumlemsolymae
1289 967 1346 1043 bis
1364 965 1542 1058 reliquum
1566 965 1653 1051 fuit,
1681 969 1903 1039 combustum
1924 983 1987 1042 est.
2044 968 2137 1041 Sunt
2155 982 2277 1039 autem

254 1139 290 1196 et
317 1119 407 1190 alios
431 1124 570 1182 sanctos
596 1104 725 1174 multos
748 1093 947 1177 interfecit,
976 1109 1109 1183 poenas
1130 1083 1239 1155 dedit.
1290 1068 1377 1140 anni
1402 1068 1448 1137 ab
1467 1066 1562 1136 exitu
1586 1089 1627 1135 ex
1642 1063 1803 1162 Aegypto
1817 1091 1928 1160 usque
1942 1071 1987 1140 ad
2003 1066 2096 1140 hanc
2110 1069 2277 1140 ultimam

256 1214 428 1299 Successit
449 1211 483 1281 ei
505 1227 663 1278 summus
689 1199 861 1273 Sacerdos
882 1191 1031 1266 Auanus
1052 1185 1239 1260 Romano.
1290 1167 1436 1262 pelidae
1463 1163 1628 1238 ludaicac
1656 1168 1932 1242 destructionem
1963 1172 2062 1241 mille
2090 1171 2278 1264 quingenti

259 1343 341 1396 rum
362 1312 492 1395 hostis,
518 1305 614 1378 bunc
635 1304 767 1374 zelotae
788 1298 971 1390 aliquanto
993 1302 1074 1382 post
1093 1287 1240 1358 interfe-
1292 1269 1493 1357 octuaginta
1517 1269 1600 1338 duo.
1665 1266 1735 1339 Hic
1758 1292 1929 1341 numerus
1949 1271 2139 1362 diligenter
2159 1270 2280 1340 consi-

257 1431 395 1493 cemm·
444 1405 673 1483 Namludaei
695 1418 730 1474 et
751 1402 845 1472 inm
866 1417 941 1466 „se
962 1406 1090 1463 etcum
1105 1385 1241 1460 Roma.
1293 1371 1472 1441 derandus
1494 1381 1564 1454 est,
1588 1381 1630 1439 ut
1650 1392 1748 1440 nunc
1769 1395 1911 1464 qnoque
1926 1395 2001 1443 non
2016 1371 2143 1464 procul
2157 1373 2279 1440 abesse

256 1523 315 1593 nis
338 1515 562 1598 dimicarunt·
611 1505 767 1595 [ὤμω
786 1511 905 1570 ,utem
928 1495 1065 1582 integ„
1084 1486 1244 1571 historia,
1293 1486 1432 1563 tempus
1453 1467 1662 1560 cogitemus,
1687 1493 1758 1566 quo
1775 1472 1869 1544 lilius
1884 1469 1954 1542 Dei
1968 1493 2089 1543 rursus
2104 1495 2142 1540 se
2157 1469 2281 1560 generi

259 1637 294 1694 et
317 1642 391 1690 non
411 1615 525 1686 solum
546 1607 754 1698 magnitudo
775 1597 1033 1684 calamitatum,
1059 1592 1121 1661 sed
1138 1589 1243 1659 etiam
1294 1568 1453 1642 humano
1475 1571 1653 1652 ostendet,
1679 1584 1716 1641 ct
1738 1571 1858 1641 omnia
1882 1595 1990 1663 regna
2013 1574 2121 1663 impia
2136 1571 2282 1643 delebit.

260 1741 382 1796 causac
399 1714 677 1787 considerentur.
730 1698 898 1772 Ostendit
911 1693 1007 1766 Deus
1026 1695 1065 1762 in
1079 1687 1147 1761 hac
1157 1684 1245 1758 hor.
1295 1671 1374 1743 Hae
1396 1672 1750 1742 commonefactiones
1771 1672 1810 1740 in
1825 1667 1890 1742 hac
1906 1673 2039 1764 insigni
2054 1668 2202 1741 historia
2218 1673 2284 1741 ad·

260 1822 373 1896 rendo
392 1813 549 1907 exemplo
568 1811 658 1880 iram
675 1827 775 1876 suam
788 1802 954 1870 adversus
969 1793 1090 1866 omnia
1106 1800 1246 1882 peccata
1296 1773 1494 1862 iungendae
1523 1775 1669 1844 suntad
1692 1773 1885 1844 tristissimi
1907 1773 2060 1865 exempli
2081 1773 2283 1842 lectionem.
2344 1777 2345 1788 *

262 1941 296 1996 et
318 1917 503 2014 praecipue
525 1915 691 1983 adversus
715 1901 920 1983 saeviciam,
953 1919 1043 1990 quae
1068 1903 1247 1964 exercebar
1297 1873 1434 1952 Interea
1454 1887 1571 1944 lamen
1591 1887 1626 1944 et
1642 1869 1818 1953 Ecclesslas
1844 1873 2184 1966 quaelewsolymae
2205 1873 2283 1942 fue·

262 2037 386 2096 contra
400 2040 520 2088 veram
535 2009 731 2084 Ecclesiam
741 2002 822 2074 Dei.
874 1991 1165 2088 VocatqneDeus
1179 1985 1249 2058 hoe
1298 1988 1374 2048 rat.
1400 1986 1536 2044 servata
1560 1984 1611 2043 est
1632 1989 1730 2044 trans
1745 1972 1947 2048 lordaucm.
1996 1969 2044 2044 Et
2064 1986 2186 2064 postea
2202 1997 2283 2042 cunr

263 2122 358 2198 nisti
378 2114 576 2213 spectaculo
599 2130 722 2182 omnes
735 2100 900 2175 homines
912 2099 956 2167 ad
972 2092 1250 2172 couversionem,
1299 2074 1488 2144 mediocris
1509 2073 1748 2166 tranquillitas
1769 2096 1891 2146 rursus
1906 2075 1945 2143 in
1960 2073 2089 2146 Iudaea
2106 2087 2215 2159 esset,
2241 2074 2285 2142 ad

264 2250 305 2298 ac
329 2218 523 2294 denunciat
545 2221 676 2307 poenas
693 2196 903 2279 aeteruas‘et
918 2208 1116 2290 praesentes
1132 2189 1250 2261 omni·
1301 2174 1536 2269 lerosolymae
1551 2175 1672 2244 ruinas
1687 2174 1805 2249 rediit.

156 2327 162 2332 ¹
264 2331 352 2410 bus,
393 2319 456 2414 qui
479 2340 552 2386 nou
573 2309 784 2400 confugiunt
806 2304 850 2373 ad
872 2300 1102 2370 mediatorem
1122 2289 1250 2362 Domi-

266 2448 355 2498 num
385 2430 546 2491 nostrum
577 2411 694 2488 Iesum
722 2401 926 2485 Christum,
950 2399 1049 2468 ¹sicut
1076 2391 1251 2464 secundus
1353 2372 1462 2448 Anno
1486 2377 1614 2447 mundi
1635 2389 1762 2471 quater
1780 2377 1987 2458 millesimo,
2017 2377 2285 2470 quadragesimo

266 2525 428 2616 Psalmus
444 2538 602 2610 expresse
618 2509 865 2585 concionatur:
891 2495 1113 2572 Osculamiui
1129 2494 1252 2577 filium,
1510 2477 1626 2552 tertio.

268 2651 314 2699 ne
329 2622 472 2721 quando
488 2619 686 2689 exardescat
700 2611 752 2681 ira
768 2607 843 2678 eius
861 2616 925 2678 etc.
1354 2574 1463 2651 Anno
1477 2575 1614 2651 Rornae
1629 2579 1918 2670 octingentesimo
1932 2578 2108 2652 tricesimo
2124 2575 2265 2672 primm*

254 2802 257 2808 ·
371 2757 575 2848 Cogitemus
603 2763 719 2822 autem
746 2766 826 2814 cum
847 2739 944 2810 Deus
964 2757 1040 2803 nou
1060 2726 1255 2822 pepercerit
1355 2674 1463 2752 ΑΜ)
1479 2677 1609 2753 Οὴὼῡ
1623 2681 1859 2771 ⁰⁰l¹¹²8²⁸l¹¹¹⁰
1874 2679 2002 2773 Ρῑῖῐΰθ·

270 2865 327 2938 illi
358 2859 479 2950 stirpi,
512 2876 617 2947 quam
643 2863 745 2920 antea
767 2838 935 2936 praetulit
953 2833 1119 2906 omnibus
1140 2828 1255 2920 gemi-
1505 2896 1509 2904 ,
1549 2870 1602 2936 q,·
1900 2873 1909 2889 .

270 2971 357 3045 bus,
382 2963 422 3030 in
445 2980 515 3052 qua
537 2967 607 3024 tarn
630 2951 742 3020 multa
764 2948 807 3015 de
827 2963 901 3014 sese
917 2931 1120 3010 testimonia
1135 2929 1256 3000 edide-
1587 2875 1684 2939 ηαδ
1711 2869 2048 2959 'lollianam'

272 3080 341 3151 rat,
368 3033 1085 3152 exquunatierantPatresetProphetae:
1112 3030 1256 3119 Quanto
1310 3114 1320 3133 ι
1408 3006 1447 3082 T
1447 3009 1520 3082 iius
1540 3011 1778 3105 Vespasianus
1808 3013 1901 3107 patri
1925 3015 2098 3086 successit.
2158 3011 2292 3084 Tenuit

273 3169 392 3238 minu,
407 3171 526 3253 parm
540 3154 619 3224 aliis
635 3150 752 3237 regnis
766 3160 801 3215 et
815 3141 998 3232 gentibus,
1023 3154 1113 3226 qu„
1126 3127 1259 3200 habent
1308 3136 1499 3202 imperium
1515 3136 1628 3182 annos
1642 3116 1750 3196 duos,
1775 3139 1912 3186 meuses
1929 3116 2039 3201 duos,
2064 3115 2139 3183 dies
2153 3113 2294 3202 viginti.

206 3279 208 3289 '
274 3265 406 3355 similia
427 3258 572 3339 delicta,
595 3265 635 3322 ut
651 3262 686 3319 et
699 3245 831 3317 Paulus
845 3249 980 3310 mouet:
1005 3232 1096 3304 Cum
1114 3245 1260 3302 natura·
1311 3210 1850 3331 Ylel³⁰n⁰⁸lflssl¹¹l³¹¹⁰V²ms
1871 3217 2193 3308 me⁰⁸⁸⁵ll¹¹l¹¹ll¹¹⁰¹
2219 3215 2295 3282 dlis

276 3371 371 3440 libus
390 3359 584 3432 ramisnon
601 3347 815 3444 pepercerit,
842 3337 988 3410 „mibi
1005 3345 1135 3425 parcet,
1185 3327 1261 3398 vo.
1313 3312 1440 3433 prginti
1459 3314 1627 3407 quinque.
1678 3313 1957 3386 Laudatissimus
1977 3317 2063 3400 tuit,
2088 3339 2129 3385 ac
2151 3327 2297 3405 propter

277 3469 346 3540 luit
366 3476 483 3536 autem
497 3456 594 3528 Deus
614 3467 648 3523 et
663 3446 857 3522 alimum
875 3439 1071 3533 significat,
1086 3431 1262 3504 deletione
1313 3413 1488 3529 iusticiam
1510 3426 1544 3483 et
1565 3415 1832 3487 beneficentiam
1848 3417 2052 3487 nominatus
2067 3429 2120 3487 est
2135 3409 2296 3482 Amores

279 3567 424 3663 politiae
440 3559 611 3632 Iudaicae.
1314 3509 1483 3584 Delictuc
1505 3515 1642 3604 generis
1662 3511 1821 3589 humani.
1870 3515 2011 3587 Patrem
2034 3517 2213 3587 viventem
2237 3515 2298 3582 de-

1316 3617 1388 3687 bita
1411 3615 1541 3705 pictate
1561 3615 1688 3696 coluit,
1715 3627 1750 3685 et
1771 3629 1890 3686 tamen
1906 3619 2052 3688 consilia
2068 3616 2298 3708 gubernatio-

284 3801 490 3879 stimouium
511 3817 603 3876 esse,
630 3789 723 3883 quod
743 3785 870 3854 missus
884 3780 930 3849 sit
944 3769 1134 3855 Messias,
1159 3790 1264 3861 quern
1316 3740 1373 3785 ¹¹¹⁸
1400 3714 1556 3800 ³d¹¹¹Vi¹²
1588 3739 1738 3809 ‘umque
1767 3718 1918 3789 όῖδθΐῑῦδ
1944 3732 2033 3791 esset
2053 3719 2093 3788 in
2112 3717 2241 3787 Latina
2264 3729 2297 3784 et

284 3917 396 3978 stante
419 3895 485 3966 hnc
509 3894 632 3986 politia
654 3886 813 3978 conspici
835 3895 869 3953 et
890 3876 1006 3950 audiri
1029 3875 1213 3944 docentem
1232 3879 1267 3936 et
1319 3815 1454 3934 (imm
1475 3817 1614 3933 linssua’
1632 3817 1795 3935 ‚Plurima
1817 3817 1931 3936 edict?
1953 3819 2139 3902 smmis
2162 3830 2198 3886 ‘l
2220 3815 2301 3908 Plu·

285 4003 528 4076 ostendentem
548 3987 748 4062 testimonia
771 3997 805 4052 et
825 3979 1036 4051 morientem
1058 3987 1094 4044 et
1116 3965 1267 4041 resusci-
1319 3938 1427 3987 ΠΜ
1439 3929 1618 3987 ⁰³³¹¹⁰¹¹²⁵
1631 3942 1670 3988 ¹¹¹
1683 3915 1816 3988 Sinam
1833 3932 1943 4009 pall·¹³
1960 3915 2258 3996 nominethabuit

1422 4031 1614 4125 Imperium
1639 4037 1714 4105 eius
1735 4035 1803 4107 luit
1817 4036 2067 4128 incruentum,
2090 4059 2154 4104 nec
2169 4033 2302 4124 recepit

286 4121 398 4182 tatum
414 4093 590 4189 oportuit,
612 4085 794 4162 utllaniel
810 4079 1042 4176 praedixerat.
1461 4133 1471 4152 ‚

391 4231 555 4306 Secundo
610 4219 697 4293 haee
724 4217 854 4288 rudera
876 4205 971 4282 ethi
995 4208 1129 4277 cineres
1151 4214 1271 4274 osten·
1321 4147 1577 4254 aicisaupnem
1607 4150 1733 4255 emim.
1759 4160 1837 4254 ⁰⁰⁵)
1871 4137 1933 4229 ‘³¹¹5
1962 4137 2172 4208 dicebantur
2193 4135 2302 4204 ‘⁰³¹⁰'

232 4396 235 4406 -
290 4345 400 4419 dunt,
429 4279 598 4404 Messiain
619 4347 694 4392 non
719 4319 865 4388 missurn
888 4334 961 4381 esse
984 4310 1030 4378 ad
1053 4305 1271 4380 constituen-
1323 4238 1696 4404 dimsedimpemmn’
1721 4259 1905 4331 ¹⁰q⁰¹e¹¹⁵²
1930 4233 2006 4327 E3⁰
2030 4261 2111 4356 ⁰¹¹⁰}
2134 4232 2230 4305 nihil
2250 4235 2301 4303 f²'

166 4483 177 4492 ·
290 4447 376 4515 duur
399 4455 546 4524 regnum
569 4423 769 4517 politicum:
795 4417 855 4488 sed
879 4413 925 4484 acl
946 4406 1159 4480 restituenda
1178 4405 1272 4474 bona
1324 4360 1451 4508 32¹3&
1468 4349 1763 4506 lgnuirp'lqpmplet
1792 4338 1888 4509 gumi
1913 4339 2127 4457 mnlusnelffi
2149 4335 2305 4454 “diffisa

291 4555 451 4621 aeterua,
491 4545 531 4604 ut
563 4525 688 4598 Daniel
722 4518 855 4613 iuquit:
899 4512 1107 4585 Adducetur
1135 4503 1272 4577 iusticia
1350 4553 1363 4610 t
1454 4461 1607 4608 ⁶¹³dn¹¹
1645 4462 1742 4557 ium·
1829 4439 1975 4508 ⁰¹³²⁰¹⁸⁵
1992 4452 2117 4522 emme
2144 4459 2304 4530 (11111)ῑο-

392 4643 503 4711 item
1324 4564 1347 4631 p
1365 4563 1402 4608 er
1425 4561 1507 4630 prae
1523 4563 1588 4658 'am
1611 4538 1699 4608 ahos
1719 4541 1949 4625 accusabant,
1973 4535 2077 4634 (narn
2095 4559 2178 4631 pars
2192 4539 2305 4607 bono-

293 4667 389 4736 ΜΡ
487 4687 515 4787 '¹
902 4746 967 4767 ..
1326 4664 1407 4758 rum
1428 4639 1534 4710 delatr
1557 4639 1607 4758 ad
1624 4640 1814 4710 delatorem
1838 4637 2086 4736 perveniebat)
2108 4661 2227 4710 caesos
2244 4637 2306 4706 lla·

396 4771 538 4851 Tertro,
562 4759 649 4832 haec
672 4757 801 4828 rudera
820 4763 856 4821 et
876 4745 916 4819 br
936 4765 1071 4818 caneres
1083 4740 1276 4814 ostendunt
1326 4742 1427 4832 gellis
1445 4755 1505 4812 aut
1524 4740 1677 4811 sustrbus
1691 4740 1868 4832 deportari
1886 4741 1996 4816 iussit.
2049 4739 2168 4812 Fratri
2184 4737 2307 4810 Domi-

381 3699 563 3773 Primum,
587 3691 665 3762 vult
687 3685 780 3756 hanc
796 3681 959 3753 ultimam
977 3670 1196 3742 eversionem
1211 3681 1264 3737 te-

174 4880 182 4894 '
296 4873 510 4947 ceremonias
533 4881 567 4937 et
591 4863 746 4932 forenses
770 4857 862 4943 leges
886 4849 997 4922 Moisi
1017 4868 1091 4916 non
1114 4855 1276 4932 oportere
1328 4844 1425 4914 tiano
1449 4865 1528 4911 curn
1553 4841 1701 4912 insidias
1718 4844 1751 4914 ei
1766 4853 1931 4928 strueret,
1958 4844 2132 4938 pepercit,
2157 4860 2307 4932 eumque

299 4974 438 5067 imponi
451 4965 647 5047 Ecclesiae,
672 4971 712 5030 ut
735 4962 768 5026 'et
789 4969 872 5027 tunc
885 4949 992 5022 multi
1008 4942 1287 5026 contendebant,
1328 4945 1524 5037 lacrymans
1543 4935 1705 5015 hortatus
1721 4956 1771 5013 est
1786 4945 1831 5013 ad
1846 4957 2009 5015 mutuum
2026 4966 2182 5014 ,morem
2229 4963 2308 5012 tum

299 5092 334 5149 et
355 5095 455 5162 saepe
475 5068 553 5140 aliis
575 5061 793 5155 temporibus
814 5078 853 5126 ea
868 5049 1024 5148 quaestio
1041 5043 1204 5140 praebuit
1218 5064 1279 5112 oc·
1329 5043 1473 5138 quidem
1498 5065 1729 5115 successorem
1751 5067 1834 5116 eum
1856 5045 1925 5114 iarn
1948 4996 2203 5116 nominasset,
2240 5040 2309 5114 Sed

289 5176 477 5258 ‚tationem
493 5167 630 5257 magnis
644 5159 865 5234 tumultibus.
1156 5211 1162 5216 .
1329 5159 1448 5216 tamen
1470 5144 1591 5237 opinio
1613 5145 1701 5230 fuit,
1726 5169 1862 5217 veneno
1879 5145 2070 5221 extinctum
2086 5167 2159 5218 esse
2174 5143 2309 5228 Titum,

403 5305 471 5376 Die
505 5301 566 5370 10.
589 5294 741 5384 Augusti
767 5290 898 5379 templo
928 5283 1020 5376 ignis
1050 5279 1198 5352 iniectus
1218 5291 1281 5364 est,
1330 5249 1426 5342 quod
1440 5247 1548 5318 &³1⁰¹
1561 5246 1639 5318 diri
1653 5247 1685 5318 θὶ
1702 5261 1865 5322 curasset.

304 5435 375 5504 quo
398 5398 647 5489 conflagravit,
679 5415 743 5462 uec
764 5403 883 5482 postca
901 5408 1058 5481 unquam
1081 5382 1280 5454 restitutum
