4726 5828
863 343 1022 431 nece.
1064 343 1140 428 nn
1171 339 1505 428 scansuro
1540 361 1623 427 ne
1822 276 1827 285 ¹
2177 353 2252 430 tls

228 520 375 618 quidem
402 515 565 610 scriptori
588 519 708 609 ignota
730 535 830 608 sunt,
862 524 924 595 sed
947 540 988 596 ut
1012 525 1067 598 sni
1089 517 1217 596 theatri
1269 531 1338 619 qua
1359 547 1434 594 non
1457 525 1573 597 solum
1596 514 1659 598 illa
1681 517 1774 598 mala
1794 517 2042 619 depelluntur,
2067 523 2127 594 sed
2150 523 2257 596 etiarn

228 624 375 718 plausus
404 634 598 706 mereatur,
631 623 759 715 repetit
782 626 995 697 cantilenam
1019 621 1219 698 Monacbo-
1268 626 1383 718 reipsa
1406 627 1444 696 in
1463 630 1568 698 nobis
1581 629 1828 710 restituuntur,
1851 629 1934 714 vita,
1954 626 2136 720 sapientia,
2155 625 2263 698 iusti·

228 732 329 809 rum,
353 745 415 791 sen
429 719 646 816 Cynicorum
665 726 794 816 potius.
845 726 1015 798 Nominat
1033 729 1218 819 perfectio·
1268 729 1322 798 cia
1345 742 1380 799 et
1394 727 1532 800 laeticia
1548 744 1703 802 aeterna.
1756 729 1933 802 illucescit
1948 723 2160 828 ἡγεμονικῷ
2175 751 2261 799 cere

228 824 426 900 nem-illud
451 820 622 913 Diogenis
645 828 780 898 dolium
805 843 840 899 et
865 828 1127 900 mendicitatem
1151 852 1218 921 pu-
1254 826 1336 924 ‚Det
1366 831 1518 918 noticia,
1558 857 1637 902 cum
1670 833 1791 904 audita
1820 857 1906 902 voce
1937 828 2126 926 Evangelii
2152 827 2263 930 λόγος

228 938 395 1021 guantem
419 949 499 996 cum
523 927 638 998 civilis
661 929 753 1000 vitae
775 932 894 1000 nervis
920 945 953 999 et
977 924 1218 1022 pulcherrimo
1269 934 1402 1002 aeterni
1440 933 1571 1024 patris,
1612 933 1687 1026 ipse
1724 934 1943 1006 voluntatem
1979 933 2114 1003 aeterni
2151 933 2264 1026 patris

228 1029 355 1102 ordine
371 1028 459 1118 legis
473 1029 633 1117 divinae,
655 1056 745 1125 quae
759 1032 1022 1103 distinctionem
1038 1033 1219 1104 dominio·
1269 1035 1441 1115 ostendit,
1467 1049 1501 1104 et
1519 1035 1586 1105 tibi
1605 1037 1715 1107 vitam
1736 1036 1866 1107 reddit.
1917 1033 2105 1107 Hicetiam
2123 1033 2264 1128 Spiritu

228 1155 309 1206 rum
333 1133 592 1224 sapientissime
615 1134 741 1206 sanxit.
799 1133 941 1204 Scilicet
965 1129 1049 1203 huic
1072 1133 1219 1225 praesti·
1269 1159 1333 1204 suo
1359 1135 1530 1205 laeticiam
1554 1136 1592 1205 in
1616 1139 1720 1207 corde
1742 1137 1904 1208 accendit
1923 1135 2200 1232 acquiescentem
2224 1137 2263 1205 in

229 1236 357 1333 giatori
380 1259 454 1306 non
477 1237 726 1328 staucperteeti
747 1232 949 1319 Abraham,
974 1231 1120 1326 loseph,
1142 1235 1219 1306 Da·
1270 1235 1365 1322 Deo,
1391 1260 1481 1330 quae
1505 1237 1657 1329 impellit
1671 1253 1712 1311 ut
1732 1240 1873 1310 accedas
1892 1241 1935 1308 ad
1950 1236 2084 1321 Deum,
2108 1251 2142 1308 et
2156 1238 2266 1306 invo-

231 347 302 421 lll
344 411 346 420 .

229 1343 310 1427 vid,
343 1332 528 1429 losapbat,
552 1331 737 1430 Ezechias,
764 1337 826 1431 qui
847 1335 991 1408 divitias
1014 1351 1049 1407 et
1070 1337 1219 1430 imperia

230 1467 311 1516 cum
330 1452 512 1524 tenerent,
544 1451 637 1508 recte
657 1440 913 1510 invocaverunt
935 1435 1072 1524 Deum,
1100 1454 1137 1512 et
1157 1465 1220 1510 cu.

230 1547 347 1617 stodes
363 1541 545 1612 doctrinae
560 1542 725 1625 luerunt,
753 1555 787 1613 et
801 1540 1116 1640 invocationem'in
1131 1568 1219 1635 quo-

229 1645 377 1718 tidianis
401 1643 493 1713 vitae
515 1643 681 1734 periculis
706 1657 952 1728 exercuerunt3
985 1643 1119 1714 interea
1138 1669 1220 1736 per-

228 1751 359 1822 fectum
376 1741 719 1839 nominstCynicum
735 1745 856 1828 illum,
882 1744 1024 1828 scilicet,
1050 1745 1112 1837 qui
1127 1747 1221 1815 inter

203 1865 386 1923 »caeteros
413 1841 650 1938 Philosophus
679 1872 698 1916 a
727 1845 909 1917 Demetrio
938 1841 1146 1917 Phalerensi
1176 1851 1221 1917 ad

139 1967 143 1972 '
230 1951 435 2025 convivium
458 1963 621 2026 vocatus.
649 1971 728 2020 curn
753 1949 786 2017 ei
807 1948 931 2036 lagena
951 1949 1054 2038 plena
1071 1969 1221 2036 genero·

229 2051 361 2126 sissimi
389 2050 468 2120 vini
496 2050 678 2143 proposita
709 2063 815 2130 esset,
854 2063 1031 2140 arreptam
1059 2050 1220 2140 lagenam

228 2155 379 2249 impegit
391 2151 689 2243 capitiDemctrii,
713 2151 898 2245 inquiens,
930 2149 1012 2221 Non
1026 2174 1221 2242 congruere

227 2255 364 2354 Cynico
382 2253 538 2327 delicias.
592 2251 693 2324 Talis
715 2268 767 2323 est
782 2252 884 2323 istius
898 2249 1024 2346 Cynici
1041 2254 1222 2345 perfectio,

229 2381 313 2433 narn
330 2373 365 2430 et
377 2355 529 2445 scriptor
545 2354 606 2424 ille
621 2379 753 2426 nomen
768 2379 788 2424 a
804 2351 901 2424 Cane
914 2348 1032 2428 habet.

330 2457 545 2530 Brevissima
572 2457 649 2526 dixi
676 2459 720 2527 de
749 2456 905 2528 tenebris
933 2457 972 2525 in
996 2451 1221 2554 ἡγεμογικῷ.

228 2559 303 2634 lam
332 2559 448 2656 qualis
470 2559 631 2630 confusio
654 2560 702 2630 sit
722 2558 981 2650 adpetitionum
1005 2560 1044 2626 in
1067 2558 1223 2652 θυμικῷ

229 2680 265 2739 et
288 2663 567 2755 ἐπιθυμητικῷ,
592 2675 693 2732 vetus
717 2661 853 2752 pictura
873 2655 1033 2729 Platonis
1053 2661 1221 2732 ostendit.

229 2766 304 2858 Qui
328 2766 378 2838 eit
399 2759 582 2833 hominem
604 2759 746 2855 Scyllae
762 2759 914 2830 similem
931 2782 1024 2844 esse,
1051 2763 1151 2832 cuins
1164 2762 1223 2830 in-

228 2869 340 2942 ferior
367 2888 447 2958 pars
470 2862 599 2951 partim
630 2863 789 2946 leonem,
822 2862 953 2952 partim
977 2885 1080 2935 canes
1103 2865 1223 2937 refert.

230 2971 275 3042 ln
301 2979 490 3060 conspectu
513 2979 597 3036 sunt
617 2963 837 3037 tristissimae
862 2964 1077 3034 calamitates
1101 2966 1223 3056 publi-

229 3097 309 3157 cae,
342 3093 432 3168 qnae
458 3067 627 3139 oriuntur
655 3067 700 3138 ab
729 3065 774 3134 iis
800 3062 918 3150 viciis,
949 3066 994 3133 de
1015 3065 1146 3159 quibus
1166 3066 1223 3135 di·

229 3189 325 3249 ctum
342 3185 410 3246 est:

384 3279 465 3347 Nam
477 3293 591 3344 seelera
603 3297 705 3360 regua.

334 3383 491 3450 Luxuries
503 3387 590 3447 viciis
606 3381 744 3466 odiisque
759 3381 899 3464 superbie
915 3381 1014 3442 vertit.

229 3483 328 3558 Haec
365 3505 439 3552 esse
471 3481 510 3548 in
543 3478 701 3573 θυμικῷ
715 3473 767 3548 'et
798 3473 1076 3568 ἐπιθυμητικῷ,
1107 3466 1225 3537 mani-

1272 1363 1350 1408 care
1376 1339 1480 1408 ausis.
1533 1337 1610 1410 Hae
1635 1337 1748 1411 novae
1770 1341 1934 1410 flammae
1955 1341 1994 1410 in
2017 1340 2123 1410 corde
2147 1340 2263 1430 repri-

1271 1455 1374 1511 munt
1407 1455 1563 1511 errantes
1596 1443 1759 1534 impetus.
1822 1441 1873 1512 lta
1901 1465 1976 1512 non
2006 1455 2144 1513 tantum
2174 1439 2265 1510 foris

1271 1543 1468 1634 aspergitur
1492 1543 1727 1635 fermentum,
1753 1546 1813 1614 sed
1838 1556 1997 1636 penetrat
2019 1564 2144 1613 omnes
2159 1543 2266 1624 vires,

1272 1645 1362 1714 sicut
1376 1640 1494 1715 Ebrea
1510 1647 1745 1736 adpellatione
1761 1647 1872 1737 magis
1888 1643 2073 1737 perspicue
2088 1642 2267 1734 significa-

1272 1759 1347 1816 tum
1373 1759 1445 1830 est,
1471 1746 1703 1817 ubidicitur:
1738 1745 1826 1816 Tria
1842 1761 1916 1816 sata
1939 1746 2074 1816 farinae
2096 1745 2267 1834 subigito.

1273 1846 1333 1917 Fit
1357 1843 1442 1918 hacc
1465 1849 1624 1922 subactio
1649 1849 1687 1918 in
1712 1844 1769 1918 his
1792 1847 2010 1942 quotidianis
2029 1847 2217 1916 laboribus
2235 1859 2268 1916 et

1273 1949 1470 2031 aerumnis,
1494 1949 1625 2042 quibus
1642 1952 1680 2019 in
1693 1973 1757 2022 suo
1771 1951 1921 2044 quisque
1935 1948 2054 2018 allicio
2067 1960 2128 2017 ant
2141 1947 2268 2018 dolore

1273 2073 1348 2119 non
1374 2049 1500 2120 leviter
1528 2065 1719 2126 exercetur.
1780 2049 1906 2121 Fiebat
1934 2047 2022 2119 haec
2044 2049 2206 2118 subactio
2229 2049 2267 2116 in

1273 2150 1427 2234 Davide,
1460 2177 1539 2221 cum
1559 2177 1600 2222 ex
1619 2175 1728 2242 regno
1752 2153 1883 2236 scelere
1903 2149 1968 2220 filii
1993 2149 2199 2229 eiicerclur,
2235 2162 2270 2218 et

1273 2253 1387 2325 multo
1404 2253 1513 2342 magis
1528 2254 1566 2322 in
1583 2253 1704 2323 animo
1721 2253 1939 2323 cruciaretur
1952 2251 2197 2322 recordatione
2213 2250 2270 2320 sui

1273 2356 1391 2445 lapsus
1404 2355 1612 2445 turpissimi.
1665 2353 1803 2425 lnterca
1818 2369 1937 2424 tamen
1953 2352 2172 2424 sustentabat
2186 2375 2269 2422 eum

1273 2452 1382 2554 λόγος
1390 2456 1521 2525 vivens
1537 2460 1711 2526 fermento
1728 2469 1850 2528 tectus.
1893 2453 1963 2524 llic
1976 2455 2183 2524 immensam
2202 2455 2270 2524 bo-

1274 2559 1419 2628 nitatem
1427 2554 1494 2626 Dei
1510 2573 1544 2628 et
1561 2581 1717 2631 amorem
1733 2558 1796 2627 filii
1812 2579 1892 2646 erga
1909 2578 1975 2626 nos
1992 2554 2271 2634 consideremus,

1274 2681 1525 2750 agnoscamus,
1557 2661 1648 2750 grati
1677 2661 1913 2742 celebremus,
1944 2671 1977 2728 et
2002 2660 2046 2727 de
2070 2655 2270 2749 praesentia

1274 2761 1341 2832 filii
1362 2757 1427 2830 Dei
1451 2762 1489 2830 in
1505 2759 1663 2832 Ecclesia
1686 2759 1936 2852 gubernantis,
1959 2757 2114 2848 regentis
2136 2771 2170 2828 et
2196 2781 2271 2826 ser-

1275 2865 1390 2932 vantis
1413 2886 1507 2945 eam,
1533 2886 1599 2930 nos
1625 2875 1659 2929 et
1681 2862 1770 2930 alios
1788 2875 1880 2930 recte
1898 2862 2105 2938 doceamus,
2131 2871 2172 2946 nt
2187 2881 2272 2928 vera

1275 2961 1455 3033 invocatio
1470 2958 1693 3036 accendatur.
1732 2959 1799 3030 His
1814 2960 2087 3049 cogitationibus
2103 2983 2168 3028 nos
2185 2983 2272 3030 exu-

1275 3064 1458 3147 sciremus,
1489 3063 1586 3155 quod
1618 3087 1698 3132 cum
1719 3063 1906 3146 faciemus,
1940 3062 2054 3132 aderit
2075 3061 2170 3130 filius
2192 3059 2273 3142 Dei,

1276 3179 1310 3235 et
1331 3163 1532 3234 studiorum
1550 3178 1584 3234 et
1601 3165 1694 3234 vitae
1708 3187 1850 3233 cursum
1867 3178 1983 3252 reget,
2011 3159 2115 3234 faciet
2129 3165 2195 3231 nos
2213 3185 2273 3232 or-

1276 3289 1365 3356 gana
1382 3264 1549 3336 salutaria
1564 3265 1669 3338 nobis
1682 3281 1716 3336 et
1730 3261 1919 3337 Ecclesiae.
1969 3263 2051 3352 Quo
2066 3263 2161 3334 bono
2176 3257 2273 3331 nihil

1277 3368 1423 3457 cogitari
1440 3367 1554 3437 maius
1569 3381 1631 3437 aut
1648 3367 1775 3436 melius
1789 3379 1915 3457 potest.
1968 3364 2105 3453 Quanti
2119 3377 2205 3435 sunt
2221 3366 2272 3432 la·

1276 3473 1398 3553 bores,
1431 3483 1563 3562 quanta
1591 3469 1789 3556 certamina,
1809 3464 1974 3552 Periclis,
2007 3459 2275 3548 Demosthenis,

228 3589 358 3660 festum
385 3597 453 3667 est,
479 3594 513 3652 ct
534 3581 743 3672 magnitudo
763 3578 988 3672 publicarum
1011 3587 1047 3643 et
1068 3569 1224 3665 privata·
1279 3565 1491 3660 Phocionis,
1525 3569 1725 3654 Ciceronis,
1757 3567 1861 3638 Bruti
1895 3581 1930 3637 et
1963 3568 2157 3638 multorum
2183 3567 2274 3636 alio·

231 3715 313 3762 rum
333 3685 573 3757 calamitatum
595 3681 750 3754 ostendit
773 3679 810 3749 in
835 3675 998 3770 plurimis
1017 3668 1225 3743 hominibus
1277 3695 1379 3756 rum,
1405 3695 1558 3764 quorum
1583 3671 1729 3739 infoelix
1753 3692 1876 3739 cursus
1900 3669 1968 3740 fuit
1991 3683 2024 3739 et
2050 3669 2136 3762 ipsis
2153 3681 2188 3738 et
2205 3668 2273 3736 im-

233 3791 298 3862 illa
322 3787 414 3857 vicia
436 3785 632 3868 dominari,
659 3799 693 3854 et
710 3805 791 3852 vere
807 3778 1034 3876 tyrannidem
1053 3796 1225 3845 exercere.
1278 3773 1397 3865 periis.
1449 3773 1522 3842 Nos
1537 3769 1614 3842 Deo
1629 3771 1759 3861 gratias
1775 3793 1937 3860 agamus,
1969 3773 2065 3866 quod
2088 3769 2134 3840 ad
2160 3783 2275 3842 acter-

232 3885 416 3964 Adversus
438 3883 526 3957 haec
545 3885 703 3975 ingentia
725 3882 818 3950 mala
841 3881 879 3948 in
896 3876 951 3949 his
966 3881 1082 3948 tribus
1099 3871 1226 3946 burna-
1278 3897 1345 3944 nae
1359 3871 1538 3945 Ecclesiae
1554 3874 1755 3944 societatem
1772 3885 1804 3940 et
1821 3872 1866 3940 ad
1882 3871 2022 3942 labores
2036 3871 2143 3942 utiles
2157 3867 2273 3940 vocati

233 4017 300 4066 nae
323 4003 470 4059 naturae
494 3986 675 4079 partibus,
707 3996 884 4052 monstrat
902 3980 997 4052 filius
1016 3977 1085 4050 Dei
1111 3975 1227 4057 ἅλεξι-
1278 3998 1418 4054 sumus,
1454 3988 1488 4046 et
1519 3976 1614 4068 quod
1645 3972 1821 4065 promittit
1843 3969 1940 4043 Deus
1970 3997 2009 4043 se
2035 3973 2273 4064 perfecturum

233 4087 458 4196 φάρμακον,
492 4111 568 4157 non
589 4087 688 4181 moly
710 4081 965 4167 Homericum,
992 4085 1052 4151 sed
1072 4083 1227 4180 fermen-
1279 4101 1373 4162 esse,
1398 4089 1440 4146 ut
1465 4076 1603 4146 labores
1628 4073 1872 4144 invocantium
1896 4096 1977 4144 eum
2001 4073 2074 4146 sint
2094 4073 2276 4153 salutares,

232 4213 330 4283 tum,
362 4193 459 4287 quod
488 4191 563 4282 ipse
593 4189 713 4261 attulit
731 4183 909 4258 Ecclesiae
939 4182 1081 4256 sonanti
1104 4204 1226 4252 vocem
1280 4179 1371 4251 sicut
1393 4179 1644 4270 scriptumest:
1672 4175 1891 4249 Commendo
1907 4171 1984 4246 Deo
2002 4176 2097 4246 viam
2121 4185 2276 4244 tuamet

124 4347 131 4354 -
179 4281 184 4284 ’
232 4295 434 4388 Evangelii.
492 4288 583 4382 Quis
611 4290 786 4361 existimet
815 4301 933 4358 autem
961 4299 1096 4359 tantam
1119 4279 1228 4352 huius
1281 4304 1381 4373 spera
1399 4280 1438 4350 in
1455 4303 1546 4364 eum,
1569 4277 1823 4371 etipsefacict.
1877 4274 1985 4348 trem:
2013 4273 2096 4348 Non
2116 4274 2276 4346 eritina-

233 4399 403 4476 fermenti
418 4395 492 4468 vim
507 4416 600 4480 esse,
622 4406 664 4464 ut
687 4405 759 4462 tam
774 4413 892 4462 saevas
913 4401 1029 4480 pestes
1049 4385 1228 4478 depellere
1280 4384 1336 4453 nis
1366 4383 1468 4452 labor
1490 4394 1604 4451 vester
1626 4383 1665 4450 in
1691 4379 1863 4452 Domino.
1914 4375 1969 4446 Te
2000 4377 2109 4467 igitur
2129 4375 2181 4446 lili
2199 4373 2277 4455 Dei,

233 4485 368 4600 possit,
391 4499 555 4572 tenebras
575 4495 616 4564 in
636 4508 777 4579 mente,
802 4491 966 4562 incendia
985 4488 1160 4559 malorum
1176 4488 1229 4556 af·
1280 4483 1435 4555 Domine
1450 4481 1530 4554 lesu
1546 4479 1706 4566 Christe,
1730 4495 1804 4553 toto
1828 4492 1968 4571 pectore
1983 4504 2070 4564 oro,
2095 4493 2136 4550 ut
2152 4474 2275 4548 Eccle-

233 4611 391 4680 iectuum
406 4601 445 4670 in
463 4599 590 4684 corde,
615 4597 845 4681 ambitiones,
871 4593 973 4675 odia,
999 4589 1228 4683 cupiditatem
1281 4587 1349 4656 sias
1363 4579 1490 4656 barum
1504 4586 1689 4676 regionum
1705 4605 1823 4654 serves
1838 4594 1874 4653 et
1888 4583 2082 4672 gubernes,
2110 4593 2145 4656 et
2159 4577 2276 4656 facias,

235 4689 434 4794 vindictae,
461 4715 621 4772 errantes
642 4721 801 4782 amores,
827 4709 861 4768 et
877 4697 1112 4765 obscenarum
1125 4690 1231 4760 volu·
1284 4703 1324 4760 ut
1340 4689 1378 4759 in
1395 4687 1472 4759 Deo
1487 4711 1599 4757 unum
1618 4687 1742 4756 simus.
1793 4681 1890 4756 Dixi.

233 4826 372 4907 ptatum
397 4803 630 4897 cupiditates,
664 4801 738 4872 imo
758 4798 886 4879 etiarn,
911 4810 953 4868 ut
972 4795 1150 4888 depellere
1170 4792 1231 4861 in-

236 4912 405 4985 sidiantes
426 4905 589 4978 diabolos
613 4902 735 4998 possit.
801 4896 984 4973 Adversus
1007 4910 1148 5001 tantum
1169 4919 1232 4964 cu-

235 5013 374 5092 mulum
393 5010 592 5093 malorum,
618 5006 706 5100 quid
722 5001 874 5098 opponis
891 5001 1052 5090 exiguam
1067 4997 1232 5069 fermenti

236 5139 407 5200 massam,
434 5109 697 5210 quodperinde
715 5107 875 5186 videtur,
902 5126 941 5174 ac
959 5103 990 5172 si
1005 5101 1093 5173 velis
1110 5102 1231 5172 omnia
1284 5073 1353 5148 N0·
1377 5113 1430 5132 ··
1454 5115 1507 5130 ···

237 5203 387 5316 lllpium
400 5219 482 5310 iuga
497 5213 610 5306 digito
628 5223 688 5284 aut
705 5207 823 5300 fragili
840 5205 1016 5277 arundine
1032 5203 1233 5276 transferre.

236 5319 308 5396 Sed
324 5320 477 5394 sciamus
492 5320 609 5411 ipsum
625 5313 739 5384 lilium
750 5309 818 5384 Dei
836 5310 957 5381 adesse
974 5305 1058 5378 huic
1075 5307 1232 5376 fermen-

160 5453 169 5472 ·
238 5438 297 5510 to,
328 5421 393 5500 nec
423 5445 497 5496 esse
526 5420 672 5492 inanem
701 5413 859 5487 sonitum
889 5435 1011 5483 vocem
1034 5403 1233 5498 Evangelii,

190 5619 194 5624 Ι
237 5525 299 5602 scd
322 5549 444 5598 revera
465 5546 539 5597 esse
558 5517 754 5617 pounfiam
776 5515 862 5603 Dei,
887 5529 928 5590 ut
949 5511 1082 5586 Paulus
1106 5508 1235 5604 inquit,

1742 4907 2018 4922 ,,,,,,......-.-....-.
2025 4899 2277 4918 ....-.-...----

2110 5095 2160 5138 sn.
2187 5067 2280 5134 1555.

2102 5159 2273 5192 Μ

1357 5295 1528 5352 Armene
1548 5293 1589 5345 aad
1605 5291 1744 5346 Dostom
1755 5289 2015 5355 Nors'mlergrnses,
2031 5280 2182 5354 incipiente
2191 5273 2281 5360 ,Uti-

1389 5381 1455 5420 uam
1471 5381 1503 5420 aa
1520 5372 1578 5418 terr
1599 5378 1680 5416 oram
1698 5359 1832 5416 loelintss
1844 5357 1936 5414 csset'
1952 5363 2020 5420 etc..
2038 5351 2163 5411 videatur
2180 5351 2209 5406 iu
2222 5349 2280 5418 lips·

1391 5433 1468 5490 tlolis
1485 5429 1549 5526 .v⁰'‘
1591 5429 1638 5488 ΙΙΙ.
1656 5449 1683 5503 p.
1701 5430 1760 5487 517.

323 5747 429 5796 Α
