4726 5828
14 295 52 538 Σ
111 381 162 456 97
743 367 904 454 DECL.
951 369 1026 452 DE
1064 367 1227 454 LEGE
1251 371 1521 454 PLACUlT.
2093 376 2142 449 98

14 571 44 644 j,
111 565 295 624 revocaret
310 573 377 623 nos
387 553 433 622 sd
447 574 532 633 sese,
546 563 581 622 et
595 552 750 623 frenaret
760 552 988 644 vagabundas
1003 574 1104 622 men·
1155 551 1287 622 sciebat
1302 565 1475 643 quantum
1491 549 1528 618 io
1544 550 1652 631 dirce,
1677 550 1740 641 qui
1756 548 1839 620 urbi
1861 561 2037 642 praeerat,
2063 573 2141 618 mo-

14 673 47 740 tat„
111 665 183 740 tes,
211 669 247 726 et
263 656 425 746 patefecit
448 679 486 725 se
508 653 710 724 illustribus
725 652 955 738 testimoniis,
982 667 1016 726 et
1031 667 1104 724 tra-
1156 650 1266 722 menti
1288 666 1397 738 esset,
1424 663 1546 720 evocat
1567 673 1647 719 eum
1668 651 1712 720 ad
1738 650 1973 744 colloquium,
2000 663 2033 721 et
2056 674 2141 744 pro-

14 789 49 848 ῃ
110 758 206 840 didit
219 758 333 846 legem
349 779 466 827 suam:
492 755 678 828 constituit
693 755 861 848 imperia,
888 768 921 826 et
943 749 1103 824 horribi-
1155 753 1265 824 mittit
1279 753 1368 823 sein
1384 753 1510 823 urbem
1525 750 1755 822 remissurum
1772 775 1845 822 esse
1857 753 1977 823 vivum
1992 767 2027 824 et
2040 753 2142 822 inco-

14 893 49 944 Μ,
109 861 208 929 libus
223 858 407 951 suppliciis
420 880 541 927 caecos
555 852 742 928 hominum
759 858 896 926 ferroras
908 856 1023 946 punit,
1039 853 1103 948 qui
1154 855 1298 925 lumem.
1339 850 1422 925 Dux
1437 848 1529 922 nihil
1547 852 1632 924 mali
1647 855 1841 946 suspicans,
1865 855 1962 925 venit
1978 854 2016 922 in
2030 855 2142 923 collo-

14 979 49 1045 ,ἰῶ
111 976 235 1032 contra
252 962 347 1048 leges
362 961 480 1030 frenos
496 959 616 1029 laxant
632 960 705 1029 suis
717 957 981 1050 cupiditatibus.
1017 955 1101 1026 ldeo
1154 956 1289 1052 quium.
1337 954 1429 1027 Crem
1448 955 1833 1044 igitnriamurbssine
1850 957 2052 1035 duceesset,
2076 979 2141 1047 op-

14 1075 50 1148 ,tt
111 1062 319 1152 gravissime
340 1059 668 1154 iuquitSiracides:
705 1059 772 1128 Vir
789 1057 929 1149 sapiens
945 1081 1019 1127 non
1037 1053 1102 1126 ha·
1154 1070 1290 1150 pugnat
1304 1080 1380 1127 eam
1395 1053 1544 1126 Paches:
1571 1069 1607 1128 et
1621 1081 1659 1126 ea
1677 1059 1828 1148 potitus,
1854 1058 2143 1142 reducitducem,

14 1181 43 1250 1111
114 1163 460 1252 hebitudiolegem.
1155 1174 1189 1231 et
1206 1159 1257 1230 ibi
1276 1159 1452 1231 interficit.

14 1307 49 1350 an
215 1280 308 1354 Cum
331 1297 448 1353 autem
471 1282 516 1351 de
535 1282 653 1371 legum
677 1279 854 1364 bonnae,
887 1292 921 1348 et
936 1280 980 1349 de
1002 1302 1103 1347 reve.
1256 1258 1347 1331 Cum
1364 1254 1528 1333 Athenae
1548 1275 1670 1354 captae
1684 1277 1798 1334 esseut
1814 1287 1834 1332 a
1850 1263 2049 1358 Lysandro,
2075 1261 2141 1330 tri·

15 1383 48 1466 ‚s
110 1384 228 1454 centia
247 1385 385 1472 legibus
400 1384 537 1467 debita,
563 1406 665 1473 saepe
678 1383 717 1449 in
734 1377 802 1450 hoc
821 1382 899 1449 loro
915 1380 1053 1451 erudite
1070 1392 1104 1449 et
1154 1363 1251 1452 83⁰¹st
1267 1363 1564 1453 &llb‘mflffll'lbm
1579 1385 1717 1433 mmm
1737 1376 1888 1454 Ροῑθθῑ88
1906 1367 1987 1434 dfllfl
2004 1377 2066 1448 ⁸⁵¹,
2092 1362 2141 1433 ita

21 1487 26 1498 '
111 1489 170 1578 pie
193 1488 327 1554 dictum
352 1485 419 1569 sit,
447 1486 516 1554 iam
541 1479 607 1553 hac
628 1483 727 1552 brevi
750 1481 1104 1564 commonefactione,

14 1613 17 1653 :
111 1613 221 1682 quam
240 1586 419 1670 recensui,
445 1599 725 1656 contentusero:
752 1594 945 1655 astantum
967 1608 1031 1653 oro
1046 1581 1104 1650 iu-

44 1705 50 1746 ῑ·
110 1690 254 1774 niores,
281 1700 425 1779 propter
446 1685 583 1771 Deum,
608 1698 649 1755 ut
669 1707 769 1775 saepe
793 1680 886 1754 hanc
902 1707 1020 1753 veram
1036 1685 1104 1751 do-

110 1790 288 1875 ctrinam,
314 1793 358 1859 de
379 1788 495 1879 legum
518 1787 677 1857 fontibus
700 1801 733 1857 et
756 1786 910 1855 utilitate
931 1785 1102 1874 cogitent:

110 1905 147 1960 et
164 1915 267 1983 saepe
281 1903 441 1982 repetant
456 1913 573 1958 secum
590 1888 682 1958 dicta
699 1887 835 1969 divina,
861 1909 951 1979 quae
967 1885 1103 1976 praeci-

30 1989 45 2040 ‘2
112 1995 220 2084 piuut
239 1995 283 2061 de
301 1991 498 2060 reverentia
521 1989 659 2078 legibus
683 1987 821 2072 debita,
854 2002 889 2057 et
908 1987 946 2054 in
975 1985 1104 2055 animis

23 2091 41 2158 d
112 2116 272 2163 amorem
288 2090 357 2160 Dei
374 2107 408 2161 et
426 2093 542 2180 legum
560 2092 765 2162 accendant.

33 2293 37 2304 ἱ
212 2206 318 2277 Nunc
342 2230 425 2275 vero
452 2208 495 2275 ad
521 2207 735 2275 erudiendos
754 2205 913 2276 iuniores
930 2205 1104 2297 quaedam

37 2315 40 2320 “
111 2311 230 2381 dicam
246 2310 293 2377 de
310 2309 386 2398 lege
396 2305 547 2391 Placuit,
571 2308 609 2375 in
618 2303 760 2391 Codice,
778 2306 878 2376 cuius
893 2307 1002 2375 verba
1019 2299 1104 2373 haec

111 2411 221 2482 sunt?
240 2409 408 2496 „Placuit
421 2410 460 2477 in
476 2409 643 2478 omnibus
660 2409 766 2477 rebus
780 2407 966 2499 praecipue
981 2402 1105 2475 haberi

29 2519 44 2558 r·
111 2529 189 2585 tam
211 2512 371 2582 iusticias
396 2511 652 2604 aequitatisque
676 2509 845 2602 scriptae,
870 2531 976 2603 quam
992 2507 1105 2578 stricti

115 2615 208 2686 iuris
223 2611 428 2685 rationem?

219 2731 300 2803 Scio
322 2725 536 2822 reprehendi
557 2751 577 2800 a
594 2729 827 2822 quibusdam,
853 2731 949 2822 quod
966 2722 1026 2797 hic
1040 2753 1107 2798 no·

14 2833 39 2844 ''
114 2837 234 2906 minat
250 2833 305 2902 lex
326 2832 538 2925 aequitatem
563 2830 748 2921 scriptam:
774 2854 853 2898 cum
871 2842 988 2900 tamen
1011 2831 1105 2920 opud

115 2934 346 3008 Aristotelem
362 2927 532 3004 ἐπιείκεια
557 2933 764 3002 nominetur
784 2930 908 3023 scripti
924 2931 1108 3016 correctio,

113 3037 245 3110 omissa
268 3035 501 3126 inscriptione
525 3033 629 3122 legis,
661 3047 702 3102 ut
725 3056 806 3103 cum
837 3033 942 3102 iudex
971 3032 1108 3122 mitigat

113 3161 269 3233 poenam
292 3131 434 3205 homini
452 3137 628 3214 modesto,
655 3133 719 3227 qui
739 3157 813 3203 non
835 3132 1030 3225 petulantia
1046 3147 1109 3204 aut

113 3256 265 3312 naturae
281 3239 529 3330 perversitate,
554 3238 615 3305 sed
631 3235 723 3304 fame
739 3249 874 3318 motus,
899 3237 1037 3306 furatus
1058 3249 1109 3305 est

14 3350 34 3368 ”
114 3344 232 3414 cibos:
259 3341 351 3408 sicut
366 3340 410 3407 de
431 3339 608 3433 aequitate
624 3361 699 3405 non
723 3338 851 3429 scripta
866 3337 1028 3429 loquitur
1041 3339 1108 3407 lex.

15 3503 31 3528 ,Δ
114 3443 228 3534 Quod
251 3440 280 3510 si
303 3435 456 3531 Ephesi,
484 3441 523 3508 in
546 3435 720 3529 Digestis,
754 3441 799 3507 de
824 3438 985 3532 eoquod
1014 3453 1109 3510 certo

29 3553 34 3630 j
112 3547 197 3617 loco
214 3557 279 3615 etc.
311 3527 321 3548 ⁰

14 3632 26 3668 '²
223 3642 298 3714 lam
312 3644 341 3712 si
359 3665 497 3734 semper
513 3643 740 3712 anteferenda
757 3655 846 3711 esset
862 3643 1021 3735 aequitas
1035 3661 1110 3710 non

24 3825 28 3834 ,
115 3747 271 3838 scripta,
298 3747 382 3838 quid
408 3767 498 3835 opus
520 3757 609 3814 esset
631 3745 785 3832 legibus,
811 3757 873 3812 aut
890 3745 1033 3835 quando
1055 3745 1111 3812 iu-

14 3863 18 3875 '
115 3853 186 3920 dex
202 3872 243 3917 ex
258 3848 385 3937 scripta
398 3847 473 3935 lege
491 3845 766 3935 pronunciaret?
791 3843 861 3913 Hic
871 3845 986 3936 qualis
999 3844 1112 3913 licen-

14 3965 18 4020 ἵ
115 3955 166 4022 tia
192 3949 446 4018 concederetur
464 3947 528 4032 iis,
554 3947 616 4040 qui
639 3945 773 4038 alioqui
796 3946 852 4016 ius
879 3946 1049 4039 scripturn
1078 3958 1112 4014 et

20 4033 24 4053 ¹
114 4055 294 4146 privatam
311 4048 553 4129 calliditatem,
580 4070 682 4141 saepe
696 4047 803 4117 etiam
819 4071 940 4117 caecos
956 4048 1112 4118 adfectus

15 4241 17 4244 Ι
116 4155 259 4245 legibus
276 4149 502 4220 anteferunt?

14 4249 22 4362 f
226 4267 275 4342 Ut
297 4268 414 4358 igitur*
432 4262 518 4337 haec
541 4265 742 4336 distinctius
768 4269 1007 4358 explicentur,
1028 4266 1113 4356 pri-

14 4437 16 4446 .
118 4395 221 4444 mum
245 4393 420 4459 exponam
442 4369 530 4462 quid
551 4367 713 4438 nominet
734 4369 790 4438 ius
809 4370 990 4451 strictum,
1017 4369 1113 4460 quod

119 4487 278 4547 vetustas
292 4472 436 4558 linguae
451 4469 580 4541 latinae
602 4471 767 4539 nominat
783 4470 841 4540 ius
856 4493 1035 4540 summum
1053 4491 1113 4538 seu

122 4573 254 4645 Graeci
279 4567 576 4666 ἄκριβοδίκαιον.

226 4689 427 4762 Discrimen
445 4702 495 4760 est
514 4691 607 4758 enim
625 4689 789 4759 interius
813 4711 991 4759 summum
1006 4701 1041 4757 et
1056 4711 1114 4759 ca-

122 4795 312 4867 lumniam.
364 4787 427 4861 Est
444 4793 538 4859 enim
557 4790 748 4874 calumnia,
776 4793 883 4859 verba
898 4805 1011 4861 astute
1027 4815 1115 4858 con·

122 4913 180 4970 tra
192 4896 352 4965 nativam
370 4893 581 4962 sententiam
595 4891 833 4983 interpretari,
858 4905 892 4964 et
907 4891 944 4960 in
959 4892 1115 4963 deterius

14 4993 16 5086 ξ
121 4999 280 5068 flectere:
307 5011 348 5066 nt
370 4995 453 5088 quia
470 5007 590 5087 pactus
612 4994 760 5083 triginta
782 4995 920 5067 dierum
942 4993 1116 5078 inducias,

14 5107 16 5172 ἰ
123 5113 236 5170 noem
250 5098 491 5191 populabatur
506 5117 627 5188 agros,
652 5096 750 5190 quod
766 5108 881 5166 essent
894 5095 1035 5166 dierum
1058 5093 1114 5164 in-

14 5209 16 5284 l
125 5201 272 5282 duciae,
299 5223 375 5270 non
398 5197 557 5269 noctium
579 5197 782 5288 promissae.
839 5193 887 5268 Et
910 5195 972 5292 qui
995 5209 1116 5290 pactus

126 5303 321 5374 dimidium
337 5299 483 5370 navium
493 5354 503 5384 ,
514 5311 520 5321 '
533 5298 700 5370 dissecuit
714 5321 833 5373 naves.

230 5418 364 5493 Plenae
384 5431 470 5488 sunt
489 5415 731 5507 exemplorum
752 5411 932 5489 historiae.
982 5409 1118 5486 Paebes

127 5529 201 5598 dux
209 5519 451 5606 Atheniensis,
476 5543 556 5591 cum
564 5512 810 5610 Colophonem
828 5517 1015 5602 obsideret,
1034 5517 1117 5611 quia

181 5625 370 5699 Musam.
396 5627 500 5694 om.
527 5625 611 5692 vor..
638 5622 716 5692 xll.

1154 1477 1195 1534 ut
1208 1478 1351 1556 possent
1371 1465 1448 1533 sine
1473 1465 1615 1534 indiciis
1634 1465 1829 1560 interlicere
1851 1455 2078 1536 turbulentos
2092 1463 2143 1534 ci-

1154 1588 1233 1650 ves,
1260 1587 1349 1658 quos
1364 1565 1433 1656 ipsi
1453 1566 1693 1638 existimarent
1708 1569 1925 1638 seditionum
1948 1568 2039 1635 faces
2058 1589 2143 1638 esse.

1154 1663 1202 1736 Et
1218 1681 1295 1738 erat
1310 1667 1481 1757 promissa
1498 1667 1722 1739 incolumitas
1736 1669 1821 1760 ipsis
1836 1669 1993 1759 triginta,
2015 1681 2049 1738 et
2064 1667 2143 1736 aliis

1155 1767 1271 1861 quiin
1289 1791 1353 1838 suo
1373 1769 1527 1861 quodam
1545 1768 1702 1859 catalogo
1727 1770 1848 1861 scripti
1866 1784 1982 1840 erant:
2009 1793 2049 1838 ac
2065 1770 2142 1838 fue·

1155 1883 1210 1940 rat
1233 1869 1329 1963 pacis
1352 1883 1386 1938 et
1411 1864 1537 1940 harum
1560 1871 1806 1940 conditionum
1826 1885 1929 1940 autor
1946 1865 2145 1940 Therame-

1155 1994 1229 2045 nes.
1280 1968 1370 2041 Cum
1388 1984 1505 2040 antem
1523 1973 1657 2040 videret
1669 1968 1927 2057 Theramenes,
1953 1972 2051 2040 abuti
2068 1971 2144 2040 col·

1156 2073 1252 2162 legas
1272 2095 1335 2141 sua
1360 2085 1547 2162 potestate,
1574 2073 1751 2142 moderari
1774 2073 2019 2144 cnrdelitatem
2036 2095 2143 2142 cona-

1156 2187 1212 2244 tus
1230 2186 1291 2246 est.
1344 2173 1465 2261 Quare
1488 2175 1653 2244 timentes
1677 2198 1757 2245 eum
1781 2176 1953 2264 collegae,
1978 2177 2144 2244 decreve-

1157 2287 1242 2344 runt
1255 2277 1454 2344 necandum
1473 2299 1557 2348 esse.
1610 2271 1850 2347 Theramenes
1871 2298 1907 2346 se
1925 2289 2086 2358 excusat,
2111 2287 2145 2345 et

1159 2375 1245 2468 petit
1259 2376 1392 2445 servari
1410 2389 1527 2466 pacta,
1552 2377 1649 2446 iuxta
1674 2377 1883 2467 catalogum.
1926 2376 1997 2449 Sed
2015 2376 2145 2448 Critias

1158 2477 1226 2563 ait,
1250 2476 1387 2548 facilem
1403 2499 1475 2546 esse
1498 2479 1761 2548 refutationem:
1788 2479 1933 2550 nomine
1950 2476 2147 2551 Therame-
2240 2511 2242 2519 2

1159 2580 1374 2664 nisdeleto,
1400 2605 1475 2650 non
1498 2581 1611 2651 teneri
1629 2581 1778 2670 collegas
1802 2595 1836 2650 et
1861 2581 2032 2670 catalogo.
2086 2579 2147 2651 Sic

1158 2680 1266 2752 elusis
1280 2683 1413 2772 pactis,
1439 2681 1698 2752 Theramenem
1717 2683 1869 2772 collegae
1884 2682 2113 2754 interficiunt.

1260 2798 1434 2892 Popilius,
1461 2814 1583 2892 pactus
1599 2802 1788 2871 dimidium
1804 2801 1949 2871 navium
1965 2794 2148 2890 Antiochi,

1159 2923 1266 2971 naves
1285 2925 1408 2971 omnes
1423 2903 1589 2972 dissecari
1605 2903 1718 2972 iubet:
1745 2918 1786 2974 ut
1803 2899 2147 2973 exarmatus'Antio-

1160 2999 1266 3087 chus,
1290 3004 1463 3074 rebellare
1479 3028 1553 3072 non
1568 3017 1693 3096 posset.

1263 3119 1323 3191 Sic
1337 3116 1513 3191 Cochleus
1536 3117 1836 3214 interpretabatur
1851 3123 2049 3207 decretum,
2083 3123 2149 3194 Sa-

1162 3223 1285 3294 cerdos
1309 3224 1441 3293 ducens
1462 3248 1609 3294 uxorem
1639 3225 1889 3314 suspendatur:
1920 3227 1965 3293 de
1990 3225 2149 3315 patibulo

1161 3324 1345 3409 videlicet,
1370 3349 1449 3395 cum
1473 3327 1654 3395 decretum
1677 3326 1853 3418 intelligat
1873 3309 2150 3418 suspensionem,

1162 3425 1382 3496 vacationem
1398 3425 1532 3517 publici
1546 3427 1664 3496 officii.
1702 3435 1705 3443 “

1264 3541 1371 3614 Tales
1393 3545 1565 3616 absurdae
1589 3556 1622 3613 et
1645 3539 1916 3640 sycophanticse
1939 3544 2150 3632 iuterpreta-

1164 3645 1298 3729 tiones,
1313 3645 1460 3715 'alienae
1487 3670 1506 3715 a
1530 3647 1786 3715 consuetudine
1806 3645 1998 3730 sermonis,
2025 3644 2150 3713 divino

1163 3745 1241 3814 iure
1256 3740 1458 3836 prohibitae
1474 3761 1578 3831 sunt,
1604 3749 1700 3840 quod
1716 3747 1851 3839 inquit:
1878 3745 1958 3815 Non
1974 3747 2067 3815 dicas
2084 3746 2151 3814 fal-

1163 3867 1241 3916 sum
1259 3847 1513 3922 testiinonium.
1544 3845 1876 3918 Etlurisconsultns
1894 3847 2027 3940 inquit,
2053 3849 2151 3917 fratr-

1158 3949 1244 4046 ·dem
1260 3948 1329 4036 legi
1344 3949 1430 4033 lieri,
1449 3973 1529 4020 cum
1544 3949 1650 4019 salvis
1662 3951 1779 4020 verbis
1796 3949 1969 4020 sententia
1984 3949 2152 4021 eluditur.

1266 4063 1395 4135 Differt
1424 4067 1469 4136 ah
1497 4063 1564 4137 hac
1594 4063 1841 4164 sycophantica
1872 4069 1927 4136 ius
1958 4075 2151 4138 summum:

1165 4167 1347 4250 videlicet,
1372 4168 1411 4236 in
1436 4194 1507 4261 quo
1531 4193 1649 4238 revera
1672 4170 1758 4258 legis
1784 4171 1949 4239 severitas
1971 4171 2008 4236 in
2031 4170 2150 4261 aliquo

1165 4292 1248 4339 casu
1263 4269 1522 4358 mitigationem
1539 4270 1682 4360 flagitat.
1736 4267 1784 4344 Ut
1801 4271 1854 4339 lex
1871 4269 2034 4342 Romana
2052 4271 2152 4339 iube-

1165 4373 1227 4441 bat
1248 4369 1398 4440 interfici
1423 4371 1593 4456 militem,
1619 4373 1681 4462 qui
1704 4387 1825 4443 contra
1841 4370 2033 4443 Dictatoris
2051 4394 2153 4440 man-

1167 4475 1288 4541 datum
1323 4463 1534 4544 dimicasset.
1594 4471 1747 4544 Dimicat
1780 4490 1989 4565 provocatus
2022 4469 2153 4543 Manlii

1168 4571 1343 4665 Torquati
1359 4573 1471 4658 filius,
1498 4587 1532 4645 et
1548 4574 1696 4645 victora
1714 4590 1812 4667 patre
1829 4576 2049 4644 interficitur.
2085 4572 2153 4642 Hic

1166 4697 1240 4744 non
1257 4673 1400 4766 quidem
1419 4675 1637 4746 calumniosa
1663 4677 1752 4747 iuris
1774 4677 2064 4768 interpretatione
2087 4671 2153 4745 Di-

1167 4786 1281 4845 ctator
1294 4777 1362 4847 luit
1376 4777 1550 4867 asperior,
1575 4777 1635 4846 sed
1652 4792 1768 4848 tamen
1786 4789 1951 4867 paternus
1967 4777 2072 4848 dolor
2087 4779 2153 4846 mi-

1166 4876 1371 4966 tigationem
1389 4878 1544 4974 aliqu'am
1559 4873 1727 4949 adhibere
1743 4891 1888 4971 poterat.

1265 4989 1319 5098 ⁴Ut
1334 5008 1449 5066 autem
1464 4996 1500 5065 in
1519 4997 1723 5068 universum
1738 5009 1890 5095 uetustas
1904 4999 1973 5068 fnit
1986 4997 2154 5082 severior,

1168 5095 1218 5168 ita
1239 5095 1372 5167 multae
1393 5111 1477 5168 sunt
1497 5122 1631 5189 poenae
1653 5099 1691 5166 in
1710 5099 1888 5170 veteribus
1905 5099 2041 5191 legibus
2058 5113 2154 5168 atro-

1168 5196 1300 5281 ciorcs,
1325 5221 1431 5291 quam
1451 5199 1496 5304 iu¹
1505 5199 1773 5276 recentioribus.

1276 5309 1515 5386 Usitatissima
1550 5313 1617 5384 fuit
1651 5341 1764 5408 poena
1807 5318 1969 5403 talionis,
2009 5317 2154 5388 oculum
2280 5335 2283 5340 ·

1169 5441 1233 5511 pro
1250 5414 1354 5487 oculo
1368 5429 1431 5489 etc.
1460 5413 1565 5486 Nunc
1579 5417 1736 5506 mitigata
1751 5432 1812 5487 est.
1839 5415 1939 5490 Olim
1957 5418 2154 5490 calumnia·

1144 5599 1147 5608 ,
1169 5533 1227 5592 tor
1248 5513 1316 5588 hoc
1334 5519 1411 5611 ipso
1430 5517 1604 5610 supplicio
1626 5519 1872 5600 adficiebatur,
1898 5544 1970 5615 quo
1992 5543 2073 5591 reus
2089 5522 2154 5589 ad-

1477 5619 1502 5690 7
