4726 5828
207 229 211 234 ’
246 279 355 356 ssa·
710 270 874 349 ouen
905 271 980 348 nn
1013 271 1159 348 vrra
1196 271 1284 348 ar·
1306 269 1573 352 scrurrrs
1603 215 1801 358 rorum.
1835 211 1839 218 ¹
2197 285 2270 362 trs

209 481 214 492 ¹
319 449 460 540 ¹Nunc
472 467 583 540 pauca
598 445 645 514 de
658 443 736 536 ipso
753 439 903 518 authore
919 446 1093 528 adiiciam,
1107 457 1149 518 nt
1162 468 1234 540 qno
1285 445 1473 516 sectionem
1490 447 1675 537 effugitis,
1693 452 1754 544 qui
1775 453 1813 521 in
1832 453 2018 544 pestilente
2035 457 2272 541 ae'redintius
2347 443 2348 528 ἷ

255 559 416 645 tempore
433 548 576 632 vixerit,
601 547 727 640 etquis
741 548 867 633 luerit,
891 549 1120 644 cognoscatis,
1146 569 1236 641 quac
1287 549 1419 620 versari
1443 549 1592 637 cogitur.
1641 547 1698 622 Ex
1726 547 1835 624 huius
1863 557 1983 652 seculi,
2005 558 2179 648 pravitate
2211 555 2272 631 hic
2347 601 2348 632 r

254 655 413 728 narratio
426 675 506 722 curn
523 649 571 720 sit
583 648 690 718 nobis
705 649 923 720 occasionem
946 651 1148 742 praebitura
1172 673 1236 720 cu·
1286 663 1406 720 noster
1427 645 1557 720 author
1580 650 1661 720 illas
1681 653 1808 744 impias
1823 669 1857 726 et
1871 654 2064 749 Epicureas
2080 661 2272 750 opiniones
2347 679 2348 688 ¹

254 758 392 830 iusdam
405 750 619 822 necessariae
633 744 700 820 hoc
717 764 874 840 tempore
887 751 1151 835 admonitionis,
1176 773 1235 820 ae-
1286 745 1425 836 hansit,
1452 753 1548 844 quod
1570 750 1801 842 negatDeum
1825 780 1899 828 esse
1915 759 2024 830 alium
2039 785 2146 854 quam
2161 787 2272 834 mun·

214 905 217 910 -
255 881 365 953 quum
389 866 471 934 est.
491 852 667 945 patienter
698 875 762 921 vos
789 875 864 922 eam
884 852 1029 938 audire,
1061 852 1169 945 idque
1194 863 1235 922 nt
1285 853 1393 936 dum,
1417 852 1513 924 tollit
1529 855 1802 943 providentiam,
1828 873 1862 930 et
1878 859 2004 931 irridet
2018 885 2090 948 eos,
2114 864 2179 957 qui
2193 889 2272 936 cre·
2347 903 2348 942 ᾗ

184 953 209 1053 ⁸.
251 957 401 1041 faciatis,
426 955 532 1024 etiam
545 977 623 1025 oro.
1285 953 1372 1023 daut
1386 953 1519 1022 inferos
1540 977 1630 1040 esse,
1657 972 1718 1029 aut
1739 959 1877 1031 animas
1898 976 2092 1054 separatae
2109 967 2272 1058 corpori·

355 1056 495 1128 Plinius
512 1052 966 1128 secundusNovocomensis
978 1056 1058 1129 fuit.
1082 1051 1235 1125 Comum
1286 1055 1353 1125 bus
1369 1076 1548 1147 superesse
1565 1080 1603 1125 ac
1622 1057 1750 1130 vivere.

254 1175 370 1234 autem
381 1157 503 1229 ltaliae
512 1157 788 1248 Transpadauae
798 1159 969 1251 oppidum
981 1172 1043 1242 est,
1058 1179 1133 1226 non
1149 1178 1235 1247 pro-
1386 1153 1573 1227 Cacterum
1588 1181 1703 1228 mores
1720 1159 1797 1232 eius
1809 1185 1885 1232 non
1899 1163 2048 1254 perinde
2063 1163 2272 1258 inquinatos

255 1265 315 1336 cul
338 1259 585 1332 aMcdiolano
604 1260 648 1329 ad
664 1257 809 1330 Larium
826 1262 959 1345 lacum,
985 1258 1049 1352 qui
1071 1280 1168 1328 nunc
1189 1256 1233 1326 ab
1285 1255 1411 1342 luisse,
1443 1261 1674 1349 temperantia
1697 1262 1807 1352 ipsius
1832 1277 1866 1332 et
1881 1264 2058 1336 indelessa·
2082 1269 2273 1339 assiduitas

236 1362 324 1436 ‘hoc
340 1364 417 1454 ipso
436 1360 635 1453 oppidobtt
650 1357 788 1446 &humet
811 1360 875 1452 leti)
901 1362 1108 1453 appellatur.
1159 1357 1234 1426 Alii
1285 1359 1421 1448 arguit,
1454 1384 1543 1451 quae
1565 1360 1713 1431 virtutes
1739 1365 1926 1456 praecipua
1949 1381 2031 1437 sunt
2052 1391 2117 1439 cen
2142 1366 2271 1464 ἀλεξη-

252 1465 495 1535 Veronensem
524 1486 604 1531 eum
626 1463 780 1546 iaciunt,
811 1463 902 1534 moti
925 1459 992 1533 hoc
1016 1472 1234 1550 argumento,
1284 1452 1411 1555 τήρια,
1436 1474 1557 1530 contra
1573 1461 1746 1552 plurimos
1763 1465 1936 1536 viciorum
1961 1471 2115 1541 morbos.
2169 1471 2271 1543 Idem

253 1569 350 1661 qnod
365 1563 557 1646 Catullum,
582 1586 688 1656 quem
707 1577 844 1634 constat
860 1562 1101 1634 Veronensem
1116 1561 1233 1645 luisse,
1284 1563 1412 1652 probat
1427 1563 1533 1630 ctiam
1551 1565 1703 1634 amicitia
1717 1564 1925 1658 Vespasiani
1941 1565 2180 1660 Imperatoris,
2207 1599 2273 1643 cu·
2347 1601 2348 1650 ς

178 1687 180 1692 ’
254 1689 357 1740 suum
382 1678 651 1769 conterraneum
675 1677 787 1734 vocat.
837 1664 1167 1748 Natusestautem,
1193 1675 1233 1732 nt
1286 1665 1341 1733 ius
1375 1662 1557 1752 integritas
1592 1677 1627 1734 et
1642 1669 1810 1738 severitas
1844 1670 1883 1738 in
1916 1695 2056 1741 morum
2079 1675 2271 1766 disciplina

254 1769 435 1858 colligitur
457 1791 552 1836 anno
574 1765 711 1836 decimo
736 1764 962 1857 Imperatoris
979 1765 1137 1849 Tiberii,
1160 1787 1234 1848 seu,
1284 1765 1425 1836 laudata
1441 1766 1633 1835 admodum
1650 1781 1702 1838 est
1716 1769 1755 1836 in
1771 1765 1938 1856 historiis,
1966 1777 2271 1874 quemadmodum
2347 1791 2348 1854 ξ

252 1883 496 1965 postmortem
514 1864 687 1956 Augusti,
713 1891 782 1960 quo
801 1881 957 1960 tempore
974 1866 1151 1939 Dominus
1165 1889 1232 1936 no·
1284 1866 1350 1933 lilii
1372 1890 1513 1959 quoque
1539 1864 1634 1954 Titi,
1665 1871 1795 1962 quibus
1821 1874 1996 1944 ambobus
2026 1899 2105 1944 cum
2129 1875 2272 1948 Plinius
2347 1865 2348 1954 ᾗ

253 1987 325 2044 ster
348 1968 445 2041 lesus
467 1964 632 2039 Christus
653 1968 725 2038 iam
751 1983 871 2055 natus,
912 1984 947 2040 et
969 1993 1073 2060 agens
1097 1991 1232 2039 annum
1285 1989 1386 2035 carus
1401 1980 1435 2036 et
1448 1967 1744 2039 familiarissimus
1759 1973 1881 2042 luerit:
1908 1999 1984 2044 non
2001 1991 2051 2045 est
2065 1980 2274 2070 verisimile,

252 2074 375 2146 aetatis
398 2070 604 2139 vicesimum
619 2083 774 2156 sertum,
799 2072 914 2143 adhuc
938 2074 1004 2142 sub
1027 2095 1110 2141 cura
1127 2083 1162 2140 et
1177 2069 1229 2138 di·
1286 2091 1365 2138 eum
1379 2068 1435 2137 sui
1448 2069 1558 2136 seculi
1571 2069 1751 2139 licentiam
1769 2073 1806 2140 in
1823 2075 1981 2144 moribus
1995 2099 2193 2170 usurpasse.
2221 2157 2228 2164 ,
2347 2121 2348 2124 =

181 2246 186 2256 .
252 2175 401 2266 scipliua
436 2183 621 2264 pareutum
655 2188 747 2253 erat,
781 2197 846 2242 nec
877 2166 963 2244 dum
997 2171 1232 2242 ministerium
1386 2165 1553 2239 Eruditio
1569 2169 1644 2238 eius
1660 2185 1778 2241 autem
1796 2197 1874 2242 cum
1891 2177 2178 2264 excellensesset,
2196 2181 2273 2266 illo,

253 2298 357 2346 suum
381 2272 523 2364 publice
545 2266 783 2347 inchoaverat
836 2274 921 2345 Fuit
940 2287 1056 2344 autern
1073 2274 1104 2342 is
1119 2293 1233 2342 annus
1285 2271 1330 2338 de
1355 2295 1426 2363 quo
1452 2283 1569 2361 postea
1586 2271 1739 2353 dicetur,
1763 2277 1902 2345 ardenti
1920 2279 2039 2348 studio
2055 2299 2272 2374 comparata,
2347 2269 2348 2360 f

253 2374 382 2447 natalis
406 2371 538 2456 Plinii,
570 2375 803 2462 sexagesimus
830 2377 981 2469 quintus
1010 2387 1092 2467 post
1121 2375 1234 2446 inter·
1284 2373 1393 2444 latere
1414 2397 1488 2440 uon
1509 2373 1636 2461 potuit.
1692 2374 1813 2468 ltaque
1834 2379 1939 2447 etiam
1962 2381 2178 2471 aptioribus
2198 2383 2272 2454 lm·
2347 2421 2348 2434 κ

250 2481 381 2548 lectum
395 2472 448 2547 M.
463 2472 681 2560 Ciceronem,
704 2477 850 2570 quintus
864 2501 979 2547 annus
992 2472 1232 2566 postmortem
1285 2473 1525 2564 peratoribns,
1558 2475 1746 2564 praecipue
1788 2501 1872 2548 vero
1905 2485 2092 2572 postremis
2119 2488 2275 2572 duobus,
2347 2483 2348 2520 ¹

253 2575 461 2650 Germanici
485 2572 660 2661 Caesaris,
700 2575 778 2648 Titi
800 2577 896 2647 Livii
915 2577 1105 2661 Historici,
1137 2589 1172 2646 et
1193 2572 1233 2647 P.
1286 2597 1374 2666 qnos
1388 2575 1473 2654 dixi,
1489 2576 1534 2642 ad
1550 2575 1737 2664 dignitates
1752 2578 1923 2650 militares
1939 2598 2079 2654 evectus
2094 2601 2158 2658 est.
2194 2584 2272 2658 Or·

253 2676 381 2752 Ovidii
401 2675 552 2760 Poetae,
584 2677 648 2768 qui
670 2688 741 2745 tres
765 2691 980 2768 praestantes
1004 2678 1168 2768 ingenio,
1199 2688 1233 2745 et
1284 2677 1386 2744 dines
1403 2689 1518 2746 autem
1536 2689 1572 2746 et
1585 2691 1718 2746 turmas
1729 2681 1835 2752 duxit
1849 2682 1886 2751 in
1896 2681 2080 2776 Hispaniis
2095 2687 2273 2772 etAsrica,
2347 2713 2348 2746 ³

250 2780 375 2851 multis
391 2775 590 2846 aliisdunis
607 2777 695 2861 viri,
721 2780 845 2848 codem
865 2803 958 2850 auno
975 2780 1151 2851 obierunt.
1178 2773 1231 2846 Eo
1285 2777 1472 2866 praecipue
1498 2799 1580 2846 vero
1604 2778 1643 2845 in
1667 2777 1859 2852 Germania
1889 2800 2029 2870 nostra,
2063 2791 2102 2858 in
2126 2815 2193 2882 qua
2218 2795 2272 2862 ita
2347 2787 2348 2816 ³

249 2896 409 2973 tempore
425 2878 488 2947 illa
503 2877 674 2947 orationis
689 2877 838 2964 Latinae
853 2882 988 2970 puritas
1002 2893 1036 2950 et
1049 2880 1242 2974 elejuia,
1285 2877 1348 2946 diu
1372 2890 1529 2945 versatus
1545 2891 1613 2962 est,
1638 2892 1678 2948 ut
1698 2883 1908 2974 conquisitis
1928 2901 1964 2956 et
1977 2890 2200 2978 perlustratis
2214 2895 2272 2963 di-

249 2997 285 3054 et
300 2978 567 3073 compositionis
581 2979 683 3063 ratio,
709 3003 800 3072 quae
812 2981 1234 3067 fueratCiceronisaeta-
1284 2977 1434 3065 ligcuter
1450 2978 1659 3062 annalibus,
1685 2984 1805 3052 omnia
1829 2985 1943 3070 bella,
1963 3014 2054 3083 qnae
2075 3015 2156 3062 cum
2174 2992 2272 3065 Ger-

250 3102 305 3170 re,
337 3084 407 3152 iam
433 3074 601 3149 nonnihil
625 3092 699 3148 crat
722 3081 840 3149 studio
858 3081 1044 3163 novitatis,
1075 3095 1116 3150 ut
1133 3080 1233 3162 solet,
1285 3078 1401 3146 manis
1417 3081 1459 3146 ad
1477 3101 1539 3147 sua
1550 3103 1662 3172 usquc
1676 3094 1834 3172 tempora
1860 3085 2066 3160 aRomanis
2082 3110 2175 3180 gesta
2193 3098 2273 3166 fue-

250 3190 438 3256 immutata
461 3182 501 3249 in
523 3176 704 3249 horridius
731 3183 909 3273 quoddam
934 3195 970 3251 et
987 3181 1160 3250 concisius
1177 3181 1234 3249 di·
1285 3193 1386 3268 rant,
1413 3180 1653 3270 descripserit,
1688 3182 1813 3273 viginti
1839 3213 1878 3258 ea
1901 3191 2145 3266 voluminibus
2171 3221 2273 3266 com-

252 3285 358 3360 rendi
372 3305 503 3374 genus,
525 3281 628 3374 quale
645 3281 684 3348 iu
697 3277 805 3353 huius
821 3277 982 3352 authoris
997 3283 1137 3373 scriptis
1153 3305 1230 3350 cer·
1283 3280 1424 3369 plexus,
1460 3283 1523 3372 qui
1548 3283 1634 3350 libri
1657 3285 1687 3352 si
1722 3301 1898 3370 extarent,
1932 3288 2142 3366 haberemus
2172 3295 2270 3371 baud

216 3435 219 3442 ‚
251 3413 336 3459 nere
358 3388 456 3472 licet,
488 3383 551 3478 qui
573 3395 691 3452 tamen
708 3384 770 3453 ubi
787 3377 979 3466 adolevit?
993 3384 1096 3453 etiam
1111 3404 1231 3452 causas
1283 3381 1393 3450 dubie
1409 3395 1443 3449 et
1456 3383 1659 3468 regionum,
1686 3400 1721 3455 et
1738 3391 1952 3478 populorum
1970 3391 2270 3470 Germanicorum
2347 3457 2348 3462 ,

250 3493 290 3560 in
305 3492 383 3559 loro
407 3486 497 3578 egit,
519 3497 554 3555 et
569 3484 681 3554 libros
698 3486 742 3554 de
757 3482 995 3556 Grammatica
1011 3483 1231 3574 conscripsit.
1284 3481 1813 3574 certissimamdescriptionem,
1834 3515 1941 3584 quam
1956 3518 2054 3566 nune
2070 3522 2172 3592 saepe
2187 3527 2272 3572 cum
2347 3485 2348 3490 ,

252 3592 349 3663 Vixit
374 3605 490 3663 autem
512 3586 631 3658 seculo
646 3586 805 3656 omnium
823 3609 913 3679 quae
926 3586 1087 3670 fuerunt,
1112 3585 1231 3670 credo,
1283 3583 1406 3652 dolore
1428 3583 1678 3654 desideramus.

250 3694 536 3785 corruptissimo,
559 3691 625 3762 ubi
643 3712 717 3758 non
740 3691 845 3758 modo
862 3687 1000 3776 legibus
1015 3687 1165 3770 scelera,
1192 3709 1231 3754 ac
1385 3682 1659 3755 Commendatae
1689 3687 1797 3756 etiam
1825 3693 1858 3759 ei
1888 3695 2035 3767 fuerunt
2055 3699 2100 3769 ab
2131 3702 2274 3794 aliquot
2347 3665 2348 3730 ἶ

250 3799 455 3892 praesertim
494 3794 682 3877 libidines,
721 3811 797 3858 non
834 3786 1128 3873 cohercebantur‚
1169 3789 1230 3856 sed
1279 3783 1561 3875 imperatoribus
1574 3810 1694 3856 rerum
1711 3789 2018 3880 imperatoriarum
2045 3806 2275 3889 procuratio-

214 3976 217 3982 ,
250 3903 295 3971 ab
319 3899 404 3991 ipsis
432 3895 710 3988 Imperatoribus
730 3894 770 3962 in
795 3893 920 3984 vulgus
935 3891 1096 3982 pessimis
1113 3907 1230 3958 exem·
1279 3907 1366 3970 ues,
1396 3886 1436 3954 in
1465 3888 1595 3980 quibus
1626 3912 1706 3958 cum
1729 3891 1833 3960 fidem
1856 3887 1891 3964 et
1919 3899 2139 3988 diligentiam
2164 3927 2271 3978 suam
2347 3957 2348 3984 1

249 4003 318 4095 plis
339 4009 590 4092 propagantur.
646 3995 758 4066 Natus
779 3997 874 4065 enim
897 4009 1055 4083 tempore
1079 3989 1229 4070 Tiberii,
1282 3987 1509 4078 Principibus
1525 3991 1723 4079 probasset,
1749 3998 1967 4083 pervenitad
1985 4023 2242 4094 magnasopes.
2347 4021 2348 4026 ’

248 4105 316 4174 sub
330 4099 608 4195 inquinatissimi
620 4113 655 4170 et
670 4097 906 4171 crudelissimi
930 4095 1101 4187 principis
1115 4093 1229 4182 impe·
1386 4087 1618 4180 Praecipuum
1633 4105 1763 4177 autem,
1789 4118 1854 4164 cur
1870 4099 1916 4167 de
1929 4095 1997 4168 hoc
2012 4098 2160 4173 authore
2173 4103 2273 4178 mihi

245 4409 316 4480 fuit
339 4418 511 4498 spectator
535 4401 755 4474 tristissimae
775 4403 957 4487 lanienae,
982 4402 1046 4471 ubi
1069 4414 1139 4471 tres
1157 4397 1227 4468 lm.
1281 4397 1367 4465 dum
1387 4395 1634 4465 observatione
1658 4399 1763 4486 digna
1794 4419 2042 4490 occurrerunt,
2076 4433 2182 4502 qnam
2211 4437 2270 4480 as-

247 4523 426 4603 pemtores
449 4507 614 4594 deinceps
639 4525 711 4573 sese
723 4518 849 4575 mutuo
867 4505 1111 4586 confecerunt,
1139 4498 1229 4571 Gal·
1281 4487 1484 4584 siduitatem
1523 4499 1633 4589 ipsius
1674 4501 1872 4572 luculenter
1908 4507 2092 4596 descripsit
2113 4516 2272 4583 ,sororis

246 4615 310 4697 ba,
337 4605 439 4681 Otho'
456 4621 491 4677 et
509 4606 692 4686 Vitellius,
719 4620 753 4675 et
775 4629 893 4675 secum
911 4629 1000 4698 pene
1014 4603 1157 4694 imperii
1173 4602 1229 4670 vi-
1280 4599 1393 4683 fitius,
1416 4597 1555 4672 Plinius
1572 4600 1697 4668 luuior
1712 4601 1751 4668 in
1768 4598 1926 4692 Epistola
1941 4613 2093 4699 quadam
2118 4615 2159 4682 ad
2176 4611 2272 4683 Cae*

247 4735 304 4783 res
317 4723 538 4788 everterunt,
562 4729 649 4801 quas
666 4719 786 4796 postea
810 4721 926 4776 tamen
942 4729 1064 4776 rursus
1079 4717 1227 4774 conatus
1281 4701 1422 4780 cilium,
1449 4700 1579 4794 inqua
1604 4702 1711 4785 dicit,
1737 4707 1952 4776 avunculum
1970 4731 2093 4792 snum,
2121 4737 2165 4781 ne
2183 4717 2271 4806 qui-

251 4828 301 4884 est
317 4815 464 4883 excitare
486 4809 723 4902 Vespasianus
745 4820 863 4900 pater,
893 4808 955 4900 qui
989 4809 1094 4877 etiam
1121 4805 1228 4874 disci-
1260 4823 1262 4829 ·
1281 4804 1359 4871 dem
1377 4822 1480 4869 curae
1496 4805 1652 4892 corporis
1670 4825 1813 4895 operam
1831 4807 1987 4895 dedisse,
2013 4827 2075 4881 aut
2099 4831 2271 4888 coenasse

248 4915 383 5006 plinam
421 4935 559 4982 morum
598 4909 834 4981 severioribus
868 4909 1005 4998 legibus
1034 4903 1226 4979 cohercuit.
1280 4904 1356 4971 sine
1372 4902 1525 4972 lectione
1538 4905 1713 4975 librorum
1732 4921 1791 4977 aut
1814 4909 2082 4985 auscultatione.
2134 4917 2273 4988 Surre-

250 5014 321 5088 Sed
336 5013 524 5106 imperium
549 5013 624 5081 eius
649 5034 723 5080 non
739 5011 892 5080 multum
909 5012 1002 5080 ultra
1018 5031 1146 5078 novem
1163 5031 1226 5075 an.
1272 5003 1369 5072 risse
1389 5004 1586 5098 plerunque
1609 5011 1763 5078 secunda
1788 5005 1875 5080 hora
1900 5013 2031 5099 noctis,
2057 5031 2097 5086 ut
2113 5037 2178 5089 nos
2196 5043 2273 5091 nu·-

248 5114 481 5185 nos‘duravit.
534 5110 577 5180 ln
592 5114 653 5181 tali
669 5135 810 5180 morum
828 5113 1075 5202 corruptione,
1101 5122 1136 5178 et
1148 5108 1227 5182 bele
1278 5127 1476 5185 rueramus,
1505 5107 1684 5193 interdum
1713 5111 1848 5199 prima,
1881 5136 1982 5206 saepe
2011 5117 2116 5193 etiam
2146 5124 2274 5194 media·

245 5220 363 5287 lorum
378 5215 628 5285 intestinorum
645 5213 744 5281 rabie
761 5215 821 5305 qni
843 5215 988 5296 vivunt,
1015 5231 1116 5298 aegre
1136 5209 1228 5277 effu·
1278 5221 1400 5290 nocte,
1425 5208 1516 5278 sicut
1538 5211 1613 5298 ipse
1635 5222 1783 5280 testatur
1793 5212 1953 5300 Plinius,
1976 5239 2014 5287 se
2034 5240 2114 5289 cum
2138 5245 2272 5296 somno

245 5319 368 5410 ἕξω,
401 5318 487 5409 quin
514 5313 650 5408 ,liquid
681 5316 923 5386 communium
954 5313 1128 5381 viciorum
1158 5309 1226 5399 ipsi
1278 5308 1519 5384 ualetudinem
1547 5309 1786 5400 computasse,
1823 5308 1891 5385 hoc
1923 5331 2012 5403 est,
2032 5343 2158 5394 somno
2183 5348 2271 5396 mon

245 5435 386 5514 quoque
403 5418 597 5500 imbibant,
623 5429 664 5487 ut
677 5440 752 5484 non
769 5417 872 5486 facile
891 5411 1225 5502 contagium-etim·
1279 5407 1359 5500 plus
1372 5411 1790 5502 temporisimpendisse,
1815 5438 1920 5506 quam
1941 5422 2143 5500 *valetudini
2159 5439 2274 5500 tuen*-

122 4231 130 4236 ·
247 4208 304 4277 rio
325 4202 493 4278 tredecim
520 4223 632 4269 annos
654 4200 753 4274 vixit.
806 4198 906 4268 Vidit
929 4193 1228 4290 posteaimmania
1282 4186 1341 4260 hic
1361 4191 1551 4260 dicendum
1573 4204 1756 4281 putarem,
1782 4212 1834 4268 cst
1848 4198 1946 4268 illius
1962 4202 2172 4275 incredibile
2187 4224 2270 4280 stu·
2347 4217 2348 4252 ;

247 4300 686 4390 sceleraCaiiCaligulae,
712 4297 873 4381 Claudii,
898 4300 1060 4371 Neronis.
1102 4293 1228 4366 Postea
1281 4293 1382 4362 dium
1408 4292 1547 4380 legendi
1573 4307 1607 4362 et
1630 4300 1827 4368 annotandi
1843 4323 1901 4385 ea,
1929 4327 2019 4395 quae
2038 4305 2133 4378 inter
2147 4310 2272 4400 legen-
2347 4369 2348 4376 ,
