4706 5818
233 260 311 372 sse
479 279 691 364 sonora
714 277 793 354 eu.
816 273 936 354 unu
962 271 1032 352 an
1056 273 1186 353 msc.
1209 270 1357 356 euos.
1379 269 1447 354 ur
1472 273 1664 357 curuos.
1689 271 2012 391 senoensem.
2181 284 2260 360 ooo

237 455 383 564 sperans
400 461 484 536 odio
498 449 660 548 Pompeii
674 449 806 524 lulium
820 449 898 521 lore
920 447 989 520 sibi
1009 448 1223 544 aequiorem.
1273 450 1390 542 imago
1405 450 1528 522 doceat
1542 472 1629 536 nos,
1652 443 1848 522 Ecclesiam
1863 471 1967 524 aereo
1982 451 2120 546 protegi
2135 467 2170 526 es
2185 477 2260 526 sar.

238 573 308 648 Sed
322 568 435 640 Iulius
458 557 624 658 praetulit
644 553 832 626 idumeum
847 549 1096 642 Antipatrum,
1122 549 1223 622 cuius
1273 553 1351 624 rari
1379 553 1472 622 inter
1495 545 1686 624 horribiles
1708 554 1831 624 ruinas
1854 552 2107 652 inflatorum,
2148 557 2257 630 asiam

238 669 447 767 sapientiam
478 676 514 736 et
539 660 644 730 tidem
675 654 860 750 probabat.
924 649 1002 726 Etsi
1034 652 1224 744 Antipater
1274 653 1476 725 destitutam
1492 648 1985 746 humauispraesidiiss.‘q¹‚

240 777 445 847 moderatos
460 777 553 849 erat,
577 775 696 832 tamen
715 753 835 827 ludaei
859 753 1086 847 impatienter
1107 755 1225 822 feren·
1376 751 1499 827 Rediit
1515 751 1676 824 Herodes
1691 755 1806 826 statim
1824 757 1862 826 in
1878 749 2018 852 Sy‘riam
2033 779 2114 828 cnm
2132 755 2259 831 Venti-

241 893 296 949 tes
327 869 557 968 peregrinum
588 859 795 938 dominum,
844 855 999 926 subinde
1033 855 1226 926 seditiones
1275 855 1336 927 dio
1358 855 1466 928 misso
1490 851 1840 939 adversusPartbos‚
1873 871 1907 928 et
1929 882 2131 952 quanquam
2159 882 2259 930 acce-

240 985 442 1048 moverunt.
491 958 680 1038 Ezechiam
697 961 823 1030 ducem
848 957 1097 1028 seditiosorum
1120 956 1225 1026 sorti·
1274 969 1374 1051 perat
1399 970 1533 1050 partem
1556 957 1739 1049 copiarum
1761 982 1781 1029 a
1803 957 1994 1044 Ventidio,
2024 973 2144 1032 tamen
2164 960 2257 1032 intra

243 1095 299 1153 ter
311 1070 484 1169 oppressit
499 1063 678 1147 Herodes,
703 1057 761 1131 cui
782 1070 881 1150 pater
897 1056 1096 1129 Galilaeam
1120 1070 1225 1129 tuen·
1275 1059 1462 1130 biennium
1494 1081 1701 1150 recuperare
1735 1057 1985 1158 lerosolymam
2019 1085 2093 1132 noa
2127 1063 2260 1154 potuit.

242 1185 324 1256 dam
340 1171 656 1247 commendaverat.
695 1160 821 1232 Postea
837 1159 1020 1230 interfecto
1036 1157 1130 1229 Iulio
1145 1183 1225 1230 curn
1276 1158 1415 1231 interea
1443 1159 1572 1230 milites
1601 1159 1640 1228 in
1669 1173 1818 1258 utraque
1844 1175 1944 1254 parte
1968 1163 2199 1234 trucidabant
2225 1175 2260 1233 et

244 1287 427 1375 sperarent
442 1267 579 1342 inimici
597 1261 777 1355 Antipatri
795 1283 924 1331 novam
944 1282 1062 1330 terrun
1077 1283 1226 1330 conver·
1276 1262 1476 1353 spoliabant
1488 1261 1619 1333 multos
1635 1259 1807 1344 inermes,
1832 1276 1867 1334 et
1880 1265 2075 1334 multorum
2091 1265 2262 1355 coniuges

244 1385 400 1462 sionem,
425 1384 571 1444 necatur
585 1365 774 1457 Antipater
788 1385 925 1433 veneno
941 1385 960 1432 a
974 1356 1141 1448 Malcho,
1163 1361 1226 1456 qni
1240 1441 1245 1456 ,
1277 1377 1312 1435 et
1333 1362 1425 1434 illias
1441 1363 1644 1456 rapiebant,
1665 1363 1753 1458 quia
1775 1365 1846 1434 dux
1862 1361 2000 1434 Herodi
2020 1367 2165 1436 additus
2180 1364 2261 1437 Silo

243 1507 328 1558 snm
356 1498 504 1570 regnum
534 1481 715 1564 appeteret
742 1461 864 1536 Cassio
893 1463 1111 1534 interfectori
1141 1459 1228 1534 iulii
1276 1464 1425 1557 pecnnia
1447 1477 1634 1558 corruptus
1658 1478 1734 1535 erat
1765 1465 1811 1536 ab
1832 1463 2027 1556 Antigono.
2093 1463 2261 1546 Tandem

243 1585 352 1658 misso
374 1579 413 1649 in
429 1573 570 1672 Syriam
590 1593 627 1640 se
649 1565 824 1640 adiunxit.
874 1563 945 1636 Sed
966 1561 1118 1652 cassias,
1132 1561 1227 1636 sedi·
1277 1589 1356 1636 cum
1372 1565 1552 1638 Antonius
1572 1564 1726 1638 venisset
1742 1566 1781 1636 in
1804 1564 1945 1662 Syriam
1967 1569 2093 1638 ducem
2113 1565 2262 1640 Sosium

247 1689 378 1761 tiorum
394 1676 578 1751 hominem
593 1665 780 1743 Malchum
794 1665 946 1736 interfici
961 1665 1073 1741 iussit.
1277 1689 1357 1738 cum
1384 1667 1523 1738 duabus
1553 1665 1754 1757 legionibus
1776 1664 1914 1738 Herodi
1943 1667 2118 1757 adiungit.
2185 1667 2265 1741 Has

239 1869 244 1880 Ι
346 1779 471 1854 Tertio
500 1797 596 1847 auno
624 1785 703 1864 post
731 1767 955 1841 interiectum
982 1765 1114 1838 lulium
1145 1787 1227 1837 cnm
1277 1767 1396 1861 copias
1426 1791 1506 1838 cum
1528 1767 1768 1839 coniunxisset
1790 1765 1951 1839 Herodes
1971 1793 2050 1840 cum
2072 1792 2138 1840 suo
2160 1792 2266 1841 exer·

245 1914 306 1964 rer
320 1879 535 1959 Parthorum
555 1883 712 1969 speraret
732 1893 769 1942 se
795 1869 992 1962 potiturum
1017 1891 1091 1939 esse
1112 1865 1227 1963 Syria,
1276 1869 1361 1954 citu,
1385 1867 1639 1964 lerosolymam
1655 1868 1815 1963 quinque
1828 1870 2009 1941 mensibus
2022 1869 2266 1956 circumsidet,

245 2014 326 2066 cum
350 2001 385 2058 et
406 1979 548 2057 Cassius
568 1977 641 2048 iam
661 1984 742 2068 post
770 1991 927 2064 pugnarn
955 1970 994 2039 iu
1014 1969 1227 2041 Macedonia
1277 1983 1312 2041 et
1337 1971 1439 2043 factis
1469 1971 1607 2064 aliquot
1630 1971 1773 2061 praeliis
1793 1984 1889 2044 sesto
1912 1993 2033 2044 mense
2054 1994 2132 2042 eam
2155 1973 2265 2064 capit,

246 2089 427 2188 periisset,
450 2078 598 2153 adduxit
611 2074 802 2146 exercitum
819 2071 859 2141 in
873 2070 1025 2166 Syriam.
1078 2069 1121 2140 ln
1145 2083 1231 2142 tan-1
1277 2072 1401 2143 eodem
1415 2071 1475 2142 die
1495 2086 1530 2144 et
1552 2093 1693 2156 mense,
1719 2096 1791 2166 quo
1812 2095 1889 2142 eam
1913 2086 2051 2162 ceperat
2066 2071 2266 2166 Pompeius

224 2225 225 2230 ¹
245 2196 293 2267 tis
307 2182 575 2264 confusionibus
588 2177 697 2253 totius
711 2173 809 2244 orbis
824 2189 998 2246 terrarum
1014 2195 1124 2243 novas
1149 2192 1229 2263 spes
1277 2184 1359 2243 ante
1381 2191 1494 2244 annos
1513 2185 1645 2266 septem
1668 2184 1703 2244 et
1723 2173 1862 2264 viginti.
1920 2172 2053 2264 Magna
2075 2176 2201 2244 caedes
2220 2177 2265 2244 in

247 2310 283 2367 et
306 2290 508 2379 Antigonus
535 2276 663 2360 habet,
694 2276 857 2368 impetrat
889 2272 1019 2344 auxilia
1048 2298 1068 2345 a
1092 2270 1227 2344 Pacoro
1277 2275 1469 2345 urbefacta
1483 2287 1546 2348 est.
1579 2273 1782 2362 Antigonus
1797 2273 1988 2346 abducitur
2002 2274 2264 2347 adAntouiurn

247 2418 331 2488 rege
351 2383 585 2468 Parthorum,
622 2392 657 2450 et
678 2376 928 2472 lerosolymam
960 2375 999 2444 in
1021 2372 1227 2447 Pentecoste
1277 2371 1526 2460 Antiochiam,
1552 2389 1588 2448 et
1600 2373 1650 2445 ibi
1667 2376 1811 2446 iubente
1827 2370 1989 2458 Antonio
2003 2389 2174 2471 tanquam
2192 2374 2264 2450 ho·

249 2505 415 2587 occupat,
446 2489 555 2580 litque
573 2503 742 2572 magnum
763 2477 938 2570 praelium
959 2477 1054 2546 iutra
1076 2472 1227 2547 moenia.
1277 2476 1340 2548 stis
1356 2477 1479 2570 populi
1493 2476 1649 2548 Romani
1663 2477 1775 2547 securi
1793 2499 1978 2568 percussus
1989 2490 2053 2552 est.

247 2597 411 2690 Cumque
425 2585 596 2661 Phaselus
611 2595 646 2653 et
660 2578 837 2652 Hircanus
854 2580 897 2648 ad
911 2575 1085 2648 Pacorum
1102 2577 1228 2647 fraude
1379 2575 1483 2649 Pacta
1500 2577 1608 2668 igitur
1625 2591 1659 2649 et
1677 2579 1780 2667 regni
1801 2592 1836 2651 et
1854 2577 1944 2670 regii
1965 2576 2122 2649 nominis
2141 2593 2265 2652 traus-

249 2695 396 2774 adducti
411 2702 545 2774 essent,
569 2705 632 2754 rex
643 2680 797 2752 Pacorus
819 2702 966 2769 regnum
984 2675 1133 2748 iudaeae
1153 2690 1228 2749 tra·
1278 2677 1410 2749 latione
1430 2681 1474 2750 ad
1504 2679 1724 2772 peregrinam
1751 2676 1897 2771 stirpem
1930 2703 2035 2750 nemo
2065 2692 2188 2770 postea
2221 2707 2263 2754 ex

248 2803 303 2874 dit
324 2793 526 2886 Antigono,
562 2797 598 2856 et
626 2783 757 2854 retinet
784 2781 941 2873 captivos
966 2777 1163 2849 Hircannm
1192 2790 1229 2848 ct
1278 2779 1388 2871 stirpe
1419 2774 1523 2850 Iuda
1556 2779 1728 2870 regnavit.
1800 2779 1990 2853 Summum
2020 2783 2263 2855 sacerdotium

247 2898 450 2986 Pbaselum.
510 2885 690 2959 Hircanns
721 2894 907 2955 truncatur
937 2881 1100 2965 auribus,
1130 2891 1166 2952 et
1187 2879 1227 2950 in
1279 2881 1383 2952 etiam
1407 2883 1581 2954 dederunt
1604 2903 1702 2972 reges
1721 2882 1852 2976 quibus
1872 2880 1980 2954 libuit
1999 2895 2123 2952 contra
2144 2883 2261 2974 legero

247 2997 400 3076 Parthos
423 2990 587 3064 mittitur.
641 2981 820 3056 *Phaselus
843 2982 1138 3054 contumeliarum
1158 2982 1229 3050 im·
1278 2979 1484 3052 Mosaicam.
1535 2980 1734 3053 Hircanum
1752 2982 1933 3055 revocavit
1949 2981 2109 3054 Herodes
2129 3008 2171 3054 er
2190 2983 2262 3056 Ba·

247 3103 386 3198 patiens
401 3097 443 3166 in
455 3088 608 3162 vinculis
623 3085 737 3178 capite
749 3084 852 3155 alliso
866 3087 910 3154 ad
926 3082 1105 3176 parietem,
1129 3105 1228 3152 mor·
1277 3082 1409 3177 bylone
1426 3083 1517 3153 datis
1528 3083 1737 3154 muneribus
1753 3084 1827 3174 regi
1836 3079 2070 3163 Parthorum,
2096 3087 2158 3155 sed
2175 3111 2264 3178 pro-

247 3221 321 3278 tem
339 3198 408 3274 sibi
422 3188 617 3266 consciscit.
1278 3196 1357 3276 pter
1379 3184 1640 3255 mutilationem
1660 3185 1800 3254 aurium
1825 3210 1900 3255 non
1925 3185 2078 3256 restitnit
2104 3185 2137 3254 ei
2160 3209 2263 3257 surn-

350 3299 490 3372 Interea
507 3310 633 3380 magno
650 3309 730 3357 curn
746 3283 904 3378 periculo
915 3282 1074 3374 ¹primurn
1089 3280 1127 3353 in
1141 3279 1227 3354 ldn-
1277 3307 1375 3355 mom
1397 3286 1642 3355 sacerdotium.
1700 3282 1827 3356 Postea
1846 3281 2125 3377 Octogenarium
2148 3289 2263 3358 inter-

248 3427 365 3480 meam
378 3398 517 3490 fugiens
532 3391 692 3462 Herodes
709 3387 828 3458 evasit.
885 3384 1010 3455 Postea
1032 3387 1075 3455 ad
1100 3386 1226 3456 urbem
1265 3385 1333 3481 ¹liei
1355 3385 1468 3458 iussit.
1530 3383 1671 3456 Delevit
1694 3401 1728 3460 et
1749 3409 1925 3457 summum
1940 3386 2110 3460 Senatum
2135 3393 2265 3481 populi

247 3508 402 3584 Romam
418 3496 579 3578 accessit,
604 3491 668 3562 ubi
685 3491 824 3560 laudata
848 3488 958 3579 patris
980 3487 1049 3555 fide
1070 3511 1150 3578 erga
1166 3484 1228 3557 lu·
1281 3485 1511 3572 ludaeorum,
1543 3489 1709 3559 videlicet
1732 3490 1951 3578 septuaginta
1975 3490 2065 3559 duos
2089 3490 2262 3574 seniores,

248 3611 361 3691 lium,
401 3616 435 3674 et
465 3603 736 3670 commemorata
765 3587 1121 3677 societate.Antigoni
1145 3611 1225 3658 curn
1278 3613 1383 3682 quem
1415 3589 1584 3661 Senatum
1616 3586 1738 3659 lrrdaei
1767 3593 2000 3660 nominarunt
2027 3583 2263 3677 Suulscffiu,

247 3703 410 3787 Parthis,
448 3697 650 3787 Antigonus
672 3691 850 3762 iudicatur
870 3689 982 3760 hostis
1006 3689 1128 3780 populi
1149 3687 1228 3762 Ro·
1278 3692 1450 3761 vocabulo
1465 3692 1555 3762 lacto
1568 3688 1758 3762 exGraeca
1773 3692 2011 3782 appellatione
2025 3687 2239 3784 συνέδριον.

249 3811 366 3892 mani,
404 3817 439 3874 et
459 3798 620 3870 Herodes
641 3816 702 3862 rex
728 3791 876 3862 ludaeae
905 3792 1114 3881 adpellatur.
1180 3785 1228 3862 Et
1287 3799 1291 3804 '
1378 3789 1469 3863 Cum
1489 3793 1740 3882 igiturmagna
1761 3793 1953 3863 multitudo
1974 3793 2097 3884 populi
2120 3817 2263 3864 errores

237 3925 407 4003 egressus
420 3927 462 3973 ex
477 3899 574 3970 curia
591 3894 727 3964 medius
742 3894 835 3962 inter·
850 3889 1047 3962 Antonium
1067 3887 1227 3962 etOcta-
1278 3889 1548 3965 Pharisaeorum
1564 3908 1597 3964 et
1614 3891 1883 3964 Zmlduceorum
1900 3897 2059 3983 amplexa
2080 3909 2192 3980 esset,
2226 3910 2262 3965 et

246 4015 367 4090 vium,
392 3991 900 4098 praecedentibusConsulibus
909 3991 1066 4063 Domitio
1077 3990 1229 4063 Calvino
1279 3996 1325 4082 iu,
1333 3996 1488 4066 adsiduis
1502 3995 1739 4065 seditionibus
1752 4008 1786 4065 et
1801 3995 1905 4064 bellis
1919 3994 2014 4064 inter
2038 3995 2167 4086 impios
2192 3997 2262 4066 mi-

205 4121 208 4132 '
248 4129 283 4186 ct
292 4107 418 4184 Asinio
433 4101 613 4184 Pollione,
638 4109 671 4167 et
688 4093 939 4165 comitantibus
954 4091 1227 4187 reliquisMagi-
1278 4095 1357 4166 lites
1373 4111 1542 4168 cresceret
1566 4092 1813 4188 prophanitas,
1843 4109 1877 4166 et
1892 4096 1996 4166 multi
2015 4096 2063 4186 pii
2083 4097 2263 4168 interfice-

249 4212 417 4288 stratibus
433 4219 468 4277 et
484 4198 715 4276 Senatoribus
735 4198 772 4267 in
789 4193 1005 4287 Capitolium
1027 4198 1070 4264 ad
1094 4196 1227 4265 sacriti-
1278 4210 1421 4279 rentur,
1443 4211 1476 4268 et
1496 4198 1613 4269 studia
1629 4219 1732 4266 verae
1753 4198 1937 4268 doctrinae
1953 4197 2261 4286 extingr‘rerentur,

249 4319 344 4387 cium
361 4306 560 4384 deducitur.
591 4297 690 4371 Haec
705 4312 780 4371 acta
796 4309 879 4368 suut
893 4318 988 4390 anno
1005 4311 1132 4390 quarto
1150 4311 1228 4388 post
1278 4323 1384 4392 quam
1405 4299 1512 4370 suerit
1529 4300 1652 4388 exigua
1674 4322 1755 4368 vera
1772 4293 1927 4369 Ecclesia
1944 4299 2172 4388 cogitandum
2197 4316 2261 4374 cst.

247 4414 474 4488 intersectum
490 4404 642 4486 lulium,
673 4415 754 4470 ante
776 4413 898 4469 natum
914 4393 1096 4468 Christum
1122 4398 1225 4469 trice·
1278 4400 1363 4471 Fuit
1386 4414 1502 4471 tamen
1523 4402 1661 4493 aliqua,
1691 4399 1728 4469 in
1752 4423 1822 4491 qua
1843 4412 2047 4469 manserunt
2069 4401 2131 4470 lux
2156 4425 2261 4470 verae

248 4521 339 4591 simo
363 4511 522 4605 septimo.
590 4501 736 4574 initium
759 4501 853 4571 enim
878 4499 978 4588 regni
999 4497 1152 4571 Herodis
1182 4501 1228 4570 ab
1278 4502 1461 4572 doctrinae
1476 4499 1611 4574 deDeo
1626 4502 1719 4573 etde
1735 4499 1810 4571 filio
1825 4498 1913 4580 Dei.
1934 4503 1979 4570 de
1995 4501 2088 4590 lege,
2113 4504 2160 4570 de
2175 4527 2261 4592 pro·

247 4616 316 4691 hoc
333 4637 427 4687 anno
445 4608 615 4691 sumitur,
639 4627 710 4698 quo
725 4625 819 4672 rera
838 4599 969 4672 Senatu
983 4599 1148 4674 Romano
1164 4604 1226 4672 ad·
1279 4604 1445 4675 missione
1465 4606 1618 4693 gratiae,
1645 4605 1689 4671 de
1714 4601 1806 4670 veris
1828 4603 2001 4679 cultibus,
2035 4616 2068 4671 et
2092 4627 2176 4671 vera
2192 4601 2259 4672 Dei

247 4720 397 4810 peilatus
409 4727 470 4787 est.
520 4708 657 4780 interea
675 4704 714 4772 in
728 4697 855 4772 Iudaea
875 4717 998 4792 regnat
1015 4703 1227 4792 Antigonus,
1278 4704 1473 4785 invocatio,
1499 4718 1534 4775 et
1553 4705 1657 4775 initia
1681 4704 1803 4776 salutis
1827 4718 2007 4788 aeternae,
2039 4704 2174 4776 scilieet
2190 4704 2261 4776 Za-

248 4834 282 4890 ct
303 4840 449 4908 regnum
466 4832 578 4882 annos
599 4806 758 4901 quinque
775 4801 902 4877 tenuit.
953 4803 1023 4875 Sed
1050 4803 1142 4874 inter
1163 4806 1227 4874 ad·
1277 4801 1434 4892 char-ias,
1471 4803 1654 4890 Elisabet,
1699 4805 1866 4884 Simeon,
1912 4818 2075 4895 parentes
2106 4804 2262 4888 Mariae,

248 4923 350 4992 sidua
373 4917 486 4999 bella,
521 4925 555 4984 ct
573 4911 666 5013 inter
686 4920 802 4977 tantas
825 4906 1040 4976 vastationes
1064 4919 1099 4977 et
1122 4919 1227 4996 petu-
1278 4905 1396 4978 Maria
1422 4907 1540 4997 virgo,
1578 4929 1679 4979 soror
1708 4907 1803 4992 eius,
1830 4920 1870 4978 et
1892 4921 2013 4978 coetus
2038 4907 2102 5001 qni
2129 4901 2260 4978 horum

248 5021 397 5093 lantiam
420 5015 595 5092 militnm,
632 5007 697 5102 qui
725 5030 766 5077 er
788 5006 1040 5076 crudelissimis
1063 5008 1227 5096 gentibus
1277 5010 1475 5081 doctrinam
1498 5010 1679 5101 amplexus
1699 5022 1761 5082 est.

135 5133 141 5146 ‘
248 5119 387 5194 collecti
410 5129 530 5198 eraut,
559 5110 717 5194 ludaeis,
750 5103 911 5188 Parthis,
937 5108 1133 5192 Arabibus,
1159 5107 1227 5202 Sy·
1379 5109 1690 5192 Sciamusantem,
1713 5107 1805 5204 illud
1821 5119 1959 5200 tempus
1977 5109 2168 5200 imaginem
2184 5127 2261 5176 esse

248 5225 351 5295 riacis
382 5233 416 5290 et
443 5213 641 5294 Romanis,
676 5209 828 5280 familias
861 5209 936 5296 pias
964 5225 1002 5280 ut
1025 5205 1227 5296 Zachariae,
1276 5206 1386 5282 buius
1407 5225 1565 5283 senectae
1589 5211 1736 5295 mundi,
1767 5209 1807 5279 iu
1830 5233 1898 5304 qua
1920 5209 2026 5282 etiarn
2047 5207 2262 5280 universalis

243 5320 443 5405 Simeonis,
467 5324 653 5408 parentum
670 5308 827 5390 Mariae,
854 5323 888 5380 et
904 5311 1035 5381 similes
1055 5325 1227 5402 protectas
1276 5312 1579 5404 mutatioxgeneris
1595 5306 1795 5383 humauiin
1817 5325 2006 5404 conspeetu
2029 5325 2092 5383 est.
2142 5307 2263 5380 Latis-

246 5439 282 5494 et
302 5435 455 5494 servatas
478 5436 551 5486 esse
576 5411 679 5480 valde
702 5411 829 5482 mirum
854 5427 917 5486 est.
982 5409 1115 5485 Verum
1142 5407 1227 5486 haee
1276 5414 1364 5487 sime
1385 5426 1532 5503 vagatur
1553 5414 1716 5488 doctrina
1730 5406 1994 5486 Mouscborum
2011 5425 2045 5486 et
2058 5410 2196 5504 Papae,
2219 5423 2263 5480 nt

1341 5640 1376 5709 f.
