4726 5828
82 281 160 359 aas
289 233 294 236 ’
555 227 558 233 ’
663 267 1531 396 uncnnnscnouaaosroon.
2040 239 2186 357 170'

185 451 393 543 'Pentapore
405 449 483 523 istis
504 449 746 524 nebulonibus
764 451 880 536 dolet,
906 472 971 521 nos
993 450 1076 520 illos
1125 447 1245 540 plinae
1260 449 1410 518 formam
1423 461 1654 533 mutaremus,
1681 447 1776 542 quod
1793 449 1974 520 vanissimi
1991 444 2112 520 bomi-

79 580 155 626 non
177 577 264 624 suae
285 551 478 642 flagitiosae
501 553 648 623 libidini
673 565 707 623 et
720 559 724 568 '
739 550 925 645 cupiditati
961 553 1075 622 relin-
1124 573 1187 619 nes
1204 573 1310 644 quarn
1326 551 1549 622 illiberaliter
1564 549 1898 636 comminiscantur,
1922 565 1957 622 et
1973 575 2047 632 res,
2074 567 2109 624 et

77 681 208 752 quere,
233 656 295 725 sed
312 655 427 744 legum
443 655 592 745 imperio
607 656 702 748 ipsos
717 667 779 725 ant
796 678 837 724 ex
853 651 984 725 Bacchi
1000 653 1073 724 cel·
1123 652 1254 722 factum
1279 665 1440 722 nostrum
1462 652 1653 722 clarissime
1673 651 1890 744 loquuntur,
1917 654 1990 723 sive
2013 677 2109 724 mer-

77 760 122 828 lis
149 771 185 830 et
206 752 341 826 Circeis
371 756 483 828 antris
510 755 551 825 in
581 757 696 826 lucem
727 752 926 841 retrabere,
969 756 1071 826 etad
1123 755 1243 823 cedern
1258 753 1338 847 quis
1352 753 1604 836 institutionis,
1628 752 1702 822 sive
1715 753 1895 838 mulctam,
1920 777 2009 847 quae
2023 777 2108 847 par-

77 859 276 952 depositam
294 855 412 938 oflicii
436 879 556 927 curam
579 881 764 938 revocare,
795 870 859 928 aut
882 881 924 926 ex
943 877 1069 927 somno
1121 855 1211 925 tium
1234 877 1377 924 suarum
1401 855 1641 924 desertoribus
1670 854 1821 940 dicitur,
1851 868 1990 945 spectet.
2048 853 2105 926 Ex
2192 849 2195 856 ’

77 975 113 1032 et
125 974 277 1050 veterno,
290 957 454 1044 excitare,
479 961 573 1028 etad
591 959 764 1048 neglectas
779 959 938 1029 discendi
954 974 1070 1051 partes
1121 956 1305 1048 discipulis
1323 955 1419 1024 enim
1434 955 1573 1026 nobiles
1585 968 1621 1026 et
1637 954 1776 1045 patricii
1794 956 2049 1042 adolescentes,
2073 957 2106 1025 si

76 1064 259 1145 reducere,
285 1071 458 1130 autasua
471 1059 623 1145 levitate
649 1073 684 1130 et
699 1060 848 1144 inscitia,
876 1063 1068 1154 quamodo
1119 1058 1291 1128 fortunati
1313 1071 1348 1128 et
1371 1058 1563 1149 locupletes
1580 1070 1685 1141 stant,
1710 1070 1862 1151 quatuor
1881 1069 2020 1128 tanturn
2039 1079 2105 1128 au-

76 1160 171 1248 huc,
208 1162 316 1231 modo
346 1160 433 1230 illuc
460 1161 734 1243 auferebantur,
774 1164 820 1233 ad
852 1161 1068 1232 constantiae
1119 1182 1197 1228 reos
1209 1155 1406 1231 Rhenanus
1430 1183 1509 1228 cum
1534 1158 1702 1242 dimidio,
1736 1159 1766 1227 si
1789 1158 1967 1228 inferioris
1985 1161 2103 1229 fortu-

77 1263 238 1336 studium
252 1275 286 1332 et
301 1263 511 1353 prudentrae
526 1285 656 1333 munus
670 1265 867 1335 traducere
911 1263 985 1352 Qut
999 1287 1068 1332 mr
1119 1281 1185 1330 nae
1211 1273 1245 1331 et
1261 1261 1331 1329 loci
1347 1273 1448 1345 sunt,
1473 1273 1562 1340 tres,
1582 1259 1638 1328 vel
1654 1261 1762 1344 duos,
1787 1261 1844 1330 vel
1860 1255 1972 1346 nihil,
2002 1283 2032 1328 ιι
2046 1281 2103 1330 res

77 1365 148 1436 seri
174 1359 353 1448 homines,
379 1386 450 1455 quo
470 1375 554 1433 sunt
575 1385 685 1434 anrmr
700 1379 864 1457 stupore
890 1378 923 1434 et
937 1365 1067 1435 mentre
1117 1363 1275 1454 ipsorum
1292 1363 1342 1431 sic
1364 1363 1535 1452 postulat,
1560 1385 1625 1452 pro
1646 1374 1746 1432 tanto
1769 1361 2004 1432 institutionis
2026 1361 2104 1454 pri-

76 1465 326 1559 perversitate,
370 1487 445 1532 non
467 1464 617 1550 vident,
641 1467 727 1558 quid
753 1467 798 1538 sit
818 1479 879 1537 aut
908 1465 1066 1552 libertas,
1117 1478 1216 1535 votae
1242 1464 1363 1533 labore
1388 1476 1589 1532 numerant.
1653 1461 1743 1531 Nam
1770 1463 1941 1533 divitibus
1968 1477 2002 1534 et
2026 1485 2103 1532 me-

75 1570 138 1638 ant
152 1566 322 1649 servitus,
348 1589 411 1657 qur
400 1561 628 1636 Academias
643 1567 823 1640 somniant
841 1562 977 1638 theatra
993 1591 1066 1637 esse
1118 1564 1248 1635 diocris
1262 1565 1425 1636 fortunae
1440 1564 1722 1634 adolescentibus
1739 1564 1895 1654 precium
1914 1563 2027 1635 nostri
2048 1564 2103 1634 la·

76 1667 265 1746 licentiae,
291 1678 327 1735 et
348 1664 543 1759 Cyclopum
569 1668 726 1758 agmina,
756 1669 795 1736 in
819 1669 948 1762 quibus
969 1669 1066 1753 vitia,
1116 1667 1212 1737 boris
1227 1689 1301 1733 non
1325 1689 1429 1734 avare
1453 1666 1656 1749 statuimus,
1683 1677 1718 1734 et
1738 1665 1952 1757 pauperibus
1974 1666 2013 1734 in
2035 1659 2104 1735 hac

74 1769 248 1840 libidines
273 1779 308 1836 et
332 1767 464 1856 flagitia
486 1769 625 1854 omnia,
650 1793 715 1840 nec
731 1769 820 1855 iuri,
846 1791 911 1838 nec
928 1769 1065 1859 legibus
1115 1765 1303 1840 Academia
1318 1789 1459 1836 omnem
1478 1776 1635 1838 nostram
1653 1790 1816 1856 operam,
1840 1791 1929 1858 quae
1944 1781 1978 1837 et
1998 1766 2105 1836 insti-

74 1872 159 1941 ullis
176 1858 350 1952 subiecta,
375 1869 574 1952 dominari,
600 1883 635 1940 et
649 1870 840 1963 imperium
861 1885 980 1940 tenere
1002 1871 1065 1940 de·
1116 1868 1264 1941 tutionis
1287 1882 1321 1938 et
1343 1869 1551 1959 disciplinae
1572 1889 1675 1936 causa
1689 1868 1911 1958 suscipienda
1927 1881 1997 1952 est,
2021 1891 2102 1958 gra·

74 1974 202 2055 beant,
226 1993 292 2038 nec
307 1968 512 2057 intelligunt
528 1970 608 2038 illas
621 1971 670 2040 ita
686 1973 913 2058 constitutas,
938 1985 977 2043 ut
991 1973 1065 2042 sint
1115 1971 1181 2056 tis,
1201 1982 1246 2040 ut
1274 1970 1524 2041 beneficentiae
1550 1982 1585 2039 et
1607 1963 1839 2058 humanitatis
1860 1969 1953 2057 leges
1978 1982 2102 2060 postn-

73 2071 260 2160 religionis
277 2069 427 2160 templa,
454 2083 487 2152 et
502 2071 678 2141 bonarum
696 2073 824 2143 artium
841 2086 875 2144 et
890 2074 1063 2144 virtutum
1115 2074 1211 2157 lant,
1236 2071 1389 2160 benigne
1411 2094 1549 2162 semper
1571 2070 1819 2161 praestitimus.
1872 2067 1968 2139 Tum
1986 2091 2101 2161 poena

75 2171 282 2254 domicilia,
320 2169 513 2263 inquibus
545 2171 701 2243 libertati
725 2174 940 2265 amplissima
966 2177 1064 2244 sedes
1115 2197 1204 2268 quae
1226 2172 1366 2242 violatis
1389 2173 1525 2262 legibus
1546 2172 1639 2263 apud
1665 2194 1730 2240 nos
1751 2173 1874 2255 datur,
1913 2173 1962 2242 ita
1990 2193 2101 2264 parva

75 2274 248 2344 collocata
270 2284 339 2356 est,
366 2294 455 2388 quae
479 2285 511 2341 et
534 2275 630 2390 apud
653 2297 736 2360 nos,
767 2288 809 2346 ut
830 2275 973 2356 virtuti,
1007 2276 1064 2346 cui
1115 2288 1184 2358 est,
1209 2287 1251 2344 ut
1272 2286 1475 2345 constanter
1498 2273 1673 2343 affirmare
1700 2275 1910 2344 auderemus
1931 2275 1970 2342 in
1990 2272 2102 2344 nullis

74 2398 213 2466 semper
237 2395 341 2442 suum
373 2372 446 2454 ius,
486 2385 521 2443 et
549 2375 736 2470 impunita
755 2376 916 2446 omnium
944 2400 1064 2447 rerum
1115 2371 1253 2448 Scholrs
1267 2399 1440 2444 minorem
1456 2399 1539 2444 esse

73 2475 241 2558 libertas,
289 2473 339 2542 sic
373 2472 494 2565 probis
527 2476 809 2547 adolescentibus
839 2477 1064 2572 relinquitur,
1216 2475 1286 2546 Sed
1308 2477 1383 2561 illi,
1387 2477 1481 2574 qui
1504 2479 1547 2544 de
1571 2488 1693 2545 nostro
1721 2489 1756 2545 et
1780 2471 1930 2546 scholae
1952 2444 2103 2545 nomine

75 2600 171 2670 qnae
189 2575 338 2694 quidem
360 2587 512 2664 potestas
531 2589 599 2661 est,
627 2591 662 2648 et
683 2579 847 2664 vivendi,
880 2593 915 2650 et
937 2579 1065 2649 utendi
1115 2572 1325 2663 detrahunt,
1359 2601 1478 2647 veram
1504 2577 1558 2645 sui
1581 2576 1716 2646 doloris
1739 2589 1774 2645 et
1795 2577 1991 2646 calumniae
2016 2600 2100 2646 cart-

73 2678 232 2770 propriis
259 2677 386 2760 rebus,
416 2689 456 2747 ut
477 2676 557 2768 quis
579 2677 682 2763 velit,
710 2681 824 2750 seda
855 2671 1064 2770 disciplinae
1114 2701 1188 2748 sam
1212 2679 1456 2760 dissimulant,
1482 2703 1571 2771 quae
1592 2673 1677 2747 haec
1701 2689 1770 2762 est,
1796 2679 1926 2772 quod'
1914 2677 2000 2769 apsis
2023 2701 2099 2745 non

75 2781 179 2849 cultu
204 2791 241 2847 et
260 2777 378 2866 legum
392 2776 549 2846 custodia
566 2801 640 2845 non
653 2792 822 2871 separata
872 2779 953 2848 Non
969 2805 1063 2848 enam
1114 2780 1487 2869 ampliusconceditur
1508 2780 1656 2849 liberior
1679 2779 1740 2848 illa
1764 2780 1907 2848 vivendi
1929 2779 2038 2856 ratio,
2064 2789 2099 2847 et

75 2878 225 2948 licentra
242 2892 291 2948 est
307 2879 479 2946 vrrtutum
494 2900 635 2964 secura
660 2893 696 2951 et
709 2881 941 2972 turpitudinis
955 2896 1065 2951 secta-
1114 2881 1210 2972 quod
1224 2874 1289 2949 hac
1306 2880 1513 2969 disciplinae
1528 2883 1758 2950 renovatione
1774 2906 1813 2949 er
1834 2904 1899 2950 suo
1925 2880 1989 2949 illo
2012 2880 2098 2950 libi·

16 3025 21 3035 ι
74 2981 166 3062 trix,
194 2991 234 3047 ut
255 2979 310 3046 illi
334 2978 424 3063 suci,
450 2990 485 3047 et
505 2980 618 3048 nostra
634 2981 771 3052 ordinas
786 2981 943 3051 maculae
959 2984 1064 3053 stulte
1114 2981 1260 3066 dinum,
1282 2995 1317 3052 et
1340 3003 1524 3074 nequiciae
1543 3004 1652 3070 regno
1676 2983 1885 3065 eiiciuntur,
1911 2995 1943 3051 et
1961 2980 2099 3072 adpre
2162 3023 2164 3036 ·

74 3080 279 3164 somniant,
309 3079 372 3172 qui
394 3092 577 3170 tantopere
599 3082 769 3168 delirant,
792 3097 832 3155 ut
853 3107 949 3168 eam,
974 3106 1064 3176 quae
1113 3083 1194 3152 tatis
1217 3096 1349 3173 partes,
1379 3096 1415 3153 ct
1446 3084 1490 3151 ad
1524 3095 1656 3152 caetera
1686 3081 1876 3168 laudabilis
1905 3082 2101 3178 iuventutis

73 3184 223 3252 libertas
240 3193 292 3251 est
306 3180 510 3251 servitutem
527 3183 722 3272 appellent,
752 3199 786 3255 et
809 3197 932 3254 contra
954 3185 1065 3254 servi·
1114 3183 1227 3252 officia
1251 3207 1287 3253 se
1307 3184 1462 3274 recipere
1486 3197 1670 3272 coguntur.
1728 3181 1809 3253 Hoc
1828 3183 1931 3254 aliter
1952 3183 2098 3254 assuetis

75 3296 188 3352 tutem
204 3281 377 3351 libertatis
392 3281 469 3351 loco
485 3276 648 3358 habeant.
1113 3308 1187 3352 non
1211 3307 1333 3374 parum
1357 3285 1470 3366 dolet,
1511 3308 1576 3354 nec
1604 3285 1729 3356 leviter
1754 3309 1813 3353 eos
1834 3297 1984 3369 movet,
2012 3280 2100 3354 irinc

178 3381 271 3452 Nam
289 3405 368 3450 cum
384 3382 470 3473 ipsis
485 3383 702 3472 permittitur
719 3383 905 3454 beluinum
928 3386 1064 3478 appeti·
1112 3385 1195 3454 illae
1217 3383 1436 3478 lachrymae,
1477 3399 1511 3455 et
1532 3387 1643 3455 multa
1667 3400 1787 3454 contra
1814 3410 1877 3455 nos
1901 3386 2097 3476 mendacia.

76 3497 173 3568 tum,
208 3495 243 3553 et
260 3505 381 3552 coecos
397 3483 508 3551 animi
523 3497 642 3555 motus
658 3485 697 3553 in
712 3487 928 3576 voluptatem
944 3487 1064 3556 illece-
1114 3485 1221 3566 Tum,
1245 3487 1339 3578 quod
1356 3485 1515 3578 plerique
1532 3487 1900 3556 exaediculiscivium
1917 3487 2100 3556 indamus

76 3586 151 3655 bris
171 3583 333 3676 undique
355 3583 595 3669 assumendis,
621 3598 655 3654 et
670 3586 709 3653 in
724 3586 875 3655 libidine
892 3589 1063 3679 explenda
1113 3582 1263 3658 Scltolae
1282 3587 1533 3670 traducuntur,
1560 3583 1626 3655 hoc
1647 3611 1721 3655 ιιοιι
1741 3611 1874 3657 novum
1896 3587 2097 3672 inventum,

77 3689 126 3758 ita
150 3687 261 3755 duces
283 3684 400 3776 sequi,
425 3697 466 3755 ut
490 3684 588 3753 nulla
610 3686 702 3776 lege,
725 3687 897 3779 nulloque
915 3688 1063 3779 imperio
1113 3691 1174 3757 sed
1192 3699 1290 3757 vetus
1306 3687 1515 3777 disciplinae
1538 3689 1575 3756 in
1599 3683 1664 3758 hac
1678 3685 1867 3756 Academia
1886 3687 2096 3778 capitulum.

76 3791 242 3876 impurus
266 3785 407 3856 animus
430 3808 450 3854 a
475 3786 652 3877 nequitia,
687 3788 979 3881 turpitudineque
1006 3814 1064 3860 re·
1111 3789 1201 3860 Nam
1218 3789 1329 3857 nostri
1345 3789 1495 3858 maiores
1510 3789 1578 3857 viri
1595 3791 1795 3878 prudentes,
1817 3801 1850 3858 et
1860 3783 2096 3859 scholasticae

29 3931 36 3938 ·
75 3889 257 3966 tardetur,
296 3901 373 3957 tum
395 3886 465 3956 sibi
486 3886 645 3976 placent,
684 3901 719 3958 et
742 3911 778 3958 se
799 3911 883 3961 vera
902 3891 1065 3961 libertate
1111 3890 1375 3980 gubernationis
1392 3890 1496 3982 periti
1514 3891 1719 3961 iudicabant
1738 3892 1914 3960 beneere
1928 3891 2097 3961 iuventu-

76 3990 151 4060 leui
167 3987 345 4058 somniant
361 3986 479 4057 insani
493 3983 713 4074 homunculi
736 4013 811 4059 non
828 3991 1063 4080 intelligentes
1111 3994 1157 4063 tis
1174 4014 1267 4073 esse,
1289 3991 1400 4083 ipsam
1428 3994 1566 4061 easdem
1589 3993 1742 4062 incolere
1765 3994 1868 4074 aedes
1888 4015 1971 4062 cum
1991 4015 2096 4085 prae-

77 4116 112 4162 se
126 4089 369 4159 foedissrmam
385 4087 589 4160 servantem
596 4113 676 4208 'pro
697 4113 803 4163 aurea
821 4091 882 4161 illa
901 4093 1065 4165 libertate
1112 4093 1331 4184 ceptoribus‚
1362 4106 1397 4162 et
1419 4092 1458 4161 in
1480 4117 1603 4164 eorum
1625 4107 1815 4183 conspectu
1837 4108 1872 4164 et
1898 4094 2035 4179 rivere,
2060 4105 2094 4162 et
2139 4127 2140 4130 ¹

76 4189 268 4271 admirari,
294 4188 523 4279 etamplecti,
545 4191 607 4282 qui
625 4215 666 4261 eo
682 4215 794 4285 usque
813 4216 932 4264 rerum
950 4194 1065 4287 impe·
1113 4194 1244 4264 versari
1269 4195 1307 4261 iu
1329 4193 1452 4269 literis.
1503 4193 1628 4265 Nam
1617 4219 1654 4262 ιιι
1672 4195 1872 4266 civitatibus
1889 4193 2094 4265 celebriori-

76 4293 154 4377 riti,
192 4303 234 4360 ut
254 4290 326 4359 suis
346 4289 533 4359 calumniis
559 4313 698 4363 severae
720 4294 856 4379 laudis,
896 4307 930 4365 et
951 4295 1064 4367 iustae
1112 4298 1198 4379 bus,
1222 4291 1447 4378 utbaecest,
1470 4296 1603 4364 variam
1620 4296 1794 4366 malorum
1811 4319 1942 4380 escam,
1965 4295 2094 4384 etpln-

75 4386 363 4485 reprehensionis
376 4392 493 4474 rudes,
519 4403 554 4460 et
569 4392 710 4482 ignaros
725 4396 976 4480 demonstrent,
999 4421 1064 4466 nee
1113 4397 1201 4466 rima
1216 4395 1436 4464 libidinum
1427 4397 1655 4467 invitamenta
1670 4421 1744 4467 esse
1759 4398 1938 4480 videbant,
1964 4396 2097 4490 quibus

76 4493 178 4584 digni
207 4515 361 4609 quorum
391 4493 584 4563 mendaciis
606 4494 769 4586 pluribus
796 4498 1064 4585 respondeatur,
1112 4522 1157 4566 ne
1174 4497 1384 4566 mirandem
1401 4511 1462 4567 aut
1477 4497 1569 4566 vitae
1587 4499 1775 4568 discrimen
1798 4498 2033 4580 illicerentur,
2059 4509 2095 4564 et

76 4599 136 4668 sed
151 4617 218 4687 qur
207 4591 326 4684 pelle
342 4592 398 4662 vel
416 4594 527 4684 porci,
553 4595 610 4664 vel
626 4617 716 4665 asam
732 4609 906 4686 tegantur
933 4610 968 4668 et
982 4623 1062 4669 cum
1111 4600 1182 4669 ab
1172 4598 1333 4667 rnstrtuto
1350 4598 1508 4667 discendr
1522 4622 1625 4670 cursu
1641 4599 1914 4682 abducerentur
1940 4596 2097 4666 occasio-

75 4697 214 4793 gryllo,
254 4718 316 4786 qur
304 4693 475 4764 foedam
498 4695 638 4768 belluae
659 4711 807 4782 sortem,
840 4719 945 4792 qaam
970 4700 1064 4769 divi·
1113 4724 1194 4768 nem
1210 4697 1315 4783 mali,
1342 4694 1504 4768 hommes
1517 4703 1709 4792 prudentes
1723 4699 1868 4777 llorentr
1886 4697 2012 4783 aetati,
2037 4721 2095 4768 re-

76 4823 161 4869 nam
177 4791 337 4866 hominis
358 4795 599 4867 conditionem
617 4797 793 4886 maluit,
781 4795 1065 4872 ruharamcon-
1111 4787 1341 4894 linquendam
1367 4809 1441 4870 noir
1466 4815 1650 4891 putarunt,
1689 4826 1777 4894 quae
1805 4812 1844 4867 ut
1873 4799 2006 4886 furem,
2045 4801 2096 4871 ita

76 4901 279 4976 eludantur
1112 4925 1283 4995 nequam,
1305 4916 1339 4972 et
1355 4901 1558 4993 improbum
1576 4904 1668 4972 facit.
1721 4901 1840 4988 Quare
1856 4902 2097 4972 adolescentes

179 4997 257 5072 Alu
271 4997 423 5086 lincunt
448 5011 482 5068 et
498 5000 683 5090 divulgant
696 4995 788 5071 hanc
801 4997 1063 5074 nostraeScho-
1111 5027 1185 5080 non
1202 5026 1266 5093 per
1282 5026 1405 5073 omnes
1418 5026 1513 5072 vreos
1527 5003 1677 5072 crvrtatrs
1693 5023 1831 5092 sparsos
1845 4995 2015 5087 babitare
2034 5007 2095 5072 sed

77 5102 130 5171 lae
145 5097 406 5189 reparationem
423 5121 497 5170 esse
519 5103 693 5173 avariciae
715 5115 805 5189 rete,
839 5116 875 5174 at
896 5105 1064 5195 pecuniae
1112 5100 1312 5175 rnScholae
1325 5107 1430 5174 aedes
1443 5125 1672 5191 commigrare
1689 5103 1891 5188 voluerunt,
1917 5107 2011 5196 quod
2028 5100 2096 5173 hoc

77 5200 288 5292 aucupium,
313 5196 410 5292 quod
427 5225 501 5270 non
517 5196 667 5273 Scholae
681 5205 820 5290 studio,
845 5228 919 5274 non
935 5205 1064 5274 iuven·
1112 5202 1393 5275 adolescentibus
1408 5218 1444 5275 et
1460 5204 1568 5274 tutius
1594 5218 1627 5272 et
1648 5204 1769 5273 utilius
1791 5227 1864 5274 esse
1881 5207 2096 5274 iudicarunt.

79 5303 163 5372 tutis
185 5301 317 5385 salute,
349 5325 424 5371 non
447 5302 600 5396 denique
619 5305 726 5374 officii
746 5306 858 5377 nostri
880 5306 1073 5395 religione,
1112 5305 1199 5376 Plus
1214 5305 1310 5374 enim
1326 5307 1557 5375 conductores
1580 5305 1653 5374 fere
1680 5306 1833 5392 civibus,
1859 5327 1963 5398 quam
1982 5301 2100 5375 Scito-

78 5405 137 5474 sed
162 5417 328 5496 quaestus
352 5403 544 5496 cupiditate
567 5405 713 5478 adducti
732 5405 863 5495 simus,
893 5422 933 5482 ut
955 5407 1065 5478 disei-
1113 5408 1167 5478 lae
1182 5409 1339 5500 pendere
1352 5417 1537 5496 coguntur.
1590 5404 1820 5504 Quapropter
1836 5400 1928 5476 hanc
1944 5419 2099 5477 veterem
2129 5407 2135 5420 ‘
