4620 5808
72 301 156 379 aas
308 227 317 240 ’
771 285 1416 371 tormomcosoamoms.
2028 302 2105 380 ssa

175 471 216 544 2.
247 458 777 562 massmannum,
803 477 1062 561 quoreguante
1213 464 1250 539 8.
1281 459 1392 554 Regis
1417 455 1646 558 Philadelphi
1669 467 1764 542 tilius
1785 468 1856 541 fuit
1876 466 2099 544 Ptolemaeus

73 598 147 670 pax
162 571 203 642 in
220 568 383 667 Aegypto
401 569 482 644 fuit.
537 566 700 662 Cumque
720 581 822 640 autea
845 568 885 638 in
900 562 1062 662 Aegypto
1110 560 1312 656 Euergetes.
1365 561 1495 638 lutolit
1517 567 1652 638 bellum
1674 570 1816 661 regibus
1832 568 1988 664 Syriacis
2013 597 2099 665 pro·

71 675 320 748 doctrinarum
348 669 520 762 possessio
550 683 688 742 tantum
721 692 829 761 penes
865 672 1062 740 sacerdotes
1110 681 1191 758 pter
1205 665 1425 740 interfectam
1439 664 1653 753 Bereniceo,
1677 695 1768 765 quae
1784 672 1853 744 luit
1867 675 1968 744 soror
1980 669 2095 748 Ever-

71 790 193 863 esset,
211 787 246 846 et
267 773 390 862 lingua
415 795 458 842 ac
478 771 592 843 literis
605 765 792 865 Aegyptiis
806 770 1060 857 contineretur,
1109 782 1227 863 getae,
1267 781 1308 839 nt
1337 767 1512 858 praedixit
1535 767 1674 840 Daniel.
1739 769 1787 845 Et
1815 797 1921 866 supra
1952 792 2094 850 narrata

70 875 183 953 huius
198 873 451 966 regiscousilio
466 873 648 944 doctrinae
663 874 702 942 iu
712 869 884 944 Graecam
900 872 1059 962 linguam
1108 883 1191 940 sunt
1211 868 1420 961 parricidia,
1454 891 1544 962 qtae
1564 873 1724 943 fecerunt
1738 872 1905 945 Seleucus
1918 869 2092 950 Καλλίνι-

71 979 268 1052 translatae
291 987 393 1061 sunt,
425 988 461 1047 et
479 973 641 1046 instituta
664 988 749 1047 suut
770 973 886 1046 studia
903 967 1059 1043 Alexan·
1107 965 1552 1065 uocetAntiochus‘le‘pui.
1605 970 1765 1068 Cumque
1773 971 2092 1070 Antiochus‘lc'pat

70 1081 196 1166 driae,
232 1077 296 1150 ubi
314 1077 477 1168 deinceps
500 1075 703 1146 communia
724 1074 870 1146 fuerunt
891 1074 1059 1146 omnibus
1106 1072 1230 1163 pulsos
1245 1069 1425 1146 aScleuco
1441 1073 1586 1164 fugisset
1600 1075 1648 1144 sd
1657 1071 1885 1168 Euagrum,
1909 1077 1961 1148 ibi
1975 1079 2090 1150 inter-

68 1184 207 1255 disccre
228 1179 451 1262 volentibus,
485 1189 609 1248 etrex
635 1175 795 1270 undique
816 1177 938 1248 doctos
962 1176 1057 1248 viros
1105 1175 1219 1247 fectus
1235 1186 1298 1248 est.

69 1279 268 1356 accersivit.
311 1271 569 1350 Bibliothecam
586 1276 753 1348 iustruxit
768 1277 1057 1368 copiosissimam,
1206 1273 1333 1347 Studia
1373 1275 1616 1348 doctrinarum
1657 1277 1819 1348 instituta
1860 1274 2090 1375 Philadelphi

69 1398 107 1458 ct
130 1379 322 1478 inquisivit
344 1381 439 1470 apud
470 1378 600 1450 multas
629 1391 750 1468 gentes
773 1392 896 1452 vetera
928 1401 1056 1448 mono·
1105 1388 1281 1468 tempore,
1328 1376 1480 1446 maxime
1519 1377 1720 1452 floruerunt
1756 1377 1992 1454 Alexandriae
2031 1407 2090 1453 re·

68 1498 209 1560 menta.
272 1479 392 1572 Quare
414 1473 656 1550 Callimachus
680 1475 813 1550 librum
842 1479 985 1571 scripsit
1012 1481 1056 1550 de
1104 1491 1234 1567 gnantc
1258 1472 1450 1568 Euergete,
1484 1479 1547 1572 qui
1578 1492 1614 1549 et
1640 1500 1719 1569 erga
1744 1478 1892 1551 ludaeos
1911 1483 2088 1556 beneficus

69 1585 234 1679 gentium
255 1581 456 1672 originibus
477 1593 516 1668 et
534 1578 823 1669 migrationibus,
849 1594 884 1651 et
897 1594 1055 1650 veterum
1104 1579 1184 1653 fuit.
1249 1573 1339 1648 Eius
1368 1591 1526 1670 tempore
1555 1579 1696 1673 collegit
1722 1581 1763 1650 in
1792 1576 1954 1676 Aegypto
1987 1582 2085 1655 lesus

67 1687 220 1760 urbium
236 1682 482 1755 conditoribus
497 1693 532 1753 et
545 1680 700 1771 legibus,
730 1705 802 1776 quo
816 1680 911 1753 libro
926 1681 1056 1752 amisso
1104 1681 1198 1750 tilius
1213 1673 1359 1764 Sirach,
1385 1679 1577 1752 sententias
1589 1705 1680 1776 quse
1700 1678 1818 1753 adhuc
1836 1695 1973 1769 extant,
1998 1707 2089 1778 quas

69 1790 206 1861 multae
222 1799 357 1857 veteres
372 1778 541 1856 historiae
557 1782 826 1856 interciderunt.
1103 1781 1223 1875 inquit
1237 1782 1283 1851 ab
1296 1805 1364 1851 avo
1381 1803 1443 1852 sua
1456 1781 1623 1873 scriptas,
1647 1785 1709 1855 sed
1728 1807 1748 1854 a
1771 1806 1845 1854 sese
1862 1797 1980 1854 auctas
1995 1800 2029 1856 et
2046 1785 2088 1857 io

174 1885 273 1976 Quia
288 1909 372 1956 vero
386 1883 562 1954 intellexit
576 1881 821 1971 Ptolemaeus,
844 1879 975 1956 habere
993 1882 1055 1954 lu·
1104 1880 1280 1952 Graecum
1295 1905 1493 1952 sermonem
1509 1885 1695 1956 translatas
1711 1907 1795 1970 esse,
1811 1907 1961 1977 quarum
1978 1887 2087 1956 lectio

69 1992 181 2061 dacos
200 1999 374 2059 vetustam
395 1997 535 2076 patrum
560 1982 704 2069 seriem,
745 1998 779 2055 ct
803 1985 911 2071 vidit,
942 1985 1056 2074 legem
1103 2007 1184 2054 cum
1199 1983 1246 2054 sit
1262 1995 1296 2054 et
1317 1983 1506 2055 utilissima
1528 1998 1562 2056 et
1579 1985 1801 2068 dulcissima,
1834 1985 1926 2056 liber
1949 1987 2011 2056 ille
2030 1988 2086 2058 fa-

1 2073 2 2140 l
69 2089 288 2162 ludaeorum
307 2085 456 2156 maxime
468 2105 662 2174 congruere
681 2085 830 2170 rationi,
855 2087 900 2156 de
920 2086 1056 2158 unitate
1104 2083 1341 2155 miliarissimc
1358 2083 1464 2155 notos
1478 2085 1525 2156 sit
1539 2087 1717 2160 omnibus.
1767 2082 1816 2156 Et
1833 2087 1946 2158 sciant
1963 2088 2085 2158 iunio·
2185 2083 2195 2092 ’

1 2251 2 2274 ,
70 2189 146 2264 Dei
169 2203 205 2262 et
235 2190 278 2258 de
308 2180 467 2258 honestis
485 2185 664 2270 moribus,
695 2187 832 2257 curavit
852 2201 886 2258 et
905 2184 1055 2258 ludaeo-
1102 2208 1176 2271 res,
1211 2186 1307 2278 quod
1332 2185 1522 2256 discrimen
1545 2186 1593 2256 sit
1617 2187 1712 2259 inter
1733 2209 1881 2277 gnaram
1904 2185 2084 2260 Ecclesiae
2187 2187 2191 2194 “

1 2289 2 2362 ?
68 2315 155 2364 rom
191 2289 303 2360 libros
346 2288 385 2356 in
425 2283 599 2356 Graecam
640 2287 801 2376 lingnam
841 2288 1055 2358 transfundi.
1103 2300 1138 2358 et
1151 2281 1322 2360 ethnicas.
1369 2285 1461 2356 Nam
1477 2281 1656 2372 ethnicae,
1681 2302 1720 2359 ut
1736 2283 1976 2379 Theognidis,
2001 2305 2085 2376 tau-

1 2385 2 2394 ¹
67 2393 197 2486 Quare
223 2391 269 2460 ad
292 2385 500 2460 Eleasarum
527 2409 705 2458 summum
738 2390 974 2474 sacerdotem,
1021 2402 1056 2459 et
1102 2400 1276 2459 tumsunt
1291 2399 1475 2478 praecepta
1499 2401 1560 2458 aut
1581 2389 1845 2460 admonitiones
1864 2391 2089 2482 pertinentes

67 2517 157 2565 vasa
182 2515 272 2585 quae
294 2491 381 2561 olim
407 2487 547 2558 ludaeis
572 2488 735 2579 adempta
766 2503 883 2576 erant,
920 2501 954 2560 et
984 2489 1055 2560 alia
1103 2490 1148 2559 ad
1165 2487 1355 2559 secundam
1370 2489 1527 2558 tabulam
1541 2486 1722 2579 Decalogi.
1773 2488 1845 2560 Sed
1867 2492 1907 2559 in
1919 2487 2084 2564 Ecclesia

1 2593 2 2606 ¹
66 2594 261 2688 splendida
281 2592 375 2661 dona
399 2588 514 2672 misit,
552 2589 651 2658 etad
672 2613 711 2658 se
732 2587 825 2662 mitti
846 2591 1055 2683 interpretes
1103 2589 1231 2662 tradita
1249 2601 1332 2659 sont
1346 2602 1527 2681 praecepta
1546 2605 1581 2664 et
1595 2589 1861 2660 admonitiones
1873 2591 1919 2664 de
1931 2605 2083 2686 utraque

65 2694 212 2789 petivit.
262 2690 466 2772 Missisuut
480 2688 591 2778 igitur
601 2690 674 2760 duo
690 2701 724 2759 et
738 2692 959 2782 septuaginta
974 2693 1054 2777 viri,
1103 2690 1223 2762 tabula
1239 2690 1426 2779 Decalogi,
1450 2691 1578 2760 deiide
1598 2705 1632 2761 et
1653 2693 1698 2762 de
1714 2691 1819 2761 bouis
1831 2693 2018 2782 operibus,
2041 2710 2089 2766 ut

1 2801 2 2838 l
68 2798 136 2892 qui
151 2792 343 2866 Moisenct
358 2805 574 2863 caeterorum
590 2785 848 2881 Prophetarum
866 2793 995 2878 libros,
1015 2785 1055 2862 ¹et
1103 2806 1139 2863 et
1155 2791 1331 2862 Siracides
1346 2790 1466 2884 inquit
1487 2815 1565 2884 cap.
1579 2791 1656 2862 82:
1686 2791 1729 2862 ln
1745 2792 1844 2864 omni
1860 2794 1959 2865 bono
1973 2817 2083 2885 opere

1 2901 2 2916 ¹
66 2896 171 2971 haud
194 2893 303 2966 dubie
322 2893 435 2964 multa
460 2892 531 2962 alia
560 2905 790 2963 monomenta
820 2892 859 2962 in
880 2892 1054 2964 Graecam
1102 2894 1223 2964 credas
1239 2891 1278 2961 in
1294 2892 1413 2962 anima
1429 2905 1502 2967 tua.
1551 2891 1631 2964 Hoc
1646 2907 1697 2964 cst
1714 2893 1810 2963 enim
1825 2915 1968 2966 servare
1980 2918 2083 2966 man·

1 3073 2 3076 ,
66 3001 232 3088 linguam
249 2994 533 3067 transstulerunt.
584 2990 637 3064 lta
652 2992 736 3066 libri
750 2989 946 3084 prophetici
959 2996 1056 3064 mul·
1102 2996 1194 3066 data.
1246 2992 1445 3082 Quicredit
1460 2993 1499 3061 in
1508 2991 1682 3080 Domino,
1704 2995 1869 3065 mandata
1884 2995 1958 3065 eius
1973 3009 2085 3080 curat,

1 3089 2 3130 ³
67 3102 113 3175 tis
133 3095 396 3190 gentihusfacti
417 3108 500 3165 sunt
526 3092 702 3177 notiores,
729 3107 765 3164 et
787 3107 979 3186 propagata
999 3095 1054 3166 la·
1104 3107 1138 3164 et
1153 3095 1332 3166 conlidens
1347 3093 1386 3163 in
1400 3093 1483 3178 illo,
1501 3117 1575 3163 non
1592 3093 1733 3186 peribit.
1763 3091 1811 3165 Et
1825 3095 1863 3164 in
1880 3094 2085 3168 Proverbiis

1 3207 2 3263 ἓ
66 3205 143 3276 tius
167 3221 251 3272 vera
273 3199 317 3266 de
338 3193 414 3264 Deo
437 3195 609 3268 doctrina.
674 3189 723 3265 Et
752 3195 901 3285 cognitis
926 3218 1056 3266 mono·
1083 3195 1307 3268 ·Salomonis
1319 3195 1431 3265 multa
1446 3195 1538 3264 dicta
1554 3195 1783 3266 'suntdefilio
1792 3192 1877 3280 Dei,
1902 3199 1946 3266 de
1963 3199 2085 3281 verbo,

66 3300 202 3374 meotis
217 3296 429 3368 ludaeorum
446 3319 505 3366 rex
514 3293 737 3366 Ptolemaeus
751 3296 842 3366 tanti
854 3297 937 3366 fecit
950 3297 1054 3367 istam
1105 3298 1150 3367 de
1165 3298 1256 3376 lide,
1279 3295 1433 3364 deveris
1447 3295 1603 3366 cultibus
1619 3297 1722 3366 valde
1737 3297 1935 3387 perspicus.

66 3415 231 3497 gentem,
257 3410 300 3468 ut
314 3396 512 3467 libertatem
528 3393 675 3487 captivis
692 3390 833 3465 ludaeis
846 3393 1054 3490 inAegypto
1207 3393 1244 3466 4.
1278 3389 1503 3464 Ptolemaeus
1524 3391 1735 3487 Philopator
1756 3397 1843 3466 vicit
1865 3392 2085 3468 Antiochum

42 3505 45 3510 ’
67 3498 271 3578 donaverit.
1104 3492 1298 3583 Magnum,
1320 3493 1454 3562 afflixit
1462 3495 1621 3567 Iudaeos.
1659 3491 1985 3591 DeindeEurydice
1999 3521 2087 3566 con.

174 3597 255 3672 Etsi
271 3610 390 3670 autem
410 3594 514 3665 molti
534 3591 715 3684 disputant
731 3595 775 3664 de
790 3593 926 3668 Graeca
943 3593 1056 3666 inter·
1104 3597 1185 3684 iuge
1209 3607 1244 3666 ct
1264 3615 1385 3664 sorore
1400 3592 1599 3678 interfecta,
1626 3594 1840 3666 libidinibus
1860 3610 1897 3667 et
1918 3598 2087 3668 caedibus

68 3703 287 3801 pretatione,
312 3721 402 3793 quac
417 3691 525 3766 hodie
540 3707 651 3786 extat,
677 3694 740 3788 qui
754 3695 888 3767 fuerim
902 3710 1054 3782 sutores,
1104 3692 1365 3769 contaminatus
1380 3717 1517 3764 veneno
1531 3694 1649 3785 periit.

69 3825 103 3884 et
119 3803 238 3902 qualis
251 3803 313 3872 sit:
339 3814 457 3869 tamen
480 3821 559 3868 cum
575 3794 708 3868 Paulus
725 3798 833 3868 verba
856 3797 940 3867 inde
961 3797 1055 3883 citet,
1204 3795 1242 3871 6.
1275 3793 1497 3866 Ptolemaeus
1512 3791 1718 3887 Epiphanes
1730 3797 1913 3878 mccessit,
1938 3797 2086 3869 cuiAn.

55 3913 218 4006 'apparet
234 3925 310 3973 eam
324 3900 429 3974 etiam
446 3911 530 3969 ante
538 3890 791 3988 Apostolorum
806 3913 964 3990 tempora
979 3898 1053 3969 usi·
1103 3893 1245 3972 tiochos
1257 3895 1411 3986 Magnus
1430 3897 1564 3968 bellom
1586 3899 1728 3985 intulit,
1758 3899 1820 3970 sed
1843 3912 1963 3992 postea
1986 3899 2086 3970 dedit

69 4027 182 4086 tatem
206 4002 324 4077 fuisse.
372 3995 421 4070 Et
443 4021 571 4091 corpus
592 3997 838 4071 narrationum
861 4023 937 4069 non
960 4001 1053 4070 male
1103 4001 1136 4073 ei
1152 3999 1261 4078 liliam
1276 3993 1501 4088 Cleopatram
1521 4021 1681 4075 uxorem.

68 4108 251 4188 redditum
279 4114 349 4188 cst,
388 4099 526 4172 etiamsi
554 4099 687 4170 alicubi
715 4115 908 4173 occurrunt
933 4100 1053 4195 aliqua
1204 4100 1242 4174 6.
1273 4095 1498 4170 Ptolemaeus
1516 4096 1742 4172 Philometor
1767 4101 1933 4174 defensus
1962 4097 2088 4172 aRo·
2130 4124 2139 4142 .

71 4225 200 4288 errata.
251 4200 352 4276 Esset
367 4215 402 4271 ct
417 4201 528 4290 magis
549 4200 733 4293 perspicua
755 4201 880 4283 lectio,
913 4201 944 4272 si
968 4202 1053 4272 dili·
1104 4200 1237 4286 manis,
1271 4223 1352 4270 cum
1378 4198 1412 4268 ei
1432 4195 1635 4272 Antiochus
1653 4196 1863 4296 Epiphanes
1887 4202 2087 4274 aremulus

71 4313 212 4407 gentius
242 4303 408 4378 distincta
439 4316 539 4378 esset.
612 4299 758 4374 Summa
787 4315 904 4372 tamen
936 4303 1053 4395 operis
1103 4322 1252 4393 regn-um
1269 4311 1455 4390 erepturus
1476 4314 1578 4372 esset.

71 4431 123 4489 est
156 4410 246 4483 utile
276 4403 520 4480 testimonium
553 4403 599 4474 de
630 4403 888 4492 significatione
918 4401 1053 4476 Ebraei
1205 4399 1245 4473 7.
1274 4399 1696 4493 PtolemacusEvcrgetes
1711 4403 1866 4476 restituit
1881 4403 2087 4494 inreguum

71 4510 258 4591 armonia.
1104 4501 1228 4598 Syriae
1242 4497 1464 4572 Demetrium
1480 4501 1706 4579 Nicanorem.

171 4611 291 4685 Huius
326 4605 435 4698 igitur
472 4603 576 4694 regis
600 4601 796 4674 Ptolemaei
822 4599 1052 4694 Philadelphi
1206 4603 1248 4676 8.-
1278 4601 1503 4674 Ptolemaeus
1520 4599 1687 4700 Physcon
1709 4605 1825 4676 dictus
1846 4628 1866 4674 a
1888 4602 2086 4680 sarcimine,

71 4720 195 4790 labore
226 4726 261 4783 et
288 4704 529 4778 munificentia
560 4704 682 4795 generi
710 4699 869 4776 humano
891 4705 1052 4778 restituta
1105 4717 1251 4796 propter
1271 4703 1453 4774 tumidum
1463 4702 1640 4792 ventrem,
1668 4704 1771 4777 duxit
1786 4727 1963 4788 sororem,
1988 4725 2084 4774 casu-

74 4833 158 4892 sunt
181 4827 216 4885 et
241 4814 312 4883 late
334 4821 522 4902 propagata
548 4805 789 4877 doctrinarum
813 4807 941 4877 studia.
997 4805 1051 4879 Ac
1103 4831 1174 4901 que
1189 4804 1383 4886 interfecit,
1413 4818 1448 4877 et
1464 4807 1577 4876 tilium
1593 4831 1636 4876 er
1651 4829 1690 4878 cs
1707 4821 1831 4878 natum
1852 4807 1949 4876 iuter
1962 4803 2086 4898 mulas

72 4919 258 4997 scribitur,
298 4923 435 4980 motum
468 4931 542 4980 csse
577 4907 735 4979 consiliis
766 4909 1050 4979 doctissimorum
1105 4909 1138 4977 ei
1155 4904 1275 4977 offerri
1292 4905 1405 4978 iussit.
1452 4905 1581 4998 Regno
1596 4909 1762 5001 expulsus
1779 4920 1843 4978 est.
1881 4963 1883 4970 .

72 5018 258 5093 hominum
273 5007 448 5094 Aristaei,
480 5007 659 5080 Stratonis
682 5021 715 5080 et
736 5005 906 5080 Demetrii
922 5003 1052 5078 Phale-
1200 5007 1241 5080 9.
1282 5005 1505 5078 Ptolemaeus
1529 5009 1749 5092 Alexander,
1794 5008 1903 5078 frater
1928 4999 2086 5100 Physco÷

74 5121 205 5200 censis,
248 5113 311 5208 qui
331 5112 427 5203 apnd
446 5133 526 5179 cum
552 5109 632 5179 exul
653 5109 720 5180 fuit
743 5111 867 5200 pulsus
888 5104 1052 5181 Athenis.
1104 5107 1181 5188 nis,
1205 5108 1366 5197 regnavit
1380 5110 1485 5200 pulso
1506 5110 1627 5186 fratre.
1677 5109 1803 5180 Postea
1818 5123 1852 5180 et
1869 5109 1945 5200 ipsc
1961 5105 2086 5198 expui.-

71 5223 231 5295 Fuerunt
247 5213 338 5306 apud
357 5237 438 5300 eum
456 5209 563 5281 etalii
579 5211 777 5293 doctiviri,
801 5205 1053 5296 Callimachus,
1103 5225 1240 5283 susest.
1947 5237 1949 5244 ¹
2226 5199 2229 5210 Χ

73 5321 306 5416 Apollonius,
331 5311 483 5392 Aratus,
516 5309 627 5389 Bion,
660 5307 891 5398 Theocritus,
921 5310 1049 5384 Conon
1207 5311 1268 5382 10.
1298 5305 1735 5392 PtolemaeusLathctrus,
1762 5312 1798 5382 id
1817 5308 2004 5392 est‚-clam
2028 5329 2085 5376 rc·

74 5439 108 5498 et
122 5413 350 5516 Hipparchus
364 5407 621 5496 Mathematici.
922 5447 930 5458 ·
1103 5434 1245 5500 versus,
1269 5414 1511 5488 nominatura
1528 5408 1718 5485 Plutarcho
1733 5409 1925 5505 Lamyros,
1959 5408 2087 5493 idest,
