4706 5818
242 261 340 350 iott
481 267 692 349 SCRIPTA
715 267 793 342 ΡΗ.
816 261 937 342 MEL.
961 262 1033 340 AD
1058 259 1185 338 lllST.
1211 256 1356 337 PROP.
1378 255 1445 334 ΕΤ
1471 253 1663 337 PlllLOS.
1689 255 2011 336 SPECTANTlA.
2163 243 2260 336 10⁷2

292 443 402 518 Auno
440 425 570 514 'mundi
610 441 734 535 qnater
753 439 944 510 millesimo
974 417 1223 508 trecentesimo
1277 429 1904 526 acceperitgladium,gladioperihit.
1925 425 2261 502 lterazomnisani·

444 544 656 634 sexagesimo
682 555 789 612 sexto.
1277 559 1346 619 ma,
1368 556 1459 624 quae
1473 532 1598 602 iecerit
1613 529 1675 601 has
1689 532 1991 618 abominationes,
2013 534 2263 607 eradicabitur.

225 631 229 640 ’
293 645 402 720 Anno
417 644 555 719 Romae
570 644 760 714 millesimo
782 639 1031 713 trecentesimo
1050 639 1228 733 quinqua-
1378 627 1683 705 LaudatPhocam
1700 631 2262 722 GregoriusRomanusPontilex

451 750 583 836 gesimo
606 747 746 838 quinto.
1280 736 1364 806 odio
1382 733 1572 825 Mancini,
1599 747 1634 805 ct
1657 735 1786 804 deiude
1799 731 1957 806 Romani
1974 733 2142 828 Episcopi
2166 730 2265 805 Pho-

294 851 403 922 Anuo
427 845 559 921 Christi
585 843 834 917 sexcentesimo
855 853 994 935 quarto.
1280 861 1341 908 cae
1360 837 1504 931 tyranni
1528 838 1669 930 decreto
1689 835 1770 905 freti
1795 835 2039 926 praetulerunt
2060 859 2098 906 se
2118 835 2265 906 caeteris

597 949 601 960 “
1280 935 1478 1032 Episcopis.
1530 934 1624 1025 Quia
1640 932 1698 1008 hic
1712 937 1870 1007 fortassis
1894 952 1934 1008 ut
1949 935 2102 1010 Romam
2117 934 2265 1008 haberet

623 1021 656 1090 Ρ
668 1013 694 1086 1⁸
706 1035 762 1086 ⁰⁰
780 1035 844 1086 α’·
1281 1043 1400 1110 minus
1417 1053 1678 1119 contumacem,
1703 1038 1804 1108 iussit
1822 1034 2028 1109 Romanum
2044 1035 2264 1130 Episcopum

346 1146 494 1224 Phoceu
513 1150 681 1242 ignobilis
703 1145 875 1219 Centurio
892 1138 1071 1213 Thracius
1092 1157 1158 1230 per
1176 1161 1230 1206 se·
1282 1141 1498 1232 superiorem
1514 1138 1912 1229 Constantinopolitano
1935 1152 1970 1211 et
1984 1140 2131 1210 caeteris
2145 1138 2266 1208 omni-

243 1257 417 1328 ditionem
438 1268 574 1323 creatus
587 1253 790 1342 imperator.
842 1239 1159 1316 OccisoMauricio
1179 1251 1232 1309 te-
1284 1242 1435 1312 busdici
1452 1237 1637 1313 ethaheri.
1689 1238 1770 1328 Qua
1788 1243 2047 1311 derectantea
2072 1241 2170 1311 rixae
2187 1263 2266 1307 mo·

244 1359 324 1428 nuit
337 1355 527 1446 imperium
542 1377 655 1424 annos
667 1364 820 1443 septem,
845 1359 1034 1418 coronatus
1048 1344 1087 1412 in
1102 1340 1232 1412 subur·
1266 1357 1338 1436 tac
1358 1345 1518 1428 fueraut,
1542 1365 1623 1412 cum
1637 1337 2057 1432 constantinopolitanus
2078 1363 2114 1410 se
2139 1342 2266 1412 olarov-

120 1501 130 1512 -
243 1461 338 1530 bano
354 1453 680 1546 Constantinopolis
698 1479 716 1521 a
734 1443 1110 1542 PatriurchaCyriaco.
1137 1441 1229 1512 Cum
1281 1439 1435 1538 μενικὸν
1458 1444 1680 1528 nominaret,
1713 1465 1819 1535 quem
1842 1439 2105 1532 reprehendens
2125 1440 2268 1530 Grego-

244 1557 461 1631 Mauricium
485 1555 636 1628 interfici
664 1555 785 1638 iussit,
817 1572 899 1620 mox
922 1546 1167 1619 crudelitatem
1193 1543 1232 1610 in
1282 1547 1358 1616 rius
1380 1545 1514 1639 inquit:
1540 1539 1578 1614 Ο
1599 1557 1802 1634 temporeo
1822 1567 1958 1628 mores,
1988 1547 2088 1615 ardet
2102 1540 2267 1634 undique

245 1660 320 1730 eius
345 1659 476 1728 amicos
497 1658 663 1731 exercuit.
721 1651 849 1722 Postea
881 1664 956 1724 toto
978 1648 1120 1739 imperii
1139 1659 1230 1713 tem·
1283 1648 1385 1717 hellis
1410 1647 1507 1718 orbis
1530 1660 1722 1729 terrarum,
1763 1643 1987 1715 trucidantur
2011 1647 2056 1714 ab
2083 1645 2266 1713 idolorum

245 1783 332 1850 pore
347 1773 386 1831 ut
407 1756 516 1828 homo
541 1757 710 1848 ignobilis
740 1755 871 1824 iniuste
893 1763 1015 1821 nactus
1038 1747 1230 1842 potentiam
1282 1749 1479 1820 cultoribus
1501 1740 1716 1817 Christiani:
1745 1746 1910 1815 delentur
1932 1770 1953 1815 a
1975 1745 2135 1814 barbaris
2158 1747 2268 1813 nrbes

243 1851 382 1930 tantu‘m
397 1883 438 1929 ea
462 1863 506 1930 ad
531 1859 703 1952 privatam
721 1855 920 1948 nequiciam
941 1865 975 1922 et
988 1851 1231 1921 crudelitatem
1282 1863 1316 1918 et
1342 1848 1492 1942 templa,
1518 1861 1692 1918 ettamen
1719 1848 1916 1916 sacerdotes
1940 1847 2039 1916 velut
2054 1847 2267 1917 insultantes

243 1981 348 2045 usus,
374 1962 515 2033 deditus
538 1962 637 2048 luyui
657 1973 691 2030 et
708 1956 921 2028 lrbrdmrhm
941 1953 1058 2036 rapuit
1078 1949 1230 2016 aliorum
1283 1951 1434 2041 publicis
1452 1947 1712 2018 calamitatibus
1728 1947 1892 2017 vanitatis
1915 1948 2062 2017 nomina
2078 1958 2267 2038 usurpant,

243 2059 430 2149 coniuges,
463 2055 595 2125 multos
616 2053 824 2121 innocentes
847 2045 1044 2137 interiecit,
1070 2042 1231 2153 exhausit
1282 2065 1316 2122 et
1336 2050 1494 2131 profanis
1509 2048 1623 2118 titulis
1638 2071 1674 2117 se
1694 2060 1886 2120 ostentant.

243 2159 444 2254 provincias
473 2154 630 2227 tributis.
699 2148 808 2219 Domi
837 2147 946 2229 igitur
968 2139 1174 2234 temulentia
1197 2148 1231 2206 et
1386 2151 1388 2156 '

245 2261 376 2354 stupris
397 2272 555 2331 retentus
585 2255 723 2324 sinebat
743 2239 933 2330 imperium
957 2238 1045 2308 alibi
1066 2236 1245 2315 ³Pertits'
1331 2240 1440 2310 Anno
1457 2239 1583 2310 mundi
1601 2254 1726 2334 qnater
1739 2244 1931 2316 millesimo
1947 2247 2193 2319 trecentesimo
2209 2269 2267 2316 se·

245 2364 331 2436 ,libi
347 2364 392 2432 ab
415 2356 562 2431 Hunnis
580 2369 617 2411 er
637 2341 779 2432 Cagano
804 2338 955 2434 vastari,
980 2363 1021 2408 ac
1040 2340 1230 2410 sceleratus
1485 2342 1703 2432 ptuageaimo
1723 2346 1841 2415 aenio,

245 2445 527 2537 ,xmpmsqui
553 2462 762 2534 conspersus
785 2441 855 2512 luit
874 2441 1046 2530 sanguine
1064 2439 1228 2510 Mauricii
1333 2443 1440 2512 Anno
1463 2439 1602 2514 Romae
1631 2444 1822 2516 millesimo
1854 2451 2098 2521 trecentesimo
2119 2470 2265 2537 sexage-

242 2565 324 2622 rnux
339 2550 377 2617 in
393 2543 546 2618 Oriente
566 2567 697 2635 poenas
719 2542 829 2612 dedit.
881 2539 1006 2612 Victor
1027 2541 1124 2610 enim
1140 2538 1229 2611 Cos·
1434 2589 1438 2598 ·
1484 2544 1574 2613 simo
1590 2545 1708 2621 tertio.
1840 2615 1846 2628 ,

241 2653 322 2724 roiis
337 2651 477 2720 duobus
492 2647 630 2738 magnis
645 2643 789 2736 praeliis
803 2641 978 2713 trucidata
993 2665 1119 2732 magna
1133 2641 1228 2712 mul·
1330 2644 1439 2715 Anno
1454 2639 1589 2717 Christi
1603 2647 1853 2718 sexcentesimo
1875 2647 2100 2725 duodecimo.

240 2753 396 2825 titudine
415 2749 573 2841 reliquos
597 2747 745 2818 abduxit
767 2743 935 2835 captivos·
993 2741 1138 2835 Eripuit
1150 2740 1228 2814 Ro·
1292 2791 1293 2794 κ
1482 2739 1486 2746 ’
1823 2819 1831 2836 ι

241 2854 359 2926 manis
385 2849 658 2943 lerosolymam,
693 2861 727 2918 et
749 2845 844 2915 inter
871 2840 1056 2916 thesauros
1085 2867 1226 2914 crucem
1630 2815 1902 2888 Hmdm·
2114 2896 2118 2912 .

240 2956 378 3039 avexit,
405 2966 439 3023 et
463 2972 626 3042 magnam
651 2944 938 3019 Christianorum
959 2945 1226 3016 multitudinem
1379 2934 1579 3014 Heraclius
1593 2942 1798 3017 Heracliani
1824 2947 1995 3039 praesidis
2008 2947 2151 3018 Africae
2167 2948 2264 3018 filius

240 3056 383 3130 occidit.
432 3047 632 3143 Occupavit
647 3049 808 3144 Syriam,
829 3061 864 3119 et
880 3049 1010 3118 multas
1025 3046 1229 3140 provincias
1279 3043 1438 3111 natusin
1464 3045 1597 3114 familia
1623 3046 1789 3138 patricia,
1812 3073 1892 3118 cum
1910 3050 2148 3120 occisusesset
2163 3045 2264 3120 Pho·

242 3158 433 3250 populatus
456 3165 519 3221 est.
1278 3165 1355 3222 cas,
1381 3165 1462 3208 naor
1485 3167 1659 3214 consensu
1678 3145 1830 3217 Senatus
1852 3161 1887 3217 et
1911 3149 2128 3219 exercituum
2145 3149 2262 3240 impe-

347 3253 435 3325 Cum
456 3251 566 3340 igitur
587 3259 761 3342 tyrannus
782 3241 920 3316 Pheras
948 3243 988 3312 in
1017 3243 1102 3314 odio
1115 3257 1228 3328 ‘esset
1277 3255 1375 3310 rator
1390 3241 1503 3314 lactus
1516 3258 1578 3319 est.
1612 3243 1746 3317 Tenuit
1769 3247 1959 3339 imperinm
1977 3273 2090 3320 annos
2101 3249 2260 3338 triginta.

243 3354 446 3430 nonsolum
464 3347 606 3442 populi,
629 3349 690 3418 scd
707 3347 814 3418 etiarn
831 3346 1051 3438 principum,
1076 3345 1226 3416 coniun-
1277 3337 1414 3412 Eodem
1436 3344 1495 3412 die
1518 3361 1554 3417 et
1577 3362 1767 3418 coronatus
1789 3365 1843 3421 est
1864 3346 2103 3421 aPatriarcha
2119 3346 2263 3444 Sergio,

243 3469 330 3547 gunt
347 3477 383 3524 se
399 3443 562 3534 Priscus,
587 3445 829 3544 qraiMaurieii
842 3460 1003 3539 tempore
1016 3447 1110 3515 inter
1126 3470 1222 3536 prae·
1239 3469 1256 3546 y
1278 3455 1313 3512 et
1340 3445 1441 3518 duait
1465 3470 1609 3516 uxorem
1626 3446 1771 3519 Fabiam
1788 3448 2007 3532 Eudoxiam,
2038 3475 2133 3545 quae
2153 3451 2260 3520 simul

241 3559 366 3648 cipuos
391 3553 497 3624 duces
515 3553 648 3634 luerat,
674 3563 709 3620 et
731 3563 817 3620 tunc
834 3545 974 3618 Phocae
993 3571 1101 3637 gener
1115 3548 1227 3618 factus
1251 3551 1256 3632 1
1278 3563 1445 3618 coronata
1460 3562 1523 3622 est.
1574 3547 1723 3620 Duabus
1740 3554 1843 3622 rebus
1867 3551 2196 3644 maximis-insignis
2210 3566 2262 3622 est

241 3670 337 3738 erat,
364 3668 397 3726 et
412 3649 665 3724 Heraclianus
681 3651 823 3721 Africae
836 3673 995 3741 praeses,
1019 3661 1054 3720 et
1068 3640 1228 3717 Pholius
1252 3633 1255 3695 Ι
1278 3645 1389 3737 ipsius
1404 3649 1633 3736 gnbematio,
1658 3675 1809 3744 quarum
1825 3655 1932 3725 altera
1956 3653 2066 3724 foelix
2086 3655 2187 3740 fuito
2203 3677 2262 3722 rc·

242 3759 343 3832 cuius
357 3781 503 3828 uxorem
518 3750 655 3826 Phocus
668 3765 846 3844 rapuerat,
872 3774 997 3844 resque
1014 3752 1063 3820 ita
1080 3749 1229 3819 instrui·
1277 3748 1411 3837 pressio
1435 3746 1591 3820 Cosroae
1617 3749 1748 3822 Persici
1769 3755 1879 3845 regis,
1907 3747 2026 3826 ‘altera
2056 3755 2260 3826 calamitosa

244 3873 320 3944 tur,
343 3871 384 3929 ut
396 3860 520 3928 eodem
537 3869 694 3945 tempore
711 3845 864 3938 Priscus
882 3849 1079 3923 Thracium
1095 3851 1228 3920 exerci-
1277 3847 1446 3918 universo
1471 3853 1590 3940 generi
1614 3848 1790 3940 humano,
1834 3857 2000 3929 videlicet
2026 3857 2128 3930 initia
2148 3873 2261 3928 sectae

245 3976 341 4044 tum,
385 3971 420 4028 et
451 3953 687 4026 Heraclianus
720 3953 930 4022 Africanum
953 3956 1000 4023 ad
1021 3951 1226 4024 Constanti·
1277 3947 1685 4040 etregniMahometici.

244 4059 395 4153 nopolin
412 4059 612 4141 adducant,
638 4067 672 4123 et
689 4050 840 4125 Photius
854 4077 935 4123 cum
947 4053 1051 4145 'parte
1074 4053 1227 4124 militum
1379 4050 1433 4121 Dc
1448 4047 1504 4122 his
1519 4055 1645 4124 ordine
1667 4054 1858 4126 dicendum
1879 4072 1948 4129 est:
1973 4058 2160 4132 Heraclius
2178 4085 2260 4152 pace

245 4159 397 4252 Regiam
421 4173 578 4249 occupet,
632 4153 847 4249 Quanquam
871 4165 989 4225 antem
1008 4153 1228 4224 Praetoriani
1278 4153 1369 4222 iacta
1383 4175 1464 4222 cum
1483 4152 1624 4244 Cagano
1642 4179 1705 4248 per
1718 4159 1849 4246 legatos
1864 4161 1968 4230 etiam
1991 4185 2110 4252 pacem
2135 4161 2260 4252 petivit

247 4286 365 4336 arcere
401 4259 584 4331 venientes
614 4259 730 4330 conati
754 4269 855 4327 sunt:
890 4270 1010 4328 tamen
1038 4250 1230 4326 Africanus
1279 4251 1457 4340 aCosroii,
1479 4256 1542 4348 qni
1559 4257 1628 4325 iam
1647 4271 1683 4328 et
1699 4256 1951 4356 lerosolymam
1965 4263 2155 4354 populatus
2173 4279 2261 4348 erat,

246 4363 419 4436 exercitus
432 4359 616 4434 trucidatis
643 4359 763 4451 paucis
786 4357 999 4429 temulentos
1020 4357 1102 4429 illos
1125 4357 1228 4428 dissi·
1280 4367 1315 4424 et
1330 4352 1470 4449 Syriam
1485 4373 1735 4450 occupaverat,
1760 4375 1796 4431 et
1810 4363 2005 4454 nonaginta
2023 4363 2136 4432 millia
2152 4359 2261 4436 Chri·

243 4466 363 4560 pavit,
387 4477 423 4534 et
438 4464 563 4533 urbem
579 4461 757 4550 ingressus
774 4473 836 4531 est.
889 4454 1038 4529 Photius
1062 4473 1229 4548 occupata
1280 4455 1476 4526 stianorum
1494 4457 1743 4543 trucidaverat,
1759 4486 1830 4555 quo
1848 4477 2008 4556 tempore
2023 4462 2149 4536 ludaei
2166 4465 2260 4537 mul·

109 4631 113 4650 ,
246 4563 365 4654 Regia
380 4565 470 4655 cepit
484 4557 661 4652 Phocam,
686 4576 720 4633 ct
740 4565 784 4648 ad
799 4557 1004 4630 Heraclium
1028 4560 1140 4631 lilium
1157 4559 1231 4631 lle·
1281 4572 1337 4630 tos
1368 4553 1592 4630 Christianos
1624 4577 1801 4645 emerant,
1845 4578 1886 4635 ut
1917 4586 1978 4634 cos
2009 4564 2260 4639 interficerent.

250 4665 396 4735 racliani
417 4667 543 4734 ducem
563 4659 722 4752 Africani
751 4662 924 4734 exercitus
954 4664 1112 4734 adducit.
1174 4661 1229 4732 lhi
1279 4659 1481 4750 Respondit
1502 4676 1617 4732 autem
1640 4660 1810 4747 Cosroiis‚
1851 4689 1887 4736 se
1914 4689 1989 4736 uon
2014 4667 2258 4759 depositurum

249 4767 381 4838 milites
405 4759 711 4836 adductoPhocae
732 4759 934 4834 brachiaet
957 4764 1064 4853 pedes
1085 4764 1230 4834 mutila·
1281 4783 1355 4830 esse
1379 4785 1494 4848 arma,
1529 4766 1642 4833 donec
1665 4767 1885 4858 perfecisset,
1916 4781 1955 4837 ut
1978 4765 2075 4838 Dens
2096 4765 2259 4840 Persicus

250 4881 346 4942 runt.
405 4867 576 4939 Scribunt
599 4877 634 4936 et
656 4877 860 4934 erectaessc
889 4865 1075 4954 pudenda,
1110 4877 1230 4956 postea
1281 4859 1481 4947 coloretur,
1506 4865 1636 4934 abolita
1653 4867 1878 4938 invocatione
1891 4871 1968 4940 eius
1982 4867 2067 4950 Dei,
2086 4870 2148 4963 qui
2164 4871 2259 4941 dice·

250 4982 355 5062 caput
370 4969 564 5057 praecisum
582 4979 646 5040 est.
1280 4977 1380 5033 retur
1400 4965 1586 5037 crucifixus
1611 4990 1697 5038 esse.
1747 4965 1930 5043 Auxerant
1952 4971 2154 5065 superbiam
2168 4970 2259 5042 Cos·

353 5067 423 5139 Hir
438 5069 507 5140 luit
520 5069 632 5138 exitus
647 5065 810 5162 tyranni,
835 5063 899 5157 qui
914 5077 1016 5136 antea
1040 5065 1231 5157 imperato·
1280 5089 1364 5134 roae
1379 5067 1514 5156 priores
1529 5066 1854 5142 successusPhocae
1865 5086 2038 5167 tempore,
2064 5087 2097 5143 et
2112 5095 2259 5164 magnae

250 5191 325 5240 rem
342 5169 668 5240 suumMaarricinm
685 5167 916 5252 interiecerat,
937 5179 972 5238 et
986 5179 1105 5257 postea
1120 5167 1231 5238 multa
1281 5167 1505 5238 difficultates
1527 5183 1625 5240 erant
1640 5167 1798 5242 Heraclii
1822 5174 1928 5245 etiam
1952 5189 2097 5265 propter
2125 5179 2257 5245 diacum

251 5270 380 5340 scelera
396 5269 546 5341 addidit.
581 5265 803 5356 Agnoscamr
827 5290 909 5358 crgo
924 5280 959 5339 et
973 5267 1013 5337 iu
1028 5263 1097 5338 hoc
1113 5291 1232 5338 mem·
1281 5267 1476 5360 perfidiam.
1527 5269 1597 5341 Sed
1621 5293 1663 5341 eo
1684 5274 1836 5346 alacrius
1859 5273 1953 5347 hosti
1976 5278 2150 5360 occurrit,
2176 5276 2258 5370 quia

249 5371 312 5462 plo
329 5367 470 5456 iraDci,
488 5367 706 5480 'denunciata
721 5369 761 5439 in
773 5364 831 5440 his
846 5368 994 5460 regulis:
1020 5362 1153 5440 Omnis
1167 5369 1232 5466 qui
1280 5393 1355 5440 non
1379 5369 1521 5462 imperii
1543 5395 1647 5446 musa
1662 5387 1819 5460 tantum,
1843 5379 1903 5448 sed
1918 5375 2033 5448 multo
2046 5378 2158 5470 magis
2175 5401 2260 5469 pro·
