4726 5828
85 257 165 336 121
654 246 813 334 unct.
844 247 921 330 DE
950 246 1188 365 SbblNlS
1219 243 1552 388 S'AXGNlClS.
2047 261 2120 340 122
2262 349 2269 362 .

83 449 190 498 meae
206 419 449 518 patriae'Salis
464 423 580 498 lantes
604 424 791 518 praebuit,
817 437 852 498 et
872 423 945 515 iam
967 447 1083 500 annos
1119 443 1226 494 ⁴nesse
1238 433 1301 495 est.
1351 415 1642 496 temerasset.
1656 441 1789 494 nornen
1802 413 1909 496 babet
1925 425 2051 514 scale,
2077 445 2118 504 ut

84 528 334 619 septingentos
355 525 408 600 ibi
430 540 565 612 servat,
589 549 742 622 eumque
758 547 824 598 oro
838 537 914 600 toto
928 541 1082 618 pectore,
1130 522 1170 596 in
1192 519 1281 596 Asia
1300 523 1526 597 notissimum
1547 521 1682 594 flumen
1703 517 1834 618 Halys,
1869 525 1973 598 cuius
2000 529 2116 622 ripam

83 643 128 700 ut
145 629 315 722 deinceps
331 627 384 698 ibi
398 640 433 700 et
449 628 646 701 ubertatem
666 626 798 700 terreni
815 626 899 700 salis
919 619 980 700 bis
997 630 1081 700 lon-
1128 648 1213 718 gens
1228 625 1366 698 lleuets
1379 625 1487 698 etism
1509 624 1690 719 qnondam
1710 624 1845 708 tenuit,
1869 638 1910 698 ut
1926 625 2117 719 Argonau-

84 731 207 816 tibus,
232 728 389 802 etsalem
406 728 590 802 coelestem
612 727 755 802 divinae
769 729 953 802 doctrinae
973 731 1080 803 nobis
1129 728 1190 800 tici
1203 726 1372 800 carminis
1386 725 1537 820 scriptor
1551 737 1683 800 narrat.
2047 725 2049 730 ’

84 831 275 924 largiatur.
1231 827 1460 922 ltaqueprati
1473 820 2113 927 celebremuslleibeneliciumquod

193 929 408 1024 Priusquam
422 925 542 1010 autem
556 932 602 1002 de
616 930 700 1002 salis
716 944 844 1006 natura
864 931 1001 1016 dicam,
1033 932 1080 1002 de
1128 944 1182 1003 tot
1204 929 1337 1002 seculis
1366 953 1408 1000 er
1436 923 1493 1000 bis
1518 927 1650 1000 nostris
1672 927 1831 1001 lontibus
1852 953 1999 1022 magnae
2019 936 2115 1027 psrti

85 1045 262 1104 vetustate
293 1031 450 1104 fontium
483 1055 593 1124 paura
624 1031 920 1106 commemorabo.
985 1029 1078 1102 Nam
1129 1030 1344 1105 Germaniae
1363 1031 1473 1102 salem
1495 1029 1655 1120 largitur.
1708 1025 1901 1102 Gratitudo
1920 1034 2025 1106 etiam
2049 1057 2113 1128 ps-

43 1187 48 1198 .
86 1133 308 1206 diuturnitas
333 1130 440 1206 etiam
464 1134 638 1222 ostendit,
676 1128 744 1208 bos
764 1136 880 1208 sontes
900 1129 969 1206 Dei
988 1156 1078 1228 opus
1126 1135 1216 1206 triae
1229 1156 1329 1206 meae
1343 1145 1380 1204 et
1395 1131 1533 1204 civibus
1548 1131 1716 1213 debetur.
1741 1131 1804 1226 qui
1818 1131 1956 1222 legibue
1973 1136 2113 1206 munie-

90 1257 178 1310 esse.
1127 1249 1213 1308 runt
1233 1229 1299 1306 bss
1321 1234 1469 1320 salinas,
1501 1247 1537 1306 et
1559 1245 1731 1327 quantum
1753 1247 1920 1325 possunt,
1943 1237 2113 1310 aediliciis

189 1333 359 1426 Legimus
387 1335 517 1430 scripta
544 1337 652 1428 digna
675 1335 759 1422 fide,
798 1357 889 1431 quse
918 1349 1078 1423 narrant,
1127 1351 1162 1410 et
1175 1359 1302 1426 magna
1316 1335 1520 1408 assiduitate
1536 1357 1723 1428 operarum
1737 1345 1895 1410 tuentur.

84 1429 274 1508 Othonem
291 1433 450 1507 Primum
467 1433 533 1509 bos
546 1440 660 1511 tontes
675 1435 759 1507 salis
772 1438 974 1510 attribuisse
986 1433 1077 1532 Epi·
1227 1437 1326 1510 llaec
1349 1436 1466 1508 officia
1497 1459 1579 1508 cum
1612 1436 1752 1526 prosint
1783 1434 1905 1512 multis
1939 1437 2116 1526 gentibus,

84 1561 193 1632 scopo
212 1533 521 1628 Meideburgensi,
553 1562 620 1634 qua
636 1537 676 1607 in
693 1560 732 1609 re
749 1552 785 1612 et
800 1538 929 1632 pietas,
959 1552 994 1611 et
1018 1563 1075 1612 ss·
1126 1540 1284 1632 prolecto
1307 1537 1434 1611 iniusti
1455 1551 1557 1622 sunt,
1598 1537 1661 1630 qui
1688 1535 1788 1608 urbis
1817 1538 2111 1631 tranquillitatem

82 1639 222 1731 pientia
253 1638 489 1709 laudatissimi
518 1637 695 1732 Principis
726 1641 952 1734 conspicitur.
1025 1640 1076 1714 Ut
1126 1642 1290 1722 turbant,
1315 1650 1349 1712 et
1364 1661 1493 1712 nocere
1506 1636 1646 1710 civibus
1657 1638 1818 1728 eupiunt.

84 1740 183 1812 enim
211 1741 435 1822 ostenderet,
471 1738 652 1826 relatori,
689 1736 755 1812 bos
778 1743 898 1834 fontes
913 1763 988 1814 esse
1005 1740 1074 1814 Dei
1226 1740 1298 1814 Sed
1316 1741 1412 1814 dicat
1428 1738 1575 1834 aliquis:
1603 1737 1700 1830 Quid
1726 1749 1909 1832 tantopere
1930 1737 2111 1830 praedicas

83 1843 246 1925 donum,
287 1837 462 1934 primitias
483 1839 567 1914 inde
589 1841 806 1914 consecravit
825 1841 924 1934 Deo,
958 1843 1012 1914 sie
1031 1857 1075 1915 nt
1125 1839 1193 1916 boc
1207 1841 1417 1914 bebelidurn
1435 1842 1473 1912 in
1494 1865 1534 1912 re
1553 1840 1632 1926 vili,
1658 1854 1695 1910 et
1713 1863 1783 1934 qua
1804 1864 1923 1912 cerere
1945 1835 2110 1911 homines

84 1942 297 2034 prodessent
312 1943 354 2011 ad
371 1941 674 2016 conservationem
699 1943 893 2036 evangelici
912 1943 1074 2017 ministe-
1124 1945 1297 2038 possum?
1357 1941 1453 2014 Num
1489 1943 1571 2013 ideo
1603 1942 1708 2012 nubis
1738 1939 1975 2032 Hesperidum
2013 1937 2109 2010 horti

83 2043 132 2112 rii
153 2043 192 2111 in
210 2037 276 2111 hac
292 2039 433 2112 ricinia.
495 2097 499 2104 -
1124 2044 1395 2137 magnifaciendi
1413 2056 1515 2129 sunt,
1540 2055 1602 2115 aut
1617 2043 1771 2112 adeundi
1787 2041 1999 2135 perSyrtes,
2024 2040 2109 2133 quia
2153 2075 2163 2098 ι

188 2139 328 2213 Deinde
344 2136 451 2211 huius
466 2141 607 2212 consilii
622 2157 655 2216 et
670 2139 756 2218 baec
771 2169 873 2218 causa
890 2145 970 2224 luit.
1007 2144 1073 2220 Sa-
1122 2143 1294 2240 silphium
1311 2146 1486 2237 gignunt?
1516 2139 1591 2218 Aut
1605 2143 1684 2214 ideo
1700 2139 2004 2235 permutabis,
2024 2141 2108 2234 quia

83 2245 182 2314 linae
205 2241 389 2336 publicum
411 2241 546 2314 ηοηηιη
573 2258 674 2332 sunt,
710 2260 746 2320 et
768 2247 960 2320 multarum
986 2271 1073 2341 gen-
1122 2245 1207 2323 thus
1224 2248 1356 2339 gignit,
1381 2271 1463 2318 cum
1479 2241 1537 2316 bis
1552 2246 1658 2316 rebus
1673 2243 2002 2336 carerepossimus?

84 2345 175 2416 tium
192 2366 296 2415 eausa
319 2345 581 2416 conservandae
600 2360 696 2419 sunt.
747 2345 796 2420 Ut
820 2349 931 2440 igitur
950 2373 1073 2444 parce-
1225 2347 1367 2438 lngrata
1391 2361 1443 2419 est
1466 2341 1622 2440 bumana
1646 2359 1773 2419 natura
1791 2342 1892 2434 Deo,
1923 2367 2013 2438 quae
2041 2338 2109 2428 rer,

82 2460 183 2517 retur
199 2438 257 2514 bis
274 2445 434 2516 lontibus
449 2444 488 2514 in
505 2446 627 2533 bellis,
652 2449 814 2523 attribuit
827 2447 1073 2527 eosllaeelesiis.
1122 2473 1210 2546 quas
1225 2449 1342 2522 voluit
1355 2448 1454 2521 Deus
1469 2471 1544 2521 essa
1566 2469 1792 2532 communes,
1817 2448 1902 2541 quia
1924 2459 2008 2517 sunt
2030 2466 2108 2514 ma·

83 2546 183 2636 Quia
209 2557 296 2618 tune
327 2547 471 2640 quidem
498 2543 731 2620 Germanicae
758 2551 873 2642 gentis
894 2548 1011 2624 adhuc
1030 2576 1071 2623 ea
1121 2554 1215 2623 xime
1244 2550 1478 2636 necessariae,
1513 2562 1702 2641 propterea
1735 2550 1831 2642 quod
1862 2561 1946 2620 sunt
1972 2546 2110 2630 obviae,

83 2645 257 2716 modestia
273 2645 359 2732 luit,
382 2659 422 2718 ut
436 2645 541 2719 etiarn
560 2647 598 2718 in
616 2649 721 2722 bellis
742 2653 934 2727 abstineret
956 2655 1002 2724 ab
1027 2653 1071 2724 iis
1121 2651 1266 2724 viliores
1286 2675 1361 2722 esse
1378 2665 1506 2726 censet.
1561 2647 1708 2722 Rectius
1728 2647 1924 2732 Pindarus,
1958 2648 2018 2740 qui
2041 2646 2106 2716 ait:

82 2748 211 2830 rebus,
243 2771 335 2844 quae
357 2743 524 2818 Ecclesiis
546 2763 766 2822 consecratae
791 2767 901 2822 eraut.
953 2752 1069 2841 Quem
1120 2753 1274 2848 ἄριστον
1304 2747 1423 2849 ὕδωρ..
1488 2749 1707 2844 Sapientiam
1745 2764 1780 2822 et
1816 2749 2009 2821 bonitatem
2037 2743 2107 2822 Dei

80 2847 194 2918 fuisse
220 2849 576 2936 moramvetustatis,
618 2865 652 2924 et
675 2875 715 2922 er
739 2849 897 2924 Homero
918 2852 1070 2945 intelligi
1119 2875 1348 2945 agnomsmus
1366 2853 1405 2922 in
1426 2847 1492 2922 bac
1517 2853 1591 2942 ipsa
1611 2851 1738 2922 mundi
1759 2849 1983 2930 oeconomia,
2009 2847 2105 2941 quod

80 2959 218 3040 potest,
245 2949 306 3041 qui
331 2950 472 3036 scribit,
496 2951 687 3024 exercitum
703 2949 879 3024 Graecum
903 2955 1069 3044 pestilen-
1119 2979 1175 3032 res
1190 2951 1342 3024 maxime
1357 2953 1571 3023 necessarias
1592 2951 1722 3045 passim
1743 2951 1867 3023 obvias
1887 2974 1961 3022 esse
1981 2949 2106 3022 voluit.

81 3053 126 3120 tia
142 3047 313 3142 punitum
328 3073 414 3136 esse,
430 3065 575 3144 propter
589 3065 725 3146 raptam
734 3051 935 3127 Sacerdotis
949 3056 1069 3132 filiam.
1117 3055 1275 3128 Naturae
1295 3051 1543 3146 praestantiam
1558 3052 1684 3139 etiam,
1709 3066 1883 3147 quantum
1907 3072 2105 3145 possumus,

79 3147 127 3222 Et
148 3153 246 3241 apud
258 3147 483 3243 ¹Sophoclem
505 3151 676 3228 Hercules
703 3155 766 3226 dat
792 3157 957 3228 mandata
980 3151 1068 3227 Phi·
1118 3157 1393 3229 consideremus.

80 3253 230 3323 loctetae
246 3264 282 3321 et
298 3247 455 3346 Pyrrho,
476 3276 525 3322 ne
541 3254 673 3346 templs
697 3255 844 3328 violent.
895 3255 1070 3330 AcToti-
1220 3255 1328 3330 Sedu
1344 3279 1418 3324 rem
1434 3255 1609 3328 miseram.
1661 3252 2023 3328 Fruimurbeneliciis
2038 3247 2106 3322 Dei

80 3354 130 3424 las
157 3376 220 3423 rex
244 3349 437 3424 Gottbieus
451 3351 588 3426 Rornae
609 3351 893 3428 Christianorum
917 3359 1070 3450 templis,
1118 3357 1452 3442 innumerabilibus,
1481 3369 1516 3427 et
1532 3351 1635 3428 multi
1653 3380 1718 3428 nec
1730 3379 1849 3428 rerum
1865 3355 2021 3446 ipsarum
2039 3375 2106 3422 na-

80 3453 287 3546 etpopulo,
310 3454 428 3549 quiin
444 3457 722 3546 eaconlugerat,
747 3461 914 3550 pepercit.
952 3457 1069 3544 Nunc,
1118 3473 1217 3530 turas
1246 3457 1440 3548 aspiciunt,
1473 3481 1539 3528 nee
1567 3471 1723 3529 autorem
1754 3469 1943 3549 qsraeruut.
2007 3450 2120 3524 llaec·

81 3569 121 3625 ut
146 3556 186 3624 in
213 3554 294 3626 aliis
317 3555 440 3628 multis
458 3557 583 3644 rebus,
613 3557 797 3630 barbaries
817 3573 852 3632 et
874 3559 1069 3656 petulantia
1119 3558 1259 3649 ignavis
1282 3558 1485 3628 detestanda
1508 3571 1570 3632 est.
1634 3555 1758 3648 Caligo
1779 3580 1863 3627 vero
1888 3557 2017 3625 mentis
2041 3555 2105 3622 de·
2133 3599 2149 3622 .

80 3657 197 3727 maior
212 3667 278 3731 est.
762 3640 775 3670 ⁹
1118 3660 1291 3751 ploranda
1313 3672 1384 3744 est,
1409 3661 1505 3752 quod
1532 3659 1738 3747 etiampcum
1759 3669 1923 3730 naturam
1948 3654 2105 3748 inquiri-

185 3753 370 3827 Credibile
398 3769 450 3828 est
479 3769 614 3840 autem,
640 3769 676 3828 et
702 3771 783 3830 ante
803 3754 985 3834 Otbonem
1008 3760 1072 3831 diu
1118 3783 1217 3846 mus,
1245 3773 1364 3832 tamen
1387 3760 1446 3830 vix
1467 3760 1613 3852 procul,
1642 3773 1682 3831 ut
1701 3758 1847 3829 urbium
1869 3755 1995 3850 procul
2018 3778 2105 3826 con-

78 3856 144 3930 bas
169 3858 302 3928 salinas
325 3855 452 3939 fuisse,
474 3857 558 3952 quia
579 3857 726 3932 nomina
749 3863 958 3948 ostendunt,
983 3863 1071 3933 duas
1120 3875 1316 3956 specterum
1333 3858 1536 3947 cacumina,
1556 3860 1756 3951 aspicimus.
1797 3857 1869 3930 Nec
1884 3873 2003 3930 tamen
2018 3851 2106 3928 baec

79 3962 133 4030 ibi
158 3973 295 4049 gentes,
323 3955 572 4028 Germanicam
596 3971 630 4031 et
645 3957 820 4036 Henetam
844 3962 883 4032 in
904 3964 980 4058 ripa
1001 3965 1072 4035 llu-
1119 3965 1194 4056 ipsa
1209 3961 1393 4052 diligentia
1410 3962 1530 4032 inanis
1543 3975 1608 4036 est.

80 4063 193 4131 minis
211 4059 315 4132 Seiae
331 4053 526 4146 habitasse,
550 4084 630 4130 rum
648 4063 790 4158 quidem
808 4059 965 4136 Othonis
979 4079 1070 4139 tem·
1220 4061 1438 4135 Monstravit
1450 4063 1651 4134 rudimenta
1669 4064 1841 4156 quaedam
1849 4057 1957 4147 Deus,
1987 4076 2022 4133 et
2037 4063 2104 4132 ali-

81 4187 170 4253 pore
203 4162 304 4230 nulla
340 4159 389 4229 ibi
423 4161 535 4250 gentis
567 4159 725 4236 Henetae
756 4167 913 4259 potentia
952 4167 1069 4240 suerit.
1123 4185 1298 4260 quasesse
1314 4178 1426 4236 certas
1441 4165 1590 4236 noticias
1607 4163 1739 4249 voluit,
1764 4179 1807 4236 ut
1827 4186 1975 4254 operum
1992 4178 2024 4234 et
2044 4186 2105 4234 or·

79 4261 261 4336 Existimo
285 4262 390 4331 etiam
417 4257 479 4332 bas
502 4264 596 4353 ipsas
624 4287 697 4335 esse
723 4263 881 4354 Salinas,
918 4292 1070 4362 quarum
1119 4267 1215 4340 dinis
1230 4266 1381 4356 aspectio
1400 4263 1690 4336 commonefactio
1705 4279 1794 4336 esset
1806 4266 1851 4334 de
1868 4277 2002 4334 autore.

79 4365 301 4434 mentionem
332 4362 416 4433 sarit
437 4361 625 4434 Cornelius
648 4363 810 4452 Tacitus,
850 4367 914 4462 qui
941 4370 1073 4456 scribit,
1221 4364 1393 4438 Condidit
1417 4363 1512 4438 Deus
1535 4359 1688 4460 quatu'or
1714 4367 1827 4459 prims
1859 4387 2023 4456 corpora,
2062 4385 2105 4432 ex

81 4467 270 4536 dimicasse
286 4465 485 4535 intersede
499 4466 659 4538 lontibus
679 4469 763 4539 salis
785 4467 908 4540 Cattos
927 4484 960 4540 et
976 4467 1073 4542 Cbe·
1120 4467 1364 4563 quibusnasci
1379 4467 1489 4538 mista
1511 4469 1644 4552 voluit,
1671 4483 1705 4540 et
1727 4467 1970 4538 admirabilem
1993 4478 2105 4533 mate·

82 4591 221 4641 ruscos.
286 4563 358 4636 Nec
380 4566 529 4640 dubium
559 4580 630 4652 est,
667 4563 865 4641 Cheruscos
885 4568 1072 4644 Hercinios
1119 4572 1193 4642 riae
1204 4569 1569 4642 varietatem-inclusit
1590 4581 1745 4664 quatuor
1764 4565 2008 4662 qualitatibus:
2034 4563 2104 4635 Ca-

81 4691 169 4740 esse.
232 4662 287 4740 bd
308 4663 432 4740 Cattos
456 4682 575 4741 sutem
596 4669 806 4761 pertinuisse
830 4695 929 4743 oram
953 4675 1073 4765 proxi·-
1121 4673 1213 4756 lide,
1246 4670 1395 4760 frigido,
1427 4662 1580 4740 humido
1599 4683 1634 4741 et
1652 4670 1757 4746 sicco.
1823 4665 2018 4738 Credamus
2048 4687 2104 4734 sa·
2153 4706 2156 4712 ·

80 4793 178 4840 marn
193 4766 333 4860 sylvae,
359 4768 443 4842 inde
457 4793 569 4864 tuque
581 4771 630 4844 sb
644 4769 849 4846 lsenacoed
872 4775 985 4868 ripam
1003 4777 1072 4850 flu-
1120 4773 1252 4865 pientia
1267 4769 1353 4857 Det,
1378 4767 1464 4840 baec
1479 4793 1595 4864 neque
1607 4771 1733 4856 stulte,
1758 4791 1873 4862 neque
1889 4781 2019 4837 temere
2041 4767 2103 4836 co'·

80 4868 194 4945 minis
214 4866 388 4944 Uestroti.
1120 4875 1226 4965 gitata
1241 4895 1332 4958 esse,
1357 4885 1392 4942 et
1411 4893 1467 4942 res
1481 4871 1575 4963 ipsas
1590 4870 1896 4959 magnifaciamus,
1921 4868 2003 4960 quia
2020 4881 2104 4937 sunt

189 4968 293 5043 Hanc
321 4971 696 5044 commemorationem
721 4977 767 5046 de
797 4977 1007 5071 antiquitate
1025 5001 1075 5049 eo
1114 4971 1309 5068 opessllei,
1360 4970 1493 5044 Causas
1507 4997 1591 5042 vero
1606 4970 1746 5042 consilii
1763 4969 2001 5040 fabricationis
2019 4980 2104 5038 tunc

79 5071 224 5158 addidi,
258 5071 341 5166 quia
365 5070 581 5146 diuurmitas
594 5075 700 5148 etiarn
716 5089 881 5164 onasus,
905 5082 994 5152 mles
1009 5101 1071 5149 ve-
1120 5097 1315 5160 eernemus,
1339 5097 1419 5146 cum
1436 5075 1474 5143 in
1489 5087 1564 5145 tota
1579 5073 1785 5143 aeteruitate
1800 5072 1913 5142 ideam
1931 5069 2048 5160 operis
2064 5070 2102 5136 in

79 5198 143 5246 Μ*
173 5166 294 5256 &Det
326 5186 362 5249 el
388 5171 550 5252 modim
576 5197 671 5262 este,
711 5192 748 5250 et
774 5179 919 5251 mund.
977 5179 1069 5252 Nem
1118 5179 1192 5250 blio
1208 5177 1275 5249 Dei
1291 5197 1410 5248 coram
1428 5173 1657 5246 intuebimur.
2178 5239 2182 5254 ‚

79 5273 216 5348 esame
239 5274 321 5365 aaa
341 5273 557 5363 disputabit.
596 5273 804 5352 &mettun
829 5277 995 5354 aarum
1023 5283 1083 5352 a*
1220 5278 1364 5350 eorem
1379 5276 1473 5349 neu.
1488 5275 1595 5345 ntem
1618 5273 1773 5345 eona...
1795 5284 1958 5342 natur...
1983 5265 2105 5338 110...-

81 5377 160 5447 aliis
185 5373 347 5446 lontibus
368 5374 486 5468 loqui,
526 5387 644 5448 tamen
677 5381 814 5454 vicinos
834 5382 985 5475 intelligi
1005 5403 1069 5454 ne-
1117 5402 1225 5468 nuro,
1249 5401 1340 5476 quase
1356 5378 1489 5449 viveret
1504 5375 1583 5447 sine
1595 5375 1789 5460 alimento,
1812 5385 1875 5443 sut
1898 5380 2101 5462 pasceretur
