4706 5818
206 295 282 382 975
356 299 358 301 ’
452 299 660 382 SCRIPTA
684 300 762 382 ΡΗ.
785 294 905 382 MEL.
930 295 999 378 An
1021 297 1149 380 ms'r.
1172 297 1319 382 PROE.
1344 297 1423 376 ET'
1436 292 1632 378 tfflnos
1656 288 1981 380 SPECTANTIA.
2153 307 2236 381 9⁷6

311 473 415 548 lianc
437 475 733 570 tranquillitatem
755 488 792 547 et
812 469 1203 568 imperii·etEmlesis-'
1245 459 1461 544 testimoniis
1485 486 1590 544 verae
1613 473 1809 548 senamttse
1824 469 2235 567 tegsmnsettssuricm

213 601 295 651 rum
319 578 477 650 turbavit
498 575 691 662 Diabolus,
722 575 786 669 qui
815 574 902 646 odio
923 569 991 645 nei
1018 576 1064 647 ab
1091 573 1197 647 initio
1245 583 1282 647 et
1297 572 1503 650 certamina.
1938 600 1942 623 ·

214 692 295 775 post
315 681 454 771 lapsum
477 677 691 751 contumelia
715 675 835 749 affecit
854 673 989 762 Deum,
1013 686 1049 747 et
1071 675 1199 767 primis
1348 671 1441 746 Cum
1460 687 1579 747 sutem
1591 669 1702 747 Arius
1720 677 1882 752 trsxium
1903 677 1944 748 in
1962 697 2067 750 mam
2080 689 2235 776 serm

206 781 584 878 parenubusefilium
598 771 821 858 machinatus
836 791 897 851 est.
947 774 1048 847 Idem
1061 799 1200 870 semper
1248 772 1332 848 tism
1346 773 1697 870 aliquotEpisoopos,
1712 779 1832 850 ctiam
1845 779 2086 852 nonobscnrs
2099 781 2237 853 discoc-

219 883 303 1056 e‘·
345 874 898 1074 ,attrectastis
919 877 1202 1070 {astuta
1249 874 2090 1075 ttztttttttettttuttttt
2106 903 2239 1061 :ut

65 1032 67 1044 '
570 1036 581 1068 θ
1170 1063 1171 1068 ,
1412 1030 1423 1065 2
2034 1057 2040 1072 .

223 1005 424 1156 Oerieyritem.
475 1081 624 1176 Impulit
644 1079 896 1176 Presbyterum
918 1079 1202 1152 Alexandrinum
1250 1073 1443 1174 liitbynise
1460 1072 1643 1161 Nireum,
1676 1094 1717 1153 nt
1744 1082 1798 1154 ibi
1818 1081 1860 1156 in
1880 1082 2031 1179 Synodo
2060 1083 2240 1174 confessio

224 1181 376 1267 Arium,
404 1197 447 1258 ut
470 1195 601 1256 sereret
621 1181 777 1274 impium·
793 1183 940 1273 dogma,
970 1193 1083 1254 astute
1103 1181 1204 1253 lucs-
1253 1179 1490 1272 singulorum,
1515 1192 1551 1251 et
1564 1180 2240 1260 confessionistes'timoniasudiantnr:

225 1301 302 1359 tum
315 1298 440 1359 contra
456 1284 679 1358 divinitatem
693 1279 840 1354 Christi.
890 1280 1061 1358 Scribant
1076 1296 1206 1370 summ,
1254 1295 1289 1353 et
1303 1293 1476 1374 quantum
1497 1281 1574 1352 lieri
1595 1295 1732 1373 posset,
1756 1283 1932 1356 discordia
1954 1287 2113 1360 tollatur.
2162 1286 2241 1366 Cu·

225 1390 353 1460 dolore
365 1387 526 1479 repulsae
542 1397 679 1456 motum
696 1379 938 1466 melitium,
963 1407 1044 1455 cum
1060 1407 1136 1456 non
1150 1406 1206 1456 es-
1254 1395 1312 1456 rat
1324 1395 1358 1454 et
1373 1381 1528 1476 publicis
1540 1377 1714 1456 vehiculis
1736 1406 1797 1456 eos
1812 1379 1957 1461 advehi.

226 1502 279 1560 set
301 1489 414 1560 iactus
436 1485 654 1582 Episcopus,
684 1501 725 1559 ut
756 1488 1002 1558 adversaretur
1017 1481 1195 1579 Episcopo
1356 1480 1612 1556 Convenerunt
1633 1483 1743 1574 igitur
1763 1487 1938 1572 trecenti,
1956 1489 2083 1558 decem-
2097 1502 2134 1560 et
2156 1503 2241 1564 octo

227 1589 444 1662 Alexandro.
1256 1577 1439 1682 Episcopi.
1490 1581 1590 1658 Inter
1601 1579 1669 1656 bos
1684 1599 1854 1682 mamyres
1877 1587 2141 1674 multiluemut
2155 1615 2242 1664 mu·

329 1685 505 1762 Existimo
530 1702 650 1762 autem
665 1683 793 1760 Arium
809 1686 1031 1778 reipssidem
1046 1687 1208 1772 sensisse,
1257 1683 1349 1756 tilati
1363 1685 1483 1779 aliqua
1500 1687 1659 1776 corporis
1671 1701 1787 1779 parte,
1812 1711 1894 1760 cum
1917 1684 2034 1760 adbuc
2049 1690 2240 1766 saeviciam

229 1793 327 1887 qnod
340 1797 526 1863 senserunt
540 1787 685 1874 Ebion,
712 1787 978 1873 samosatenus,
1011 1801 1046 1860 ct
1064 1788 1209 1874 similes,
1258 1799 1457 1857 exercerent
1478 1785 1700 1859 Maximinus
1719 1801 1754 1860 et
1776 1788 1950 1864 Licinius.
2004 1788 2241 1867 advenerunt
2350 1811 2351 1822 ¹

186 1935 189 1942 ⁴
229 1895 321 1965 sicut
341 1906 377 1964 et
391 1893 593 1964 Alexander
604 1887 802 1985 Episcopus
816 1875 1081 1960 iltexmdrinm
1099 1891 1145 1959 de
1167 1913 1209 1960 eo
1257 1883 1480 1982 Presbyteri,
1510 1887 1616 1978 legati
1630 1885 1910 1982 Episcopomm,
1940 1888 2004 1986 qui
2023 1905 2169 1985 propter
2183 1917 2243 1965 se-

230 1992 371 2066 scribit:
401 1991 509 2065 Scitis
535 2012 661 2078 recens
687 2003 820 2062 motam
856 1990 1056 2061 doctrinam
1085 2005 1209 2063 conua
1257 1999 1396 2058 nectam
1419 2001 1455 2060 et
1475 1991 1619 2060 morbos
1642 1992 1806 2062 accedere
1820 2014 1895 2063 non
1909 2003 2110 2083 potuerant.
2160 1992 2243 2072 Ad-

229 2091 409 2166 Ecclesiae
437 2093 625 2186 pietatem,
664 2115 738 2162 esse
761 2085 942 2178 Ebisma,
979 2085 1149 2162 Artssnoe
1175 2105 1211 2164 et
1257 2087 1404 2160 fuerunt
1424 2102 1460 2159 et
1481 2088 1562 2160 laici
1581 2091 1707 2177 multi,
1735 2091 1805 2162 viri
1832 2092 1927 2163 docti
1958 2105 1994 2164 et
2027 2093 2092 2186 pii.
2141 2094 2244 2168 Haec

231 2191 472 2266 Samosatam
484 2193 699 2284 contagium,
719 2192 835 2283 quiin
851 2189 1006 2287 Synodis
1020 2205 1056 2263 et
1069 2192 1211 2264 iudiciis
1258 2186 1426 2284 Synodus
1448 2185 1613 2263 inehosta
1629 2204 1680 2262 est
1694 2215 1790 2262 anno
1807 2193 2053 2265 trecentesimo
2069 2195 2240 2269 vicesimo

233 2293 494 2389 Episcoporum
513 2296 649 2388 ubique
670 2317 712 2364 ex
726 2288 884 2364 Ecclesia
897 2293 999 2364 eiecti
1013 2307 1108 2365 sunt.
1259 2303 1385 2372 octavo
1420 2285 1576 2377 Christi,
1612 2314 1708 2366 snno
1731 2293 1887 2386 imperii
1915 2291 2145 2370 Constantini
2177 2301 2244 2370 de-

333 2395 404 2468 Sed
426 2419 507 2466 cum
529 2419 604 2465 non
625 2395 770 2466 auderet
783 2389 893 2466 Arius
906 2416 1066 2487 expresse
1082 2416 1210 2484 negare
1259 2391 1351 2460 cimo
1366 2414 1477 2466 nono.
2350 2477 2351 2490 ἵ

234 2491 349 2594 λόγον
362 2489 726 2594 essssipsmoipsarov,
751 2507 865 2566 sstnte
887 2495 959 2565 alis
976 2495 1092 2586 specie
1105 2495 1212 2568 struit
1361 2488 1428 2563 Est
1446 2504 1564 2564 autem
1588 2491 1838 2584 dignissimum
1858 2519 1948 2589 opus
1972 2497 2192 2591 sapientibus
2207 2517 2245 2575 ct

233 2597 399 2668 insidias:
429 2599 530 2670 Dicit
548 2621 624 2672 uon
643 2619 717 2668 esse
738 2596 1071 2688 coaeternumpstri
1086 2588 1211 2694 λόγον,
1259 2591 1398 2683 magnis
1408 2593 1577 2684 regibus,
1603 2595 1697 2666 iusto
1712 2598 1820 2668 modo
1835 2611 1871 2670 et
1889 2599 2017 2670 ordine
2030 2601 2156 2676 tollere
2168 2602 2246 2674 dis·

234 2701 296 2770 sed
316 2721 490 2768 summsm
515 2711 712 2770 creaturam
733 2691 905 2767 exnihilo
920 2697 1113 2783 conditam,
1163 2692 1213 2767 Et
1260 2693 1352 2764 sidia
1367 2689 1625 2781 Ecclesiarum,
1654 2697 1812 2768 indicere
1829 2713 1864 2770 et
1880 2712 1973 2771 recte
1986 2724 2107 2792 regere
2122 2700 2243 2800 Syno-
2350 2703 2351 2720 ¹

233 2821 319 2872 usus
333 2813 385 2871 est
398 2793 591 2870 bisformis
606 2798 793 2893 loquendi:
817 2788 983 2891 ἦνπάτε,
1006 2793 1068 2869 ὅτε
1083 2789 1213 2891 cinips
1261 2793 1348 2886 dos,
1386 2795 1477 2866 sicut
1507 2795 1666 2870 fecerunt
1680 2831 1682 2836 ·
1695 2795 1969 2889 Constantinus,
2016 2798 2245 2878 Theodosius

236 2892 361 2997 λόγος,
391 2895 460 2970 boc
481 2913 547 2972 est:
576 2897 666 2972 Erat
679 2913 798 2994 pater,
824 2923 906 2970 cunr
932 2899 1094 2968 noudum
1123 2911 1214 2970 esset
1260 2896 1398 2992 primus
1411 2909 1446 2967 et
1460 2891 1687 2969 Theodosius
1701 2901 1889 2986 secundus,
1914 2915 1950 2979 et
1965 2900 2178 2994 Martianus,
2194 2915 2245 2982 ht

236 2996 356 3100 λόγος.
405 2999 515 3082 ltem,
540 3001 631 3074 dixit
653 3023 728 3073 esse
746 2995 899 3100 Λόγον,
927 2998 966 3080 ἐξ
985 2995 1055 3072 οὐκ
1069 2997 1214 3091 'darom
1261 2996 1355 3067 infra
1369 2995 1517 3068 dicetur.

237 3127 279 3172 ex
294 3125 371 3172 non
386 3102 637 3183 existentibus,
663 3103 786 3182 idest,
811 3124 853 3171 ex
867 3094 995 3172 nihilo.
1049 3098 1146 3170 Haec
1162 3113 1215 3171 est
1363 3093 1437 3166 Nec
1452 3111 1544 3169 recte
1560 3097 1735 3186 sentiunt,
1760 3101 1823 3196 qui
1845 3102 1986 3192 dicunt,
2011 3101 2106 3180 hanc
2120 3128 2242 3178 curam

237 3225 372 3274 summa
387 3203 580 3272 sententiae
594 3199 696 3285 Arii,
720 3223 827 3294 quam
851 3201 882 3270 si
902 3200 1216 3294 quiapropcaspi.
1263 3195 1446 3264 indicendi
1460 3195 1623 3291 Synodos
1645 3201 1693 3270 ad
1716 3201 1810 3274 solos
1831 3199 2029 3299 Episcopus
2049 3206 2243 3302 pertinere:

239 3304 325 3387 ciet,
356 3296 598 3394 deprehendet
623 3325 700 3372 eam
723 3301 875 3370 vicinam
898 3323 973 3370 esse
995 3298 1217 3371 Samosateni
1264 3295 1361 3385 Quia
1384 3296 1441 3364 lex
1460 3297 1583 3368 divirm
1605 3311 1640 3368 et
1656 3301 1821 3392 politicae
1835 3309 1997 3397 potestati
2024 3321 2063 3379 et·
2081 3307 2243 3381 doctori-

237 3403 423 3494 impietati.
471 3401 582 3492 Negat
602 3416 720 3474 antem
741 3401 854 3492 reipsa
874 3400 988 3471 blium
1011 3421 1085 3472 esse
1099 3401 1146 3472 de
1160 3423 1217 3470 es·-
1263 3397 1331 3468 bus
1347 3397 1518 3491 praecipit
1538 3399 1662 3470 tollere
1686 3397 1922 3496 blasphemias
1943 3422 1978 3480 et
1995 3408 2103 3482 idola.
2151 3406 2245 3480 Cum

238 3505 351 3575 sentis
372 3503 499 3595 patris,
531 3517 568 3578 ct
589 3504 888 3596 omnipotentem,
928 3501 1012 3596 qnia
1034 3502 1123 3573 dicit
1143 3524 1217 3574 esse
1264 3497 1374 3588 igitur
1396 3498 1541 3569 dissidia
1565 3501 1749 3589 oriuntur,
1789 3505 1896 3576 etiam
1918 3507 2064 3599 politica
2092 3524 2246 3604 potestas

240 3605 278 3687 ἐξ
290 3601 360 3679 οὐκ
375 3601 508 3680 ὄντων.
1265 3611 1363 3671 curet
1374 3597 1568 3690 legitimam
1583 3602 1823 3692 cognitionem
1836 3607 1995 3691 institui,
2022 3610 2060 3680 in
2082 3636 2151 3708 qua
2178 3614 2246 3684 do·

340 3706 399 3777 Pii
412 3719 656 3798 opposuerunt
669 3717 775 3798 caput
789 3704 943 3797 primurn
957 3698 1217 3789 lobannis,ubi
1266 3713 1379 3770 ctorcs
1401 3701 1529 3772 et'alia
1551 3704 1709 3776 membre
1729 3701 1908 3780 Ecclesiae
1931 3709 2080 3800 idonea,
2119 3726 2156 3785 et
2178 3713 2247 3807 ipsi

241 3807 389 3879 dicitur:
430 3803 496 3880 soi
528 3803 618 3888 θεὸς
642 3799 690 3900 ἦν
706 3801 741 3900 gd
766 3799 885 3904 λόγος.
935 3801 1025 3877 Item
1052 3805 1147 3877 dicta
1173 3807 1219 3875 de
1265 3801 1465 3894 principes,
1498 3824 1537 3873 re
1558 3802 1751 3899 inquisita,
1784 3809 1905 3882 dicant
1930 3834 2010 3884 suas
2039 3815 2245 3889 sententias,

241 3908 499 4000 omnipotentis
519 3909 603 3992 blii',
627 3921 669 3978 nt
690 3930 772 3977 ntor
793 3901 965 3977 Iohannis
988 3906 1105 3997 primo
1129 3906 1219 3976 dici-
1267 3900 1368 3993 Quia‘
1388 3901 1562 3974 indicium
1585 3905 1677 3977 illud
1699 3931 1773 3978 non
1796 3923 1848 3981 est
1875 3911 1984 3984 unius
2007 3917 2156 4006 gradus,
2186 3917 2248 3986 sed

243 4023 322 4080 tura
360 4003 495 4078 Omnia
517 4008 717 4101 peripsum
738 4008 829 4077 iacta
852 4021 948 4080 sunt.
999 4005 1106 4080 Item:
1140 4003 1218 4096 Ege
1266 4003 1428 4075 omnium
1445 4006 1689 4080 membrorum
1704 4003 1894 4098 Ecclesiae,
1916 4037 2006 4108 quae
2021 4031 2105 4090 sunt
2118 4017 2247 4090 idonea

91 4192 95 4207 Ι
236 4109 353 4181 vitam
373 4119 550 4180 aeternam
569 4111 617 4180 do
640 4107 701 4178 eis.
751 4101 815 4180 Et:
841 4105 928 4180 Sine
942 4129 1000 4176 me
1012 4103 1106 4178 nihil
1119 4107 1221 4200 pote<
1265 4106 1311 4176 ad
1327 4105 1570 4182 iudicandum.
1620 4107 1744 4181 Postea
1760 4134 1840 4181 cum
1855 4115 1984 4186 veritas
1998 4120 2173 4211 patefacta
2186 4133 2249 4207 est,

235 4212 307 4281 ¹stis
321 4213 445 4286 lacere.
496 4207 670 4282 Matthaei
696 4208 769 4280 lb:
802 4205 1016 4302 Ubicunque
1039 4221 1122 4280 sunt
1147 4211 1219 4280 dno
1266 4207 1326 4279 fiat
1354 4205 1556 4300 exequutio.
1618 4205 1790 4284 Doctores
1822 4215 1977 4294 militent
2009 4233 2044 4291 et
2075 4221 2247 4293 damnent

245 4325 308 4383 aut
332 4325 402 4383 tres
423 4314 623 4404 congregati
649 4311 687 4381 in
708 4309 856 4380 nomine
875 4331 972 4396 meo,
1002 4309 1054 4381 ibi
1078 4332 1156 4380 sum
1179 4311 1218 4379 in
1266 4303 1535 4401 blasphemias.'
1564 4306 1722 4383 Potestas
1742 4315 1887 4407 politica
1915 4313 2102 4408 prohibeat
2131 4337 2247 4395 exter·

245 4413 364 4484 medio
388 4437 524 4484 eorum.
573 4411 707 4485 Adesse
726 4411 878 4505 ubique,
900 4411 1067 4482 exaudire
1091 4425 1124 4484 ct
1139 4413 1219 4502 opi·
1267 4431 1350 4478 nam
1366 4408 1619 4499 professionem
1636 4410 1793 4505 impiam,
1815 4431 1995 4492 removeat
2011 4411 2249 4515 blasphemos,

246 4515 353 4585 tulari
370 4514 502 4608 ubique
517 4516 658 4607 propria
675 4527 758 4584 sunt
779 4513 922 4584 divinae
939 4526 1099 4584 naturae.
1148 4511 1219 4584 Co-
1266 4533 1313 4580 ne
1330 4510 1429 4580 virus
1444 4530 1547 4582 mum
1565 4513 1697 4585 adlient
1713 4515 1806 4588 aliis.

245 4618 374 4688 lossen.
394 4619 443 4691 1.:
469 4611 604 4686 Omnia
621 4639 683 4709 per
699 4615 816 4708 ipsum
833 4631 867 4686 et
889 4615 927 4683 io
942 4617 1058 4706 ipsum
1075 4615 1219 4686 condita
1368 4607 1472 4682 llanc
1502 4615 1713 4686 sententiam
1736 4618 1957 4692 'verissimam
1987 4646 2062 4698 esse
2081 4647 2156 4696 non
2180 4627 2249 4699 dn-

246 4733 348 4800 sunt,
374 4733 408 4789 et
427 4719 548 4789 omnia
572 4741 635 4810 per
653 4739 735 4788 eum
757 4715 964 4788 consistunt.
1015 4711 1144 4790 Ebrae.
1168 4717 1219 4788 l.:
1267 4710 1368 4782 bium
1398 4725 1463 4784 est.
1513 4710 1562 4787 Et
1590 4715 1721 4805 singuli
1743 4721 1919 4813 principes
1949 4723 1988 4794 in
2017 4747 2079 4798 sua
2107 4727 2248 4800 ditione

244 4813 315 4885 Per
335 4845 439 4912 quem
461 4833 495 4890 et
517 4819 633 4890 secula
654 4819 757 4902 fecit,
783 4815 845 4910 qui
869 4829 922 4885 est
945 4816 1063 4905 fulgor
1077 4817 1221 4905 gloriae,
1267 4813 1364 4906 piam
1388 4817 1614 4886 concordiam
1638 4811 1707 4888 hoc
1728 4822 1835 4890 modo
1856 4834 2034 4901 tueantur.
2083 4826 2156 4900 Sed
2172 4854 2247 4900 non

247 4930 282 4987 et
297 4919 425 5008 efligies
440 4919 655 4991 substantiae
669 4919 745 4989 eius
759 4929 957 4987 sustentans
973 4917 1103 4986 omnia.
1155 4915 1221 4986 Di·
1266 4915 1423 4987 serviant
1449 4917 1576 4988 alienis
1602 4920 1712 4990 odiis:
1747 4917 1821 4990 Nec
1849 4924 1927 4994 sine
1956 4925 2012 5015 pia
2043 4929 2248 5019 cognitione

247 5029 301 5088 cta
320 5020 425 5090 etiam
441 5021 485 5089 de
500 5021 723 5090 invocatione
741 5029 915 5090 testantur
927 5017 1039 5084 filium
1056 5017 1221 5108 omnipo-
1269 5015 1406 5107 gladios
1426 5017 1619 5110 stringant:
1649 5022 1710 5090 sed
1732 5022 1879 5094 audiant
1901 5017 2077 5121 utrunque
2097 5047 2246 5121 partem,

245 5132 378 5190 tentem
400 5142 488 5206 esse,
514 5121 604 5192 sieut
623 5117 780 5192 Ecclesia
804 5141 941 5212 semper
963 5116 1072 5188 dixit:
1092 5113 1222 5216 χρίστι
1268 5113 1584 5210 sicutDenssaepe
1599 5122 1785 5214 praecepit.
1835 5121 1882 5196 Et
1896 5126 2134 5202 iuramentum
2149 5133 2246 5204 Ani.

233 5217 402 5317 Ἐλέησον.
1269 5241 1348 5290 mm
1364 5218 1455 5290 erat:
1480 5215 1773 5320 ὅμοι’ωςᾶμφοῖν
1784 5220 2010 5320 ἀκροᾶσθαι,
2025 5242 2060 5302 ct
2073 5232 2146 5324 sint
2160 5257 2246 5306 nor-

233 5343 236 5348 ·
348 5323 451 5394 Talia
482 5321 680 5391 testimonia
704 5321 776 5390 sint
804 5317 843 5390 iu
874 5331 1081 5414 conspectu,
1120 5317 1221 5391 etin
1269 5341 1346 5388 mae
1378 5319 1502 5391 iudicii
1531 5322 1659 5416 scripta
1688 5321 1895 5420 prophetica
1927 5345 1961 5404 et
1989 5333 2181 5427 apostolica
2211 5348 2246 5407 et

248 5424 454 5516 quotidiana
468 5419 692 5493 invocatione
706 5421 917 5510 cogitentur.
957 5423 1010 5494 hc
1024 5418 1220 5494 confirmati
1242 5482 1248 5507 ,
1269 5417 1449 5515 Symbola.
