<?xml version="1.0" encoding="UTF-8"?>
<!DOCTYPE html PUBLIC "-//W3C//DTD XHTML 1.0 Transitional//EN"
    "http://www.w3.org/TR/xhtml1/DTD/xhtml1-transitional.dtd">
<html xmlns="http://www.w3.org/1999/xhtml" xml:lang="en" lang="en">
 <head>
  <title>
</title>
<meta http-equiv="Content-Type" content="text/html;charset=utf-8" />
  <meta name='ocr-system' content='tesseract 3.04.00' />
  <meta name='ocr-capabilities' content='ocr_page ocr_carea ocr_par ocr_line ocrx_word'/>
</head>
<body>
  <div class='ocr_page' id='page_1' title='image "./corpusreformato13melagoog_0239.png"; bbox 0 0 4606 5822; ppageno 0'>
   <div class='ocr_carea' id='block_1_1' title="bbox 206 219 2255 322">
    <p class='ocr_par' dir='ltr' id='par_1_1' title="bbox 206 219 2255 322">
     <span class='ocr_line' id='line_1_1' title="bbox 206 219 2255 322; baseline -0.007 -6"><span class='ocrx_word' id='word_1_1' title='bbox 206 241 283 322; x_wconf 83' lang='lat' dir='ltr'><strong>sto</strong></span> <span class='ocrx_word' id='word_1_2' title='bbox 982 219 1475 306; x_wconf 67' lang='lat' dir='ltr'><strong>DlSPUTATOlNES</strong></span> <span class='ocrx_word' id='word_1_3' title='bbox 2034 283 2038 290; x_wconf 66' lang='lat'><strong>·</strong></span> <span class='ocrx_word' id='word_1_4' title='bbox 2169 227 2255 308; x_wconf 80' lang='lat' dir='ltr'><strong>tto</strong></span> 
     </span>
    </p>
   </div>
   <div class='ocr_carea' id='block_1_2' title="bbox 119 392 2298 5470">
    <p class='ocr_par' dir='ltr' id='par_1_2' title="bbox 215 392 2257 803">
     <span class='ocr_line' id='line_1_2' title="bbox 315 392 2255 496; baseline -0.004 -12"><span class='ocrx_word' id='word_1_5' title='bbox 315 410 352 486; x_wconf 80' lang='lat' dir='ltr'><strong>d.</strong></span> <span class='ocrx_word' id='word_1_6' title='bbox 384 401 529 480; x_wconf 87' lang='lat' dir='ltr'><strong>Tertius</strong></span> <span class='ocrx_word' id='word_1_7' title='bbox 543 402 672 496; x_wconf 78' lang='lat' dir='ltr'><strong>gradus</strong></span> <span class='ocrx_word' id='word_1_8' title='bbox 687 410 849 474; x_wconf 82' lang='lat' dir='ltr'><strong>versatur</strong></span> <span class='ocrx_word' id='word_1_9' title='bbox 863 397 903 470; x_wconf 92' lang='lat' dir='ltr'><strong>iu</strong></span> <span class='ocrx_word' id='word_1_10' title='bbox 926 401 1033 474; x_wconf 88' lang='lat' dir='ltr'><strong>r&#39;ebus</strong></span> <span class='ocrx_word' id='word_1_11' title='bbox 1052 400 1211 475; x_wconf 78' lang='lat' dir='ltr'><strong>exterio-¹</strong></span> <span class='ocrx_word' id='word_1_12' title='bbox 1360 395 1404 470; x_wconf 91' lang='lat' dir='ltr'><strong>ln</strong></span> <span class='ocrx_word' id='word_1_13' title='bbox 1420 392 1492 468; x_wconf 88' lang='lat' dir='ltr'><strong>vita</strong></span> <span class='ocrx_word' id='word_1_14' title='bbox 1509 393 1689 492; x_wconf 85' lang='lat' dir='ltr'><strong>corporali</strong></span> <span class='ocrx_word' id='word_1_15' title='bbox 1704 417 1846 469; x_wconf 87' lang='lat' dir='ltr'><strong>necesse</strong></span> <span class='ocrx_word' id='word_1_16' title='bbox 1860 407 1915 472; x_wconf 85' lang='lat' dir='ltr'><strong>est</strong></span> <span class='ocrx_word' id='word_1_17' title='bbox 1929 395 2078 474; x_wconf 91' lang='lat' dir='ltr'><strong>obedire</strong></span> <span class='ocrx_word' id='word_1_18' title='bbox 2089 399 2255 496; x_wconf 75' lang='lat' dir='ltr'><strong>politicis</strong></span> 
     </span>
     <span class='ocr_line' id='line_1_3' title="bbox 215 500 1408 602; baseline -0.015 -11"><span class='ocrx_word' id='word_1_19' title='bbox 215 518 337 602; x_wconf 89' lang='lat' dir='ltr'><strong>ribus,</strong></span> <span class='ocrx_word' id='word_1_20' title='bbox 358 511 419 584; x_wconf 93' lang='lat' dir='ltr'><strong>sed</strong></span> <span class='ocrx_word' id='word_1_21' title='bbox 436 507 546 587; x_wconf 88' lang='lat' dir='ltr'><strong>habet</strong></span> <span class='ocrx_word' id='word_1_22' title='bbox 560 508 600 592; x_wconf 84' lang='lat' dir='ltr'><strong>iu</strong></span> <span class='ocrx_word' id='word_1_23' title='bbox 614 503 859 597; x_wconf 90' lang='lat' dir='ltr'><strong>superioribus</strong></span> <span class='ocrx_word' id='word_1_24' title='bbox 873 505 1041 595; x_wconf 81' lang='lat' dir='ltr'><strong>gradibus</strong></span> <span class='ocrx_word' id='word_1_25' title='bbox 1053 527 1208 578; x_wconf 90' lang='lat' dir='ltr'><strong>causam.</strong></span> <span class='ocrx_word' id='word_1_26' title='bbox 1240 500 1408 593; x_wconf 75' lang='lat' dir='ltr'><strong>legibus.</strong></span> 
     </span>
     <span class='ocr_line' id='line_1_4' title="bbox 219 595 2255 702; baseline -0.008 -8"><span class='ocrx_word' id='word_1_27' title='bbox 219 617 287 694; x_wconf 83' lang='lat' dir='ltr'><strong>Est</strong></span> <span class='ocrx_word' id='word_1_28' title='bbox 308 629 425 688; x_wconf 90' lang='lat' dir='ltr'><strong>autem</strong></span> <span class='ocrx_word' id='word_1_29' title='bbox 450 611 615 695; x_wconf 90' lang='lat' dir='ltr'><strong>libertas,</strong></span> <span class='ocrx_word' id='word_1_30' title='bbox 656 607 753 702; x_wconf 92' lang='lat' dir='ltr'><strong>quod</strong></span> <span class='ocrx_word' id='word_1_31' title='bbox 777 629 853 676; x_wconf 92' lang='lat' dir='ltr'><strong>uon</strong></span> <span class='ocrx_word' id='word_1_32' title='bbox 875 629 1016 678; x_wconf 88' lang='lat' dir='ltr'><strong>necesse</strong></span> <span class='ocrx_word' id='word_1_33' title='bbox 1029 619 1109 695; x_wconf 83' lang='lat' dir='ltr'><strong>est,</strong></span> <span class='ocrx_word' id='word_1_34' title='bbox 1140 628 1208 676; x_wconf 83' lang='lat' dir='ltr'><strong>uos</strong></span> <span class='ocrx_word' id='word_1_35' title='bbox 1360 599 1446 690; x_wconf 81' lang='lat' dir='ltr'><strong>ldeo</strong></span> <span class='ocrx_word' id='word_1_36' title='bbox 1461 611 1581 673; x_wconf 84' lang='lat' dir='ltr'><strong>sutem</strong></span> <span class='ocrx_word' id='word_1_37' title='bbox 1595 595 1726 675; x_wconf 86' lang='lat' dir='ltr'><strong>liberat</strong></span> <span class='ocrx_word' id='word_1_38' title='bbox 1740 627 1807 675; x_wconf 90' lang='lat' dir='ltr'><strong>uos</strong></span> <span class='ocrx_word' id='word_1_39' title='bbox 1822 597 2096 698; x_wconf 69' lang='lat' dir='ltr'><strong>Evangeliuma</strong></span> <span class='ocrx_word' id='word_1_40' title='bbox 2120 605 2255 700; x_wconf 90' lang='lat' dir='ltr'><strong>politia</strong></span> 
     </span>
     <span class='ocr_line' id='line_1_5' title="bbox 222 701 2257 803; baseline -0.008 -9"><span class='ocrx_word' id='word_1_41' title='bbox 222 721 376 795; x_wconf 88' lang='lat' dir='ltr'><strong>retinere</strong></span> <span class='ocrx_word' id='word_1_42' title='bbox 389 711 608 786; x_wconf 79' lang='lat' dir='ltr'>ceremonias</span> <span class='ocrx_word' id='word_1_43' title='bbox 623 721 658 780; x_wconf 90' lang='lat' dir='ltr'><strong>et</strong></span> <span class='ocrx_word' id='word_1_44' title='bbox 672 707 834 803; x_wconf 77' lang='lat' dir='ltr'><strong>politiam</strong></span> <span class='ocrx_word' id='word_1_45' title='bbox 853 705 976 780; x_wconf 88' lang='lat' dir='ltr'><strong>Moisi.</strong></span> <span class='ocrx_word' id='word_1_46' title='bbox 1258 701 1376 791; x_wconf 89' lang='lat' dir='ltr'><strong>Mosi,</strong></span> <span class='ocrx_word' id='word_1_47' title='bbox 1397 702 1481 797; x_wconf 89' lang='lat' dir='ltr'><strong>quia</strong></span> <span class='ocrx_word' id='word_1_48' title='bbox 1498 703 1660 775; x_wconf 90' lang='lat' dir='ltr'><strong>concedit</strong></span> <span class='ocrx_word' id='word_1_49' title='bbox 1672 704 1726 777; x_wconf 92' lang='lat' dir='ltr'><strong>uti</strong></span> <span class='ocrx_word' id='word_1_50' title='bbox 1740 706 1903 778; x_wconf 90' lang='lat' dir='ltr'><strong>omnium</strong></span> <span class='ocrx_word' id='word_1_51' title='bbox 1925 706 2085 797; x_wconf 77' lang='lat' dir='ltr'><strong>gentium</strong></span> <span class='ocrx_word' id='word_1_52' title='bbox 2100 707 2257 802; x_wconf 88' lang='lat' dir='ltr'><strong>politiis,</strong></span> 
     </span>
    </p>

    <p class='ocr_par' dir='ltr' id='par_1_3' title="bbox 222 799 2259 1117">
     <span class='ocr_line' id='line_1_6' title="bbox 325 799 2259 909; baseline -0.005 -20"><span class='ocrx_word' id='word_1_53' title='bbox 325 816 420 909; x_wconf 89' lang='lat' dir='ltr'><strong>Quia</strong></span> <span class='ocrx_word' id='word_1_54' title='bbox 443 827 652 908; x_wconf 89' lang='lat' dir='ltr'><strong>reputamur</strong></span> <span class='ocrx_word' id='word_1_55' title='bbox 673 808 779 891; x_wconf 90' lang='lat' dir='ltr'><strong>iusti,</strong></span> <span class='ocrx_word' id='word_1_56' title='bbox 805 831 879 878; x_wconf 88' lang='lat' dir='ltr'><strong>uon</strong></span> <span class='ocrx_word' id='word_1_57' title='bbox 908 822 1053 904; x_wconf 91' lang='lat' dir='ltr'><strong>propter</strong></span> <span class='ocrx_word' id='word_1_58' title='bbox 1069 821 1210 880; x_wconf 87' lang='lat' dir='ltr'><strong>nostras</strong></span> <span class='ocrx_word' id='word_1_59' title='bbox 1261 807 1352 878; x_wconf 91' lang='lat' dir='ltr'><strong>sicut</strong></span> <span class='ocrx_word' id='word_1_60' title='bbox 1365 811 1467 892; x_wconf 72' lang='lat' dir='ltr'><strong>aire„</strong></span> <span class='ocrx_word' id='word_1_61' title='bbox 1484 803 1577 890; x_wconf 80' lang='lat' dir='ltr'><strong>cibo,</strong></span> <span class='ocrx_word' id='word_1_62' title='bbox 1599 806 1743 890; x_wconf 83' lang='lat' dir='ltr'><strong>vestitu,</strong></span> <span class='ocrx_word' id='word_1_63' title='bbox 1768 805 1906 880; x_wconf 85' lang='lat' dir='ltr'><strong>artibus</strong></span> <span class='ocrx_word' id='word_1_64' title='bbox 1919 800 2151 902; x_wconf 86' lang='lat' dir='ltr'><strong>apodomuas</strong></span> <span class='ocrx_word' id='word_1_65' title='bbox 2164 799 2259 902; x_wconf 69' lang='lat' dir='ltr'><strong>peri·</strong></span> 
     </span>
     <span class='ocr_line' id='line_1_7' title="bbox 222 903 2259 1006; baseline -0.002 -15"><span class='ocrx_word' id='word_1_66' title='bbox 222 921 505 1000; x_wconf 82' lang='lat' dir='ltr'><strong>observationes,</strong></span> <span class='ocrx_word' id='word_1_67' title='bbox 538 915 601 987; x_wconf 92' lang='lat' dir='ltr'><strong>sed</strong></span> <span class='ocrx_word' id='word_1_68' title='bbox 623 924 772 1005; x_wconf 87' lang='lat' dir='ltr'><strong>propter</strong></span> <span class='ocrx_word' id='word_1_69' title='bbox 790 906 995 993; x_wconf 77' lang='lat' dir='ltr'>Christum,</span> <span class='ocrx_word' id='word_1_70' title='bbox 1029 909 1110 982; x_wconf 89' lang='lat' dir='ltr'><strong>ideo</strong></span> <span class='ocrx_word' id='word_1_71' title='bbox 1134 933 1210 981; x_wconf 90' lang='lat' dir='ltr'><strong>uon</strong></span> <span class='ocrx_word' id='word_1_72' title='bbox 1261 924 1313 981; x_wconf 91' lang='lat' dir='ltr'><strong>tes</strong></span> <span class='ocrx_word' id='word_1_73' title='bbox 1326 908 1472 981; x_wconf 88' lang='lat' dir='ltr'><strong>utimur.</strong></span> <span class='ocrx_word' id='word_1_74' title='bbox 1523 903 1616 976; x_wconf 83' lang='lat' dir='ltr'><strong>Nam</strong></span> <span class='ocrx_word' id='word_1_75' title='bbox 1630 903 1867 1000; x_wconf 69' lang='lat' dir='ltr'><strong>Evangelium</strong></span> <span class='ocrx_word' id='word_1_76' title='bbox 1891 932 1967 981; x_wconf 90' lang='lat' dir='ltr'><strong>uon</strong></span> <span class='ocrx_word' id='word_1_77' title='bbox 1980 912 2169 986; x_wconf 88' lang='lat' dir='ltr'><strong>constituit</strong></span> <span class='ocrx_word' id='word_1_78' title='bbox 2185 938 2259 1006; x_wconf 91' lang='lat' dir='ltr'><strong>po·</strong></span> 
     </span>
     <span class='ocr_line' id='line_1_8' title="bbox 223 1006 2205 1117; baseline -0.005 -21"><span class='ocrx_word' id='word_1_79' title='bbox 223 1042 277 1102; x_wconf 85' lang='lat' dir='ltr'><strong>est</strong></span> <span class='ocrx_word' id='word_1_80' title='bbox 291 1045 382 1117; x_wconf 92' lang='lat' dir='ltr'><strong>opus</strong></span> <span class='ocrx_word' id='word_1_81' title='bbox 396 1015 705 1094; x_wconf 84' lang='lat' dir='ltr'><strong>observationibus</strong></span> <span class='ocrx_word' id='word_1_82' title='bbox 719 1009 901 1085; x_wconf 88' lang='lat' dir='ltr'><strong>Mosaicis.</strong></span> <span class='ocrx_word' id='word_1_83' title='bbox 1262 1009 1376 1082; x_wconf 87' lang='lat' dir='ltr'><strong>litiam</strong></span> <span class='ocrx_word' id='word_1_84' title='bbox 1393 1006 1632 1100; x_wconf 79' lang='lat' dir='ltr'>corporalem,</span> <span class='ocrx_word' id='word_1_85' title='bbox 1656 1010 1717 1080; x_wconf 92' lang='lat' dir='ltr'><strong>sed</strong></span> <span class='ocrx_word' id='word_1_86' title='bbox 1735 1012 1837 1084; x_wconf 90' lang='lat' dir='ltr'><strong>docet</strong></span> <span class='ocrx_word' id='word_1_87' title='bbox 1855 1011 1899 1082; x_wconf 89' lang='lat' dir='ltr'><strong>de</strong></span> <span class='ocrx_word' id='word_1_88' title='bbox 1913 1012 2020 1084; x_wconf 90' lang='lat' dir='ltr'><strong>rebus</strong></span> <span class='ocrx_word' id='word_1_89' title='bbox 2034 1015 2205 1086; x_wconf 73' lang='lat' dir='ltr'><strong>aeterms.</strong></span> 
     </span>
    </p>

    <p class='ocr_par' dir='ltr' id='par_1_4' title="bbox 223 1105 2261 1428">
     <span class='ocr_line' id='line_1_9' title="bbox 329 1105 2261 1214; baseline -0.003 -23"><span class='ocrx_word' id='word_1_90' title='bbox 329 1123 440 1208; x_wconf 85' lang='lat' dir='ltr'><strong>ltem,</strong></span> <span class='ocrx_word' id='word_1_91' title='bbox 479 1119 564 1214; x_wconf 87' lang='lat' dir='ltr'><strong>quia</strong></span> <span class='ocrx_word' id='word_1_92' title='bbox 595 1115 831 1206; x_wconf 81' lang='lat' dir='ltr'><strong>Evangelium</strong></span> <span class='ocrx_word' id='word_1_93' title='bbox 859 1117 962 1186; x_wconf 88' lang='lat' dir='ltr'><strong>docet</strong></span> <span class='ocrx_word' id='word_1_94' title='bbox 986 1112 1039 1185; x_wconf 66' lang='lat' dir='ltr'><strong>&#39;de</strong></span> <span class='ocrx_word' id='word_1_95' title='bbox 1072 1111 1213 1183; x_wconf 86' lang='lat' dir='ltr'><strong>iusticia</strong></span> <span class='ocrx_word' id='word_1_96' title='bbox 1245 1143 1262 1183; x_wconf 37' lang='lat' dir='ltr'><strong>‚t</strong></span> <span class='ocrx_word' id='word_1_97' title='bbox 1308 1155 1312 1165; x_wconf 86' lang='lat'>.</span> <span class='ocrx_word' id='word_1_98' title='bbox 1365 1105 1465 1200; x_wconf 73' lang='lat' dir='ltr'><strong>Ergo</strong></span> <span class='ocrx_word' id='word_1_99' title='bbox 1481 1131 1564 1198; x_wconf 82' lang='lat' dir='ltr'><strong>cum</strong></span> <span class='ocrx_word' id='word_1_100' title='bbox 1585 1107 1719 1183; x_wconf 83' lang='lat' dir='ltr'><strong>Paulus</strong></span> <span class='ocrx_word' id='word_1_101' title='bbox 1742 1110 1808 1184; x_wconf 84' lang='lat' dir='ltr'><strong>ait:</strong></span> <span class='ocrx_word' id='word_1_102' title='bbox 1846 1108 1930 1184; x_wconf 81' lang='lat' dir='ltr'><strong>Non</strong></span> <span class='ocrx_word' id='word_1_103' title='bbox 1955 1112 2038 1185; x_wconf 92' lang='lat' dir='ltr'><strong>estis</strong></span> <span class='ocrx_word' id='word_1_104' title='bbox 2066 1115 2133 1188; x_wconf 90' lang='lat' dir='ltr'><strong>sub</strong></span> <span class='ocrx_word' id='word_1_105' title='bbox 2163 1117 2261 1208; x_wconf 81' lang='lat' dir='ltr'><strong>lege,</strong></span> 
     </span>
     <span class='ocr_line' id='line_1_10' title="bbox 223 1210 2261 1310; baseline -0.007 -7"><span class='ocrx_word' id='word_1_106' title='bbox 223 1219 367 1304; x_wconf 84' lang='lat' dir='ltr'><strong>aelerna</strong></span> <span class='ocrx_word' id='word_1_107' title='bbox 386 1249 428 1297; x_wconf 86' lang='lat' dir='ltr'><strong>ac</strong></span> <span class='ocrx_word' id='word_1_108' title='bbox 451 1224 523 1294; x_wconf 83' lang='lat' dir='ltr'><strong>vita</strong></span> <span class='ocrx_word' id='word_1_109' title='bbox 545 1233 687 1290; x_wconf 87' lang='lat' dir='ltr'><strong>aeterna</strong></span> <span class='ocrx_word' id='word_1_110' title='bbox 713 1217 753 1285; x_wconf 86' lang='lat' dir='ltr'><strong>iu</strong></span> <span class='ocrx_word' id='word_1_111' title='bbox 776 1215 902 1303; x_wconf 92' lang='lat' dir='ltr'><strong>corde,</strong></span> <span class='ocrx_word' id='word_1_112' title='bbox 929 1215 1041 1306; x_wconf 80' lang='lat' dir='ltr'><strong>igitur</strong></span> <span class='ocrx_word' id='word_1_113' title='bbox 1064 1239 1140 1288; x_wconf 92' lang='lat' dir='ltr'><strong>uou</strong></span> <span class='ocrx_word' id='word_1_114' title='bbox 1154 1238 1215 1286; x_wconf 87' lang='lat' dir='ltr'><strong>re·</strong></span> <span class='ocrx_word' id='word_1_115' title='bbox 1266 1211 1369 1284; x_wconf 86' lang='lat' dir='ltr'><strong>item:</strong></span> <span class='ocrx_word' id='word_1_116' title='bbox 1403 1210 1501 1282; x_wconf 89' lang='lat' dir='ltr'><strong>lus&#39;to</strong></span> <span class='ocrx_word' id='word_1_117' title='bbox 1515 1233 1591 1281; x_wconf 84' lang='lat' dir='ltr'><strong>uon</strong></span> <span class='ocrx_word' id='word_1_118' title='bbox 1607 1225 1659 1284; x_wconf 90' lang='lat' dir='ltr'><strong>est</strong></span> <span class='ocrx_word' id='word_1_119' title='bbox 1673 1214 1729 1285; x_wconf 83' lang='lat' dir='ltr'><strong>lex</strong></span> <span class='ocrx_word' id='word_1_120' title='bbox 1746 1213 1882 1306; x_wconf 82' lang='lat' dir='ltr'><strong>posita,</strong></span> <span class='ocrx_word' id='word_1_121' title='bbox 1905 1226 2046 1286; x_wconf 87' lang='lat' dir='ltr'><strong>tautum</strong></span> <span class='ocrx_word' id='word_1_122' title='bbox 2059 1217 2261 1310; x_wconf 79' lang='lat' dir='ltr'><strong>sccipi&#39;de·</strong></span> 
     </span>
     <span class='ocr_line' id='line_1_11' title="bbox 227 1311 2261 1428; baseline -0.004 -28"><span class='ocrx_word' id='word_1_123' title='bbox 227 1330 348 1428; x_wconf 85' lang='lat' dir='ltr'><strong>quirit</strong></span> <span class='ocrx_word' id='word_1_124' title='bbox 356 1322 576 1400; x_wconf 89' lang='lat' dir='ltr'><strong>ceremonias</strong></span> <span class='ocrx_word' id='word_1_125' title='bbox 599 1333 661 1392; x_wconf 91' lang='lat' dir='ltr'><strong>aut</strong></span> <span class='ocrx_word' id='word_1_126' title='bbox 683 1317 830 1411; x_wconf 90' lang='lat' dir='ltr'><strong>politica</strong></span> <span class='ocrx_word' id='word_1_127' title='bbox 846 1315 956 1391; x_wconf 77' lang='lat' dir='ltr'><strong>Moci.</strong></span> <span class='ocrx_word' id='word_1_128' title='bbox 1264 1315 1325 1386; x_wconf 88' lang='lat' dir='ltr'><strong>bet</strong></span> <span class='ocrx_word' id='word_1_129' title='bbox 1347 1313 1444 1408; x_wconf 84' lang='lat' dir='ltr'><strong>quod</strong></span> <span class='ocrx_word' id='word_1_130' title='bbox 1465 1313 1511 1382; x_wconf 90' lang='lat' dir='ltr'><strong>ad</strong></span> <span class='ocrx_word' id='word_1_131' title='bbox 1534 1311 1819 1386; x_wconf 83' lang='lat' dir='ltr'><strong>iustificatiouem</strong></span> <span class='ocrx_word' id='word_1_132' title='bbox 1851 1312 1991 1389; x_wconf 84' lang='lat' dir='ltr'><strong>attinet.</strong></span> <span class='ocrx_word' id='word_1_133' title='bbox 2043 1315 2261 1392; x_wconf 79' lang='lat' dir='ltr'><strong>luctificatio</strong></span> 
     </span>
    </p>

    <p class='ocr_par' dir='ltr' id='par_1_5' title="bbox 227 1409 2261 2020">
     <span class='ocr_line' id='line_1_12' title="bbox 330 1409 2261 1514; baseline -0.001 -20.075"><span class='ocrx_word' id='word_1_134' title='bbox 330 1425 367 1502; x_wconf 82' lang='lat'><strong>4.</strong></span> <span class='ocrx_word' id='word_1_135' title='bbox 406 1423 463 1500; x_wconf 84' lang='lat' dir='ltr'><strong>Es</strong></span> <span class='ocrx_word' id='word_1_136' title='bbox 491 1425 622 1498; x_wconf 89' lang='lat' dir='ltr'><strong>iisdem</strong></span> <span class='ocrx_word' id='word_1_137' title='bbox 648 1409 848 1492; x_wconf 83' lang='lat' dir='ltr'><strong>rationibus</strong></span> <span class='ocrx_word' id='word_1_138' title='bbox 874 1416 1037 1514; x_wconf 90' lang='lat' dir='ltr'><strong>sequitur</strong></span> <span class='ocrx_word' id='word_1_139' title='bbox 1066 1431 1215 1514; x_wconf 86' lang='lat' dir='ltr'><strong>quartus</strong></span> <span class='ocrx_word' id='word_1_140' title='bbox 1266 1415 1364 1487; x_wconf 88' lang='lat' dir='ltr'><strong>euim</strong></span> <span class='ocrx_word' id='word_1_141' title='bbox 1378 1415 1424 1486; x_wconf 89' lang='lat' dir='ltr'><strong>ad</strong></span> <span class='ocrx_word' id='word_1_142' title='bbox 1433 1410 1681 1505; x_wconf 78' lang='lat' dir='ltr'><strong>Evangelium,</strong></span> <span class='ocrx_word' id='word_1_143' title='bbox 1693 1440 1769 1488; x_wconf 93' lang='lat' dir='ltr'><strong>uou</strong></span> <span class='ocrx_word' id='word_1_144' title='bbox 1781 1417 1827 1488; x_wconf 91' lang='lat' dir='ltr'><strong>ad</strong></span> <span class='ocrx_word' id='word_1_145' title='bbox 1840 1415 1954 1508; x_wconf 73' lang='lat' dir='ltr'><strong>legem</strong></span> <span class='ocrx_word' id='word_1_146' title='bbox 1968 1417 2136 1511; x_wconf 75' lang='lat' dir='ltr'><strong>pertinet.</strong></span> <span class='ocrx_word' id='word_1_147' title='bbox 2162 1417 2261 1493; x_wconf 81' lang='lat' dir='ltr'><strong>Cae-</strong></span> 
     </span>
     <span class='ocr_line' id='line_1_13' title="bbox 227 1515 2261 1628; baseline -0.005 -21"><span class='ocrx_word' id='word_1_148' title='bbox 227 1535 358 1628; x_wconf 75' lang='lat' dir='ltr'><strong>gradus</strong></span> <span class='ocrx_word' id='word_1_149' title='bbox 370 1523 557 1610; x_wconf 84' lang='lat' dir='ltr'><strong>libertatis,</strong></span> <span class='ocrx_word' id='word_1_150' title='bbox 572 1523 743 1606; x_wconf 41' lang='lat' dir='ltr'><strong>,videlicet</strong></span> <span class='ocrx_word' id='word_1_151' title='bbox 754 1523 851 1616; x_wconf 81' lang='lat' dir='ltr'><strong>quod</strong></span> <span class='ocrx_word' id='word_1_152' title='bbox 861 1516 1040 1593; x_wconf 85' lang='lat' dir='ltr'><strong>humanae</strong></span> <span class='ocrx_word' id='word_1_153' title='bbox 1051 1521 1217 1595; x_wconf 87' lang='lat' dir='ltr'><strong>traditio·</strong></span> <span class='ocrx_word' id='word_1_154' title='bbox 1266 1531 1383 1591; x_wconf 90' lang='lat' dir='ltr'><strong>terum</strong></span> <span class='ocrx_word' id='word_1_155' title='bbox 1401 1517 1493 1588; x_wconf 92' lang='lat' dir='ltr'><strong>iusto</strong></span> <span class='ocrx_word' id='word_1_156' title='bbox 1506 1523 1544 1589; x_wconf 78' lang='lat' dir='ltr'><strong>‘et</strong></span> <span class='ocrx_word' id='word_1_157' title='bbox 1558 1515 1597 1586; x_wconf 93' lang='lat' dir='ltr'><strong>iu</strong></span> <span class='ocrx_word' id='word_1_158' title='bbox 1610 1516 1684 1588; x_wconf 80' lang='lat' dir='ltr'><strong>vita</strong></span> <span class='ocrx_word' id='word_1_159' title='bbox 1699 1517 1875 1612; x_wconf 75' lang='lat' dir='ltr'><strong>spirituali</strong></span> <span class='ocrx_word' id='word_1_160' title='bbox 1890 1530 1926 1589; x_wconf 88' lang='lat' dir='ltr'><strong>et</strong></span> <span class='ocrx_word' id='word_1_161' title='bbox 1940 1518 1980 1590; x_wconf 89' lang='lat' dir='ltr'><strong>iu</strong></span> <span class='ocrx_word' id='word_1_162' title='bbox 1993 1521 2067 1592; x_wconf 83' lang='lat' dir='ltr'><strong>rita</strong></span> <span class='ocrx_word' id='word_1_163' title='bbox 2089 1521 2191 1594; x_wconf 84' lang='lat' dir='ltr'><strong>ciuili</strong></span> <span class='ocrx_word' id='word_1_164' title='bbox 2204 1536 2261 1597; x_wconf 89' lang='lat' dir='ltr'><strong>est</strong></span> 
     </span>
     <span class='ocr_line' id='line_1_14' title="bbox 227 1617 2081 1714; baseline -0.008 -6"><span class='ocrx_word' id='word_1_165' title='bbox 227 1659 293 1708; x_wconf 89' lang='lat' dir='ltr'><strong>nes</strong></span> <span class='ocrx_word' id='word_1_166' title='bbox 308 1644 482 1705; x_wconf 85' lang='lat' dir='ltr'><strong>uousuut</strong></span> <span class='ocrx_word' id='word_1_167' title='bbox 496 1625 749 1700; x_wconf 67' lang='lat' dir='ltr'><strong>existimandae</strong></span> <span class='ocrx_word' id='word_1_168' title='bbox 764 1623 952 1695; x_wconf 86' lang='lat' dir='ltr'><strong>necessarii</strong></span> <span class='ocrx_word' id='word_1_169' title='bbox 967 1623 1095 1710; x_wconf 89' lang='lat' dir='ltr'><strong>cultus,</strong></span> <span class='ocrx_word' id='word_1_170' title='bbox 1116 1622 1216 1694; x_wconf 92' lang='lat' dir='ltr'><strong>ideo-</strong></span> <span class='ocrx_word' id='word_1_171' title='bbox 1266 1619 1324 1692; x_wconf 86' lang='lat' dir='ltr'><strong>lex</strong></span> <span class='ocrx_word' id='word_1_172' title='bbox 1337 1618 1468 1713; x_wconf 88' lang='lat' dir='ltr'><strong>posita,</strong></span> <span class='ocrx_word' id='word_1_173' title='bbox 1495 1617 1592 1714; x_wconf 83' lang='lat' dir='ltr'><strong>quod</strong></span> <span class='ocrx_word' id='word_1_174' title='bbox 1610 1619 1656 1690; x_wconf 87' lang='lat' dir='ltr'><strong>ad</strong></span> <span class='ocrx_word' id='word_1_175' title='bbox 1678 1619 1921 1707; x_wconf 79' lang='lat' dir='ltr'><strong>obedientiam</strong></span> <span class='ocrx_word' id='word_1_176' title='bbox 1942 1619 2081 1694; x_wconf 82' lang='lat' dir='ltr'><strong>attinet.</strong></span> 
     </span>
     <span class='ocr_line' id='line_1_15' title="bbox 228 1719 2259 1835; baseline -0.007 -25"><span class='ocrx_word' id='word_1_177' title='bbox 228 1762 299 1835; x_wconf 88' lang='lat' dir='ltr'><strong>que</strong></span> <span class='ocrx_word' id='word_1_178' title='bbox 310 1750 394 1811; x_wconf 90' lang='lat' dir='ltr'><strong>suut</strong></span> <span class='ocrx_word' id='word_1_179' title='bbox 408 1725 612 1830; x_wconf 81' lang='grc' dir='ltr'><strong><em>ἀδιάφορα,</em></strong></span> <span class='ocrx_word' id='word_1_180' title='bbox 626 1739 664 1799; x_wconf 86' lang='lat' dir='ltr'><strong>et</strong></span> <span class='ocrx_word' id='word_1_181' title='bbox 677 1725 795 1800; x_wconf 89' lang='lat' dir='ltr'><strong>omitti</strong></span> <span class='ocrx_word' id='word_1_182' title='bbox 810 1724 886 1798; x_wconf 91' lang='lat' dir='ltr'><strong>siue</strong></span> <span class='ocrx_word' id='word_1_183' title='bbox 902 1738 1043 1822; x_wconf 89' lang='lat' dir='ltr'><strong>peccato</strong></span> <span class='ocrx_word' id='word_1_184' title='bbox 1056 1737 1217 1821; x_wconf 84' lang='lat' dir='ltr'><strong>possunt.</strong></span> <span class='ocrx_word' id='word_1_185' title='bbox 1369 1719 1532 1792; x_wconf 75' lang='lat' dir='ltr'><strong>Libertas</strong></span> <span class='ocrx_word' id='word_1_186' title='bbox 1551 1719 1783 1792; x_wconf 79' lang='lat' dir='ltr'><strong>traditionum</strong></span> <span class='ocrx_word' id='word_1_187' title='bbox 1805 1720 1882 1791; x_wconf 90' lang='lat' dir='ltr'><strong>sine</strong></span> <span class='ocrx_word' id='word_1_188' title='bbox 1906 1719 2023 1816; x_wconf 89' lang='lat' dir='ltr'><strong>primo</strong></span> <span class='ocrx_word' id='word_1_189' title='bbox 2047 1736 2082 1794; x_wconf 88' lang='lat' dir='ltr'><strong>et</strong></span> <span class='ocrx_word' id='word_1_190' title='bbox 2095 1726 2259 1798; x_wconf 88' lang='lat' dir='ltr'><strong>secundo</strong></span> 
     </span>
     <span class='ocr_line' id='line_1_16' title="bbox 1185 1817 2260 1918; baseline 0.004 -24"><span class='ocrx_word' id='word_1_191' title='bbox 1185 1867 1190 1883; x_wconf 85' lang='lat'><strong>·</strong></span> <span class='ocrx_word' id='word_1_192' title='bbox 1269 1817 1991 1915; x_wconf 78' lang='lat' dir='ltr'><strong>gradunonestlibertsstristiaua,sed</strong></span> <span class='ocrx_word' id='word_1_193' title='bbox 2007 1825 2129 1918; x_wconf 89' lang='lat' dir='ltr'><strong>potius</strong></span> <span class='ocrx_word' id='word_1_194' title='bbox 2143 1823 2260 1898; x_wconf 66' lang='lat' dir='ltr'><strong>liber⁴</strong></span> 
     </span>
     <span class='ocr_line' id='line_1_17' title="bbox 633 1918 2094 2020; baseline -0.008 -16"><span class='ocrx_word' id='word_1_195' title='bbox 633 1933 818 2019; x_wconf 77' lang='lat' dir='ltr'><strong>Quaestio.</strong></span> <span class='ocrx_word' id='word_1_196' title='bbox 1268 1922 1538 2009; x_wconf 78' lang='lat' dir='ltr'><strong>ta‘sbsrbarica,</strong></span> <span class='ocrx_word' id='word_1_197' title='bbox 1563 1918 1739 2020; x_wconf 83' lang='lat' dir='ltr'><strong>scythica,</strong></span> <span class='ocrx_word' id='word_1_198' title='bbox 1762 1923 1961 1996; x_wconf 85' lang='lat' dir='ltr'><strong>vandalica.</strong></span> <span class='ocrx_word' id='word_1_199' title='bbox 1996 1973 1999 1978; x_wconf 85' lang='lat'><em>-</em></span> <span class='ocrx_word' id='word_1_200' title='bbox 2089 1989 2094 2003; x_wconf 87' lang='grc'>,</span> 
     </span>
    </p>

    <p class='ocr_par' dir='ltr' id='par_1_6' title="bbox 361 2023 2260 2117">
     <span class='ocr_line' id='line_1_18' title="bbox 361 2023 2260 2117; baseline -0.001 -18"><span class='ocrx_word' id='word_1_201' title='bbox 361 2089 371 2110; x_wconf 88' lang='grc'>,</span> <span class='ocrx_word' id='word_1_202' title='bbox 622 2081 633 2102; x_wconf 90' lang='grc'><strong>.</strong></span> <span class='ocrx_word' id='word_1_203' title='bbox 665 2081 674 2100; x_wconf 92' lang='grc'><strong>.</strong></span> <span class='ocrx_word' id='word_1_204' title='bbox 780 2079 790 2097; x_wconf 95' lang='grc'><strong>.</strong></span> <span class='ocrx_word' id='word_1_205' title='bbox 1372 2023 1464 2098; x_wconf 90' lang='lat' dir='ltr'><strong>Cum</strong></span> <span class='ocrx_word' id='word_1_206' title='bbox 1480 2023 1635 2117; x_wconf 90' lang='lat' dir='ltr'><strong>politicis</strong></span> <span class='ocrx_word' id='word_1_207' title='bbox 1644 2026 1754 2096; x_wconf 92' lang='lat' dir='ltr'><strong>rebus</strong></span> <span class='ocrx_word' id='word_1_208' title='bbox 1766 2025 1838 2098; x_wconf 85' lang='lat' dir='ltr'><strong>vita</strong></span> <span class='ocrx_word' id='word_1_209' title='bbox 1855 2024 2009 2098; x_wconf 82' lang='lat' dir='ltr'><strong>exterior</strong></span> <span class='ocrx_word' id='word_1_210' title='bbox 2023 2025 2185 2100; x_wconf 84' lang='lat' dir='ltr'><strong>subiecta</strong></span> <span class='ocrx_word' id='word_1_211' title='bbox 2202 2028 2260 2110; x_wconf 86' lang='lat' dir='ltr'><strong>sit,</strong></span> 
     </span>
    </p>

    <p class='ocr_par' dir='ltr' id='par_1_7' title="bbox 119 2079 2259 2330">
     <span class='ocr_line' id='line_1_19' title="bbox 333 2079 2259 2201; baseline -0.008 -37"><span class='ocrx_word' id='word_1_212' title='bbox 333 2087 375 2164; x_wconf 84' lang='lat' dir='ltr'><strong>Sr</strong></span> <span class='ocrx_word' id='word_1_213' title='bbox 397 2111 419 2158; x_wconf 90' lang='lat' dir='ltr'><strong>a</strong></span> <span class='ocrx_word' id='word_1_214' title='bbox 441 2079 954 2176; x_wconf 76' lang='lat' dir='ltr'><strong>legeMosslrberatssumus,</strong></span> <span class='ocrx_word' id='word_1_215' title='bbox 979 2089 1220 2151; x_wconf 88' lang='lat' dir='ltr'><strong>curuoueta</strong></span> <span class='ocrx_word' id='word_1_216' title='bbox 1269 2127 1376 2201; x_wconf 54' lang='lat' dir='ltr'><strong>dhet</strong></span> <span class='ocrx_word' id='word_1_217' title='bbox 1421 2141 1437 2200; x_wconf 60' lang='lat' dir='ltr'>t</span> <span class='ocrx_word' id='word_1_218' title='bbox 1620 2126 1666 2198; x_wconf 40' lang='grc' dir='ltr'><strong>ἢ,</strong></span> <span class='ocrx_word' id='word_1_219' title='bbox 1679 2126 1758 2200; x_wconf 67' lang='lat' dir='ltr'><strong>mh.</strong></span> <span class='ocrx_word' id='word_1_220' title='bbox 1801 2139 1835 2199; x_wconf 53' lang='lat' dir='ltr'>u</span> <span class='ocrx_word' id='word_1_221' title='bbox 1871 2148 1925 2198; x_wconf 57' lang='lat' dir='ltr'><em>m</em></span> <span class='ocrx_word' id='word_1_222' title='bbox 2019 2127 2029 2146; x_wconf 85' lang='lat'><strong><em>.</em></strong></span> <span class='ocrx_word' id='word_1_223' title='bbox 2139 2140 2154 2201; x_wconf 50' lang='lat' dir='ltr'><strong>t</strong></span> <span class='ocrx_word' id='word_1_224' title='bbox 2243 2165 2259 2178; x_wconf 47' lang='grc'>-</span> 
     </span>
     <span class='ocr_line' id='line_1_20' title="bbox 119 2150 2241 2330; baseline 0.002 -84"><span class='ocrx_word' id='word_1_225' title='bbox 119 2239 123 2246; x_wconf 93' lang='grc'><em>.</em></span> <span class='ocrx_word' id='word_1_226' title='bbox 212 2187 413 2283; x_wconf 64' lang='lat' dir='ltr'><strong>&#39;Decalogo</strong></span> <span class='ocrx_word' id='word_1_227' title='bbox 428 2185 572 2258; x_wconf 88' lang='lat' dir='ltr'><strong>liberati</strong></span> <span class='ocrx_word' id='word_1_228' title='bbox 589 2206 730 2270; x_wconf 89' lang='lat' dir='ltr'><strong>sumus,</strong></span> <span class='ocrx_word' id='word_1_229' title='bbox 755 2206 838 2254; x_wconf 91' lang='lat' dir='ltr'><strong>cum</strong></span> <span class='ocrx_word' id='word_1_230' title='bbox 861 2205 901 2252; x_wconf 89' lang='lat' dir='ltr'><strong>ea</strong></span> <span class='ocrx_word' id='word_1_231' title='bbox 924 2203 1008 2275; x_wconf 91' lang='lat' dir='ltr'><strong>pars</strong></span> <span class='ocrx_word' id='word_1_232' title='bbox 1027 2179 1116 2273; x_wconf 80' lang='lat' dir='ltr'><strong>legis</strong></span> <span class='ocrx_word' id='word_1_233' title='bbox 1137 2202 1220 2250; x_wconf 79' lang='lat' dir='ltr'><strong>vere</strong></span> <span class='ocrx_word' id='word_1_234' title='bbox 1269 2150 1670 2330; x_wconf 54' lang='lat' dir='ltr'><strong>52m2m⁶3ffi¹t²ioe</strong></span> <span class='ocrx_word' id='word_1_235' title='bbox 1683 2150 2053 2302; x_wconf 48' lang='grc' dir='ltr'><strong>νίἐεὲωξωέἃῗω</strong></span> <span class='ocrx_word' id='word_1_236' title='bbox 2068 2151 2138 2198; x_wconf 75' lang='lat'><strong>³¹¹⁰</strong></span> <span class='ocrx_word' id='word_1_237' title='bbox 2170 2153 2241 2201; x_wconf 58' lang='grc' dir='ltr'><strong>παι</strong></span> 
     </span>
    </p>

    <p class='ocr_par' dir='ltr' id='par_1_8' title="bbox 159 2287 2261 2628">
     <span class='ocr_line' id='line_1_21' title="bbox 159 2287 2260 2423; baseline 0.001 -20"><span class='ocrx_word' id='word_1_238' title='bbox 159 2323 164 2334; x_wconf 80' lang='grc'><strong>’</strong></span> <span class='ocrx_word' id='word_1_239' title='bbox 232 2297 281 2369; x_wconf 59' lang='lat' dir='ltr'><strong>‘il</strong></span> <span class='ocrx_word' id='word_1_240' title='bbox 302 2287 526 2365; x_wconf 55' lang='lat' dir='ltr'><strong>difficiliml</strong></span> <span class='ocrx_word' id='word_1_241' title='bbox 1370 2329 1444 2403; x_wconf 90' lang='lat' dir='ltr'><strong>Nec</strong></span> <span class='ocrx_word' id='word_1_242' title='bbox 1458 2331 1541 2400; x_wconf 90' lang='lat' dir='ltr'><strong>satis</strong></span> <span class='ocrx_word' id='word_1_243' title='bbox 1557 2343 1611 2402; x_wconf 89' lang='lat' dir='ltr'><strong>est</strong></span> <span class='ocrx_word' id='word_1_244' title='bbox 1621 2305 1822 2404; x_wconf 67' lang='lat' dir='ltr'><strong>uociferari:</strong></span> <span class='ocrx_word' id='word_1_245' title='bbox 1847 2327 2018 2423; x_wconf 85' lang='lat' dir='ltr'><strong>Episcopi</strong></span> <span class='ocrx_word' id='word_1_246' title='bbox 2032 2351 2108 2398; x_wconf 92' lang='lat' dir='ltr'><strong>nou</strong></span> <span class='ocrx_word' id='word_1_247' title='bbox 2121 2325 2260 2404; x_wconf 89' lang='lat' dir='ltr'><strong>babent</strong></span> 
     </span>
     <span class='ocr_line' id='line_1_22' title="bbox 1268 2429 2260 2526; baseline 0 -21"><span class='ocrx_word' id='word_1_248' title='bbox 1268 2445 1478 2526; x_wconf 80' lang='lat' dir='ltr'><strong>potestatem</strong></span> <span class='ocrx_word' id='word_1_249' title='bbox 1494 2430 1588 2523; x_wconf 81' lang='lat' dir='ltr'><strong>leges</strong></span> <span class='ocrx_word' id='word_1_250' title='bbox 1601 2430 1801 2517; x_wconf 89' lang='lat' dir='ltr'><strong>condendi,</strong></span> <span class='ocrx_word' id='word_1_251' title='bbox 1829 2431 1911 2502; x_wconf 93' lang='lat' dir='ltr'><strong>ideo</strong></span> <span class='ocrx_word' id='word_1_252' title='bbox 1933 2430 2018 2504; x_wconf 91' lang='lat' dir='ltr'><strong>licet</strong></span> <span class='ocrx_word' id='word_1_253' title='bbox 2031 2429 2170 2503; x_wconf 87' lang='lat' dir='ltr'><strong>violare</strong></span> <span class='ocrx_word' id='word_1_254' title='bbox 2185 2447 2260 2504; x_wconf 87' lang='lat' dir='ltr'><strong>tra·</strong></span> 
     </span>
     <span class='ocr_line' id='line_1_23' title="bbox 1271 2529 2261 2628; baseline 0 -21"><span class='ocrx_word' id='word_1_255' title='bbox 1271 2535 1437 2610; x_wconf 89' lang='lat' dir='ltr'><strong>ditiones.</strong></span> <span class='ocrx_word' id='word_1_256' title='bbox 1461 2529 1643 2605; x_wconf 86' lang='lat' dir='ltr'><strong>Debemus</strong></span> <span class='ocrx_word' id='word_1_257' title='bbox 1657 2532 1755 2606; x_wconf 89' lang='lat' dir='ltr'><strong>enim</strong></span> <span class='ocrx_word' id='word_1_258' title='bbox 1767 2533 1913 2606; x_wconf 85' lang='lat' dir='ltr'><strong>obedire</strong></span> <span class='ocrx_word' id='word_1_259' title='bbox 1928 2532 2032 2604; x_wconf 82' lang='lat' dir='ltr'><strong>etism</strong></span> <span class='ocrx_word' id='word_1_260' title='bbox 2049 2531 2173 2628; x_wconf 86' lang='lat' dir='ltr'><strong>iniqua</strong></span> <span class='ocrx_word' id='word_1_261' title='bbox 2192 2535 2261 2608; x_wconf 89' lang='lat' dir='ltr'><strong>im·</strong></span> 
     </span>
    </p>

    <p class='ocr_par' dir='ltr' id='par_1_9' title="bbox 214 2623 2260 3440">
     <span class='ocr_line' id='line_1_24' title="bbox 336 2623 1984 2734; baseline -0.007 -25"><span class='ocrx_word' id='word_1_262' title='bbox 336 2635 533 2710; x_wconf 85' lang='lat' dir='ltr'><strong>Sicsumus</strong></span> <span class='ocrx_word' id='word_1_263' title='bbox 549 2645 659 2707; x_wconf 90' lang='lat' dir='ltr'><strong>atota</strong></span> <span class='ocrx_word' id='word_1_264' title='bbox 675 2636 771 2724; x_wconf 85' lang='lat' dir='ltr'><strong>lege,</strong></span> <span class='ocrx_word' id='word_1_265' title='bbox 795 2629 989 2727; x_wconf 86' lang='lat' dir='ltr'><strong>etquidem</strong></span> <span class='ocrx_word' id='word_1_266' title='bbox 1005 2651 1026 2700; x_wconf 89' lang='lat' dir='ltr'><strong>a</strong></span> <span class='ocrx_word' id='word_1_267' title='bbox 1042 2623 1219 2716; x_wconf 75' lang='lat' dir='ltr'><strong>Decalogo</strong></span> <span class='ocrx_word' id='word_1_268' title='bbox 1268 2637 1488 2734; x_wconf 60' lang='lat' dir='ltr'><strong>parantibus.</strong></span> <span class='ocrx_word' id='word_1_269' title='bbox 1641 2633 1644 2643; x_wconf 89' lang='lat'>&#39;</span> <span class='ocrx_word' id='word_1_270' title='bbox 1977 2721 1984 2732; x_wconf 29' lang='grc' dir='ltr'><strong>Δ</strong></span> 
     </span>
     <span class='ocr_line' id='line_1_25' title="bbox 233 2725 2259 2832; baseline -0.008 -8"><span class='ocrx_word' id='word_1_271' title='bbox 233 2739 397 2824; x_wconf 87' lang='lat' dir='ltr'><strong>liberati,</strong></span> <span class='ocrx_word' id='word_1_272' title='bbox 421 2738 518 2832; x_wconf 75' lang='lat' dir='ltr'><strong>q⁰⁰d</strong></span> <span class='ocrx_word' id='word_1_273' title='bbox 534 2736 578 2806; x_wconf 68' lang='lat'><strong>³1¹</strong></span> <span class='ocrx_word' id='word_1_274' title='bbox 594 2735 882 2807; x_wconf 61' lang='lat' dir='ltr'><strong>lutlififfififflleffl</strong></span> <span class='ocrx_word' id='word_1_275' title='bbox 896 2731 1042 2818; x_wconf 61' lang='lat' dir='ltr'><strong>minei,</strong></span> <span class='ocrx_word' id='word_1_276' title='bbox 1066 2725 1135 2800; x_wconf 75' lang='lat' dir='ltr'><strong>h⁰⁰</strong></span> <span class='ocrx_word' id='word_1_277' title='bbox 1157 2741 1220 2816; x_wconf 69' lang='lat'><strong>0⁸¹2</strong></span> <span class='ocrx_word' id='word_1_278' title='bbox 1372 2738 1444 2812; x_wconf 88' lang='lat' dir='ltr'><strong>Sed</strong></span> <span class='ocrx_word' id='word_1_279' title='bbox 1464 2737 1533 2824; x_wconf 91' lang='lat' dir='ltr'><strong>ita,</strong></span> <span class='ocrx_word' id='word_1_280' title='bbox 1558 2747 1621 2807; x_wconf 74' lang='lat' dir='ltr'><strong>‘ue</strong></span> <span class='ocrx_word' id='word_1_281' title='bbox 1643 2735 1751 2832; x_wconf 72' lang='lat' dir='ltr'><strong>opera</strong></span> <span class='ocrx_word' id='word_1_282' title='bbox 1771 2737 1832 2810; x_wconf 87' lang='lat' dir='ltr'><strong>illa</strong></span> <span class='ocrx_word' id='word_1_283' title='bbox 1863 2737 2054 2812; x_wconf 87' lang='lat' dir='ltr'><strong>instituant</strong></span> <span class='ocrx_word' id='word_1_284' title='bbox 2084 2751 2259 2832; x_wconf 88' lang='lat' dir='ltr'><strong>tauquam</strong></span> 
     </span>
     <span class='ocr_line' id='line_1_26' title="bbox 233 2832 2260 2938; baseline -0.002 -24"><span class='ocrx_word' id='word_1_285' title='bbox 233 2841 333 2938; x_wconf 80' lang='lat' dir='ltr'><strong>quod</strong></span> <span class='ocrx_word' id='word_1_286' title='bbox 348 2854 492 2932; x_wconf 87' lang='lat' dir='ltr'><strong>propter</strong></span> <span class='ocrx_word' id='word_1_287' title='bbox 504 2832 688 2910; x_wconf 82' lang='lat' dir='ltr'><strong>Christum</strong></span> <span class='ocrx_word' id='word_1_288' title='bbox 701 2848 908 2929; x_wconf 67' lang='lat' dir='ltr'><strong>reputemur</strong></span> <span class='ocrx_word' id='word_1_289' title='bbox 923 2833 1019 2920; x_wconf 73' lang='lat' dir='ltr'><strong>lusti,</strong></span> <span class='ocrx_word' id='word_1_290' title='bbox 1043 2855 1118 2905; x_wconf 67' lang='lat'><strong>¹1⁰¹!</strong></span> <span class='ocrx_word' id='word_1_291' title='bbox 1134 2855 1220 2924; x_wconf 76' lang='lat' dir='ltr'><strong>pro·</strong></span> <span class='ocrx_word' id='word_1_292' title='bbox 1269 2841 1405 2927; x_wconf 91' lang='lat' dir='ltr'><strong>cultus,</strong></span> <span class='ocrx_word' id='word_1_293' title='bbox 1430 2855 1492 2911; x_wconf 87' lang='lat' dir='ltr'><strong>aut</strong></span> <span class='ocrx_word' id='word_1_294' title='bbox 1504 2852 1674 2933; x_wconf 89' lang='lat' dir='ltr'><strong>tauquam</strong></span> <span class='ocrx_word' id='word_1_295' title='bbox 1689 2864 1745 2911; x_wconf 92' lang='lat' dir='ltr'><strong>res</strong></span> <span class='ocrx_word' id='word_1_296' title='bbox 1759 2841 1964 2932; x_wconf 86' lang='lat' dir='ltr'><strong>profuturas</strong></span> <span class='ocrx_word' id='word_1_297' title='bbox 1987 2842 2033 2914; x_wconf 87' lang='lat' dir='ltr'><strong>ad</strong></span> <span class='ocrx_word' id='word_1_298' title='bbox 2049 2863 2260 2934; x_wconf 87' lang='lat' dir='ltr'><strong>promeren-</strong></span> 
     </span>
     <span class='ocr_line' id='line_1_27' title="bbox 214 2931 1875 3038; baseline 0.003 -29"><span class='ocrx_word' id='word_1_299' title='bbox 214 2958 316 3038; x_wconf 79' lang='lat' dir='ltr'><strong>‚ptac</strong></span> <span class='ocrx_word' id='word_1_300' title='bbox 328 2939 497 3030; x_wconf 68' lang='lat' dir='ltr'><strong>Decalogi</strong></span> <span class='ocrx_word' id='word_1_301' title='bbox 519 2940 813 3012; x_wconf 82' lang='lat' dir='ltr'><strong>observationem.</strong></span> <span class='ocrx_word' id='word_1_302' title='bbox 841 2935 972 3023; x_wconf 76' lang='lat' dir='ltr'><strong>‚ltem,</strong></span> <span class='ocrx_word' id='word_1_303' title='bbox 997 2936 1094 3030; x_wconf 92' lang='lat' dir='ltr'><strong>quod</strong></span> <span class='ocrx_word' id='word_1_304' title='bbox 1107 2931 1221 3004; x_wconf 86' lang='lat' dir='ltr'><strong>Deca-</strong></span> <span class='ocrx_word' id='word_1_305' title='bbox 1269 2946 1352 3014; x_wconf 89' lang='lat' dir='ltr'><strong>dam</strong></span> <span class='ocrx_word' id='word_1_306' title='bbox 1369 2941 1616 3011; x_wconf 87' lang='lat' dir='ltr'><strong>remissionem</strong></span> <span class='ocrx_word' id='word_1_307' title='bbox 1636 2955 1875 3033; x_wconf 80' lang='lat' dir='ltr'><strong>peccatorum·</strong></span> 
     </span>
     <span class='ocr_line' id='line_1_28' title="bbox 234 3032 2259 3136; baseline -0.001 -20"><span class='ocrx_word' id='word_1_308' title='bbox 234 3048 427 3136; x_wconf 76' lang='lat' dir='ltr'><strong>logosuon</strong></span> <span class='ocrx_word' id='word_1_309' title='bbox 443 3038 622 3113; x_wconf 79' lang='lat' dir='ltr'><strong>hebetius</strong></span> <span class='ocrx_word' id='word_1_310' title='bbox 638 3032 933 3124; x_wconf 75' lang='lat' dir='ltr'><strong>damnantibus,</strong></span> <span class='ocrx_word' id='word_1_311' title='bbox 957 3037 1020 3130; x_wconf 89' lang='lat' dir='ltr'><strong>qui</strong></span> <span class='ocrx_word' id='word_1_312' title='bbox 1041 3033 1220 3128; x_wconf 88' lang='lat' dir='ltr'><strong>accipiunt</strong></span> <span class='ocrx_word' id='word_1_313' title='bbox 1372 3041 1498 3115; x_wconf 88' lang='lat' dir='ltr'><strong>Cultus</strong></span> <span class='ocrx_word' id='word_1_314' title='bbox 1511 3053 1564 3112; x_wconf 92' lang='lat' dir='ltr'><strong>est</strong></span> <span class='ocrx_word' id='word_1_315' title='bbox 1576 3065 1680 3135; x_wconf 91' lang='lat' dir='ltr'><strong>opus,</strong></span> <span class='ocrx_word' id='word_1_316' title='bbox 1703 3044 1804 3114; x_wconf 90' lang='lat' dir='ltr'><strong>cuius</strong></span> <span class='ocrx_word' id='word_1_317' title='bbox 1819 3043 1988 3135; x_wconf 87' lang='lat' dir='ltr'><strong>proprius</strong></span> <span class='ocrx_word' id='word_1_318' title='bbox 2000 3042 2082 3116; x_wconf 86' lang='lat' dir='ltr'><strong>buis</strong></span> <span class='ocrx_word' id='word_1_319' title='bbox 2098 3057 2161 3133; x_wconf 84' lang='lat' dir='ltr'><strong>est,</strong></span> <span class='ocrx_word' id='word_1_320' title='bbox 2183 3068 2259 3114; x_wconf 91' lang='lat' dir='ltr'><strong>uon</strong></span> 
     </span>
     <span class='ocr_line' id='line_1_29' title="bbox 234 3134 2236 3237; baseline -0.002 -13"><span class='ocrx_word' id='word_1_321' title='bbox 234 3144 483 3224; x_wconf 76' lang='lat' dir='ltr'><strong>remissionem</strong></span> <span class='ocrx_word' id='word_1_322' title='bbox 498 3155 723 3236; x_wconf 76' lang='lat' dir='ltr'><strong>peccatorum</strong></span> <span class='ocrx_word' id='word_1_323' title='bbox 745 3152 890 3234; x_wconf 80' lang='lat' dir='ltr'><strong>propter</strong></span> <span class='ocrx_word' id='word_1_324' title='bbox 903 3134 1097 3212; x_wconf 81' lang='lat' dir='ltr'><strong>Christum·</strong></span> <span class='ocrx_word' id='word_1_325' title='bbox 1270 3142 1468 3237; x_wconf 80' lang='lat' dir='ltr'><strong>corporalis</strong></span> <span class='ocrx_word' id='word_1_326' title='bbox 1482 3142 1619 3214; x_wconf 78' lang='lat' dir='ltr'><strong>utilitas</strong></span> <span class='ocrx_word' id='word_1_327' title='bbox 1634 3156 1696 3215; x_wconf 85' lang='lat' dir='ltr'><strong>aut</strong></span> <span class='ocrx_word' id='word_1_328' title='bbox 1712 3145 1919 3235; x_wconf 79' lang='lat' dir='ltr'><strong>disciplina,</strong></span> <span class='ocrx_word' id='word_1_329' title='bbox 1942 3146 2005 3216; x_wconf 83' lang='lat' dir='ltr'><strong>sed</strong></span> <span class='ocrx_word' id='word_1_330' title='bbox 2021 3139 2138 3219; x_wconf 88' lang='lat' dir='ltr'><strong>honos</strong></span> <span class='ocrx_word' id='word_1_331' title='bbox 2153 3141 2236 3219; x_wconf 82' lang='lat' dir='ltr'><strong>Dei.</strong></span> 
     </span>
     <span class='ocr_line' id='line_1_30' title="bbox 222 3237 2258 3337; baseline -0.002 -18"><span class='ocrx_word' id='word_1_332' title='bbox 222 3275 226 3289; x_wconf 87' lang='lat'><strong>·</strong></span> <span class='ocrx_word' id='word_1_333' title='bbox 337 3242 538 3331; x_wconf 86' lang='lat' dir='ltr'><strong>Caeterum,</strong></span> <span class='ocrx_word' id='word_1_334' title='bbox 552 3266 627 3314; x_wconf 89' lang='lat' dir='ltr'><strong>uon</strong></span> <span class='ocrx_word' id='word_1_335' title='bbox 640 3243 756 3314; x_wconf 90' lang='lat' dir='ltr'><strong>solum</strong></span> <span class='ocrx_word' id='word_1_336' title='bbox 773 3243 846 3314; x_wconf 80' lang='lat' dir='ltr'><strong>sita</strong></span> <span class='ocrx_word' id='word_1_337' title='bbox 862 3239 1055 3334; x_wconf 90' lang='lat' dir='ltr'><strong>corporalis</strong></span> <span class='ocrx_word' id='word_1_338' title='bbox 1068 3252 1120 3311; x_wconf 90' lang='lat' dir='ltr'><strong>est</strong></span> <span class='ocrx_word' id='word_1_339' title='bbox 1134 3237 1235 3320; x_wconf 69' lang='lat' dir='ltr'><strong>sub·v</strong></span> <span class='ocrx_word' id='word_1_340' title='bbox 1373 3243 1451 3316; x_wconf 84' lang='lat' dir='ltr'><strong>liae</strong></span> <span class='ocrx_word' id='word_1_341' title='bbox 1465 3241 1654 3337; x_wconf 89' lang='lat' dir='ltr'><strong>opiniones</strong></span> <span class='ocrx_word' id='word_1_342' title='bbox 1674 3247 1713 3314; x_wconf 92' lang='lat' dir='ltr'><strong>io</strong></span> <span class='ocrx_word' id='word_1_343' title='bbox 1733 3246 1985 3318; x_wconf 86' lang='lat' dir='ltr'><strong>traditionibus</strong></span> <span class='ocrx_word' id='word_1_344' title='bbox 2007 3257 2093 3320; x_wconf 91' lang='lat' dir='ltr'><strong>suut</strong></span> <span class='ocrx_word' id='word_1_345' title='bbox 2115 3245 2258 3337; x_wconf 90' lang='lat' dir='ltr'><strong>impiae,</strong></span> 
     </span>
     <span class='ocr_line' id='line_1_31' title="bbox 235 3343 2259 3440; baseline 0 -18"><span class='ocrx_word' id='word_1_346' title='bbox 235 3347 434 3438; x_wconf 69' lang='lat' dir='ltr'><strong>iectalegi,</strong></span> <span class='ocrx_word' id='word_1_347' title='bbox 458 3345 641 3418; x_wconf 86' lang='lat' dir='ltr'><strong>sedetiam</strong></span> <span class='ocrx_word' id='word_1_348' title='bbox 663 3345 736 3416; x_wconf 83' lang='lat' dir='ltr'><strong>vita</strong></span> <span class='ocrx_word' id='word_1_349' title='bbox 759 3343 965 3435; x_wconf 84' lang='lat' dir='ltr'><strong>spiritualis.</strong></span> <span class='ocrx_word' id='word_1_350' title='bbox 1270 3346 1455 3434; x_wconf 84' lang='lat' dir='ltr'><strong>videlicet,</strong></span> <span class='ocrx_word' id='word_1_351' title='bbox 1482 3346 1691 3417; x_wconf 86' lang='lat' dir='ltr'><strong>traditiones</strong></span> <span class='ocrx_word' id='word_1_352' title='bbox 1706 3370 1781 3418; x_wconf 89' lang='lat' dir='ltr'><strong>esse</strong></span> <span class='ocrx_word' id='word_1_353' title='bbox 1796 3347 1933 3433; x_wconf 91' lang='lat' dir='ltr'><strong>cultus,</strong></span> <span class='ocrx_word' id='word_1_354' title='bbox 1958 3343 2027 3418; x_wconf 91' lang='lat' dir='ltr'><strong>boc</strong></span> <span class='ocrx_word' id='word_1_355' title='bbox 2044 3361 2114 3433; x_wconf 93' lang='lat' dir='ltr'><strong>est,</strong></span> <span class='ocrx_word' id='word_1_356' title='bbox 2139 3371 2259 3440; x_wconf 88' lang='lat' dir='ltr'><strong>opera,</strong></span> 
     </span>
    </p>

    <p class='ocr_par' dir='ltr' id='par_1_10' title="bbox 235 3441 2260 3949">
     <span class='ocr_line' id='line_1_32' title="bbox 339 3441 2259 3545; baseline -0.002 -24"><span class='ocrx_word' id='word_1_357' title='bbox 339 3447 395 3521; x_wconf 91' lang='lat' dir='ltr'><strong>De</strong></span> <span class='ocrx_word' id='word_1_358' title='bbox 413 3448 487 3520; x_wconf 87' lang='lat' dir='ltr'><strong>vita</strong></span> <span class='ocrx_word' id='word_1_359' title='bbox 509 3447 686 3539; x_wconf 90' lang='lat' dir='ltr'><strong>corporali</strong></span> <span class='ocrx_word' id='word_1_360' title='bbox 709 3469 750 3516; x_wconf 89' lang='lat' dir='ltr'><strong>ac</strong></span> <span class='ocrx_word' id='word_1_361' title='bbox 774 3445 875 3518; x_wconf 86' lang='lat' dir='ltr'><strong>civili</strong></span> <span class='ocrx_word' id='word_1_362' title='bbox 896 3467 972 3515; x_wconf 89' lang='lat' dir='ltr'><strong>uon</strong></span> <span class='ocrx_word' id='word_1_363' title='bbox 993 3455 1046 3514; x_wconf 90' lang='lat' dir='ltr'><strong>est</strong></span> <span class='ocrx_word' id='word_1_364' title='bbox 1059 3441 1222 3516; x_wconf 84' lang='lat' dir='ltr'><strong>dubium.</strong></span> <span class='ocrx_word' id='word_1_365' title='bbox 1271 3472 1360 3545; x_wconf 89' lang='lat' dir='ltr'><strong>quae</strong></span> <span class='ocrx_word' id='word_1_366' title='bbox 1375 3473 1417 3520; x_wconf 81' lang='lat' dir='ltr'><strong>ex</strong></span> <span class='ocrx_word' id='word_1_367' title='bbox 1433 3471 1539 3540; x_wconf 88' lang='lat' dir='ltr'><strong>opere</strong></span> <span class='ocrx_word' id='word_1_368' title='bbox 1551 3461 1696 3538; x_wconf 86' lang='lat' dir='ltr'><strong>operato</strong></span> <span class='ocrx_word' id='word_1_369' title='bbox 1714 3446 1946 3520; x_wconf 90' lang='lat' dir='ltr'><strong>reddantDeo</strong></span> <span class='ocrx_word' id='word_1_370' title='bbox 1960 3443 2146 3535; x_wconf 88' lang='lat' dir='ltr'><strong>honorem,</strong></span> <span class='ocrx_word' id='word_1_371' title='bbox 2167 3473 2259 3541; x_wconf 83' lang='lat' dir='ltr'><strong>quae</strong></span> 
     </span>
     <span class='ocr_line' id='line_1_33' title="bbox 237 3539 2260 3645; baseline -0.003 -16"><span class='ocrx_word' id='word_1_372' title='bbox 237 3550 341 3629; x_wconf 81' lang='lat' dir='ltr'><strong>Sicut</strong></span> <span class='ocrx_word' id='word_1_373' title='bbox 356 3550 452 3623; x_wconf 86' lang='lat' dir='ltr'><strong>euim</strong></span> <span class='ocrx_word' id='word_1_374' title='bbox 466 3545 702 3645; x_wconf 74' lang='lat' dir='ltr'><strong>Evangelium</strong></span> <span class='ocrx_word' id='word_1_375' title='bbox 718 3570 794 3617; x_wconf 91' lang='lat' dir='ltr'><strong>uon</strong></span> <span class='ocrx_word' id='word_1_376' title='bbox 810 3545 905 3618; x_wconf 91' lang='lat' dir='ltr'><strong>tollit</strong></span> <span class='ocrx_word' id='word_1_377' title='bbox 918 3557 1081 3616; x_wconf 85' lang='lat' dir='ltr'><strong>naturam</strong></span> <span class='ocrx_word' id='word_1_378' title='bbox 1101 3539 1221 3614; x_wconf 91' lang='lat' dir='ltr'><strong>homi·</strong></span> <span class='ocrx_word' id='word_1_379' title='bbox 1271 3561 1476 3620; x_wconf 86' lang='lat' dir='ltr'><strong>mereantur</strong></span> <span class='ocrx_word' id='word_1_380' title='bbox 1489 3549 1733 3620; x_wconf 85' lang='lat' dir='ltr'><strong>remissionem</strong></span> <span class='ocrx_word' id='word_1_381' title='bbox 1745 3563 1978 3642; x_wconf 88' lang='lat' dir='ltr'><strong>peccatomm‚</strong></span> <span class='ocrx_word' id='word_1_382' title='bbox 1991 3551 2083 3623; x_wconf 90' lang='lat' dir='ltr'><strong>sieut</strong></span> <span class='ocrx_word' id='word_1_383' title='bbox 2093 3551 2143 3626; x_wconf 91' lang='lat' dir='ltr'><strong>ait</strong></span> <span class='ocrx_word' id='word_1_384' title='bbox 2150 3547 2260 3624; x_wconf 88' lang='lat' dir='ltr'><strong>Chri·</strong></span> 
     </span>
     <span class='ocr_line' id='line_1_34' title="bbox 236 3642 2155 3743; baseline 0.001 -19"><span class='ocrx_word' id='word_1_385' title='bbox 236 3677 346 3739; x_wconf 91' lang='lat' dir='ltr'><strong>uum,</strong></span> <span class='ocrx_word' id='word_1_386' title='bbox 370 3653 421 3723; x_wconf 86' lang='lat' dir='ltr'><strong>ita</strong></span> <span class='ocrx_word' id='word_1_387' title='bbox 435 3676 501 3722; x_wconf 90' lang='lat' dir='ltr'><strong>uec</strong></span> <span class='ocrx_word' id='word_1_388' title='bbox 515 3653 593 3724; x_wconf 87' lang='lat' dir='ltr'><strong>iura</strong></span> <span class='ocrx_word' id='word_1_389' title='bbox 609 3648 805 3734; x_wconf 88' lang='lat' dir='ltr'><strong>naturalia,</strong></span> <span class='ocrx_word' id='word_1_390' title='bbox 832 3647 963 3743; x_wconf 87' lang='lat' dir='ltr'><strong>quibus</strong></span> <span class='ocrx_word' id='word_1_391' title='bbox 984 3644 1135 3719; x_wconf 89' lang='lat' dir='ltr'><strong>societas</strong></span> <span class='ocrx_word' id='word_1_392' title='bbox 1153 3642 1223 3716; x_wconf 89' lang='lat' dir='ltr'><strong>hu·</strong></span> <span class='ocrx_word' id='word_1_393' title='bbox 1272 3663 1364 3722; x_wconf 87' lang='lat' dir='ltr'><strong>stus:</strong></span> <span class='ocrx_word' id='word_1_394' title='bbox 1390 3649 1536 3722; x_wconf 83' lang='lat' dir='ltr'><strong>Frustra</strong></span> <span class='ocrx_word' id='word_1_395' title='bbox 1549 3651 1673 3720; x_wconf 90' lang='lat' dir='ltr'><strong>colunt</strong></span> <span class='ocrx_word' id='word_1_396' title='bbox 1689 3673 1746 3720; x_wconf 89' lang='lat' dir='ltr'><strong>me</strong></span> <span class='ocrx_word' id='word_1_397' title='bbox 1758 3651 1937 3722; x_wconf 88' lang='lat' dir='ltr'><strong>mandatis</strong></span> <span class='ocrx_word' id='word_1_398' title='bbox 1952 3645 2155 3730; x_wconf 88' lang='lat' dir='ltr'><strong>bominum.</strong></span> 
     </span>
     <span class='ocr_line' id='line_1_35' title="bbox 237 3747 2260 3846; baseline 0 -22"><span class='ocrx_word' id='word_1_399' title='bbox 237 3778 343 3824; x_wconf 90' lang='lat' dir='ltr'><strong>mana</strong></span> <span class='ocrx_word' id='word_1_400' title='bbox 368 3753 531 3825; x_wconf 83' lang='lat' dir='ltr'><strong>devincta</strong></span> <span class='ocrx_word' id='word_1_401' title='bbox 555 3765 626 3840; x_wconf 91' lang='lat' dir='ltr'><strong>est,</strong></span> <span class='ocrx_word' id='word_1_402' title='bbox 652 3753 772 3846; x_wconf 88' lang='lat' dir='ltr'><strong>itaque</strong></span> <span class='ocrx_word' id='word_1_403' title='bbox 786 3747 1022 3842; x_wconf 77' lang='lat' dir='ltr'><strong>Evangelium</strong></span> <span class='ocrx_word' id='word_1_404' title='bbox 1038 3770 1114 3818; x_wconf 92' lang='lat' dir='ltr'><strong>nou</strong></span> <span class='ocrx_word' id='word_1_405' title='bbox 1128 3748 1222 3820; x_wconf 93' lang='lat' dir='ltr'><strong>tollit</strong></span> <span class='ocrx_word' id='word_1_406' title='bbox 1374 3750 1507 3822; x_wconf 84' lang='lat' dir='ltr'><strong>Paulus</strong></span> <span class='ocrx_word' id='word_1_407' title='bbox 1531 3752 1642 3822; x_wconf 87' lang='lat' dir='ltr'><strong>violat</strong></span> <span class='ocrx_word' id='word_1_408' title='bbox 1663 3751 1778 3841; x_wconf 83' lang='lat' dir='ltr'><strong>legem</strong></span> <span class='ocrx_word' id='word_1_409' title='bbox 1800 3749 1926 3838; x_wconf 87' lang='lat' dir='ltr'><strong>Moisi,</strong></span> <span class='ocrx_word' id='word_1_410' title='bbox 1951 3767 1991 3824; x_wconf 90' lang='lat' dir='ltr'><strong>ut</strong></span> <span class='ocrx_word' id='word_1_411' title='bbox 2013 3754 2137 3826; x_wconf 88' lang='lat' dir='ltr'><strong>doceat</strong></span> <span class='ocrx_word' id='word_1_412' title='bbox 2161 3776 2260 3825; x_wconf 87' lang='lat' dir='ltr'><strong>cere·</strong></span> 
     </span>
     <span class='ocr_line' id='line_1_36' title="bbox 235 3847 2260 3949; baseline -0.001 -23"><span class='ocrx_word' id='word_1_413' title='bbox 235 3879 294 3926; x_wconf 89' lang='lat' dir='ltr'><strong>res</strong></span> <span class='ocrx_word' id='word_1_414' title='bbox 308 3855 483 3949; x_wconf 84' lang='lat' dir='ltr'><strong>politicas.</strong></span> <span class='ocrx_word' id='word_1_415' title='bbox 1272 3853 1411 3924; x_wconf 87' lang='lat' dir='ltr'><strong>mouias</strong></span> <span class='ocrx_word' id='word_1_416' title='bbox 1441 3852 1530 3945; x_wconf 80' lang='lat' dir='ltr'><strong>legis</strong></span> <span class='ocrx_word' id='word_1_417' title='bbox 1561 3847 1637 3924; x_wconf 74' lang='lat' dir='ltr'><strong>n&#39;ou</strong></span> <span class='ocrx_word' id='word_1_418' title='bbox 1668 3875 1742 3924; x_wconf 87' lang='lat' dir='ltr'><strong>esse</strong></span> <span class='ocrx_word' id='word_1_419' title='bbox 1766 3855 1883 3925; x_wconf 91' lang='lat' dir='ltr'><strong>cultus</strong></span> <span class='ocrx_word' id='word_1_420' title='bbox 1915 3854 2002 3926; x_wconf 87' lang='lat' dir='ltr'><strong>novi</strong></span> <span class='ocrx_word' id='word_1_421' title='bbox 2028 3853 2260 3930; x_wconf 84' lang='lat' dir='ltr'><strong>Testamenti.</strong></span> 
     </span>
    </p>

    <p class='ocr_par' dir='ltr' id='par_1_11' title="bbox 236 3949 2259 4152">
     <span class='ocr_line' id='line_1_37' title="bbox 340 3949 2259 4050; baseline 0.002 -22"><span class='ocrx_word' id='word_1_422' title='bbox 340 3953 418 4028; x_wconf 90' lang='lat' dir='ltr'><strong>lmo</strong></span> <span class='ocrx_word' id='word_1_423' title='bbox 439 3949 675 4044; x_wconf 79' lang='lat' dir='ltr'><strong>Evangelium</strong></span> <span class='ocrx_word' id='word_1_424' title='bbox 703 3950 846 4024; x_wconf 87' lang='lat' dir='ltr'><strong>subiicit</strong></span> <span class='ocrx_word' id='word_1_425' title='bbox 874 3949 984 4023; x_wconf 87' lang='lat' dir='ltr'><strong>vitam</strong></span> <span class='ocrx_word' id='word_1_426' title='bbox 1014 3951 1234 4038; x_wconf 85' lang='lat' dir='ltr'><strong>exteriorem</strong></span> <span class='ocrx_word' id='word_1_427' title='bbox 1273 3954 1388 4040; x_wconf 89' lang='lat' dir='ltr'><strong>ltem,</strong></span> <span class='ocrx_word' id='word_1_428' title='bbox 1418 3968 1459 4026; x_wconf 92' lang='lat' dir='ltr'><strong>ut</strong></span> <span class='ocrx_word' id='word_1_429' title='bbox 1478 3958 1602 4028; x_wconf 89' lang='lat' dir='ltr'><strong>doceat</strong></span> <span class='ocrx_word' id='word_1_430' title='bbox 1624 3949 1788 4026; x_wconf 87' lang='lat' dir='ltr'><strong>homines</strong></span> <span class='ocrx_word' id='word_1_431' title='bbox 1811 3955 1919 4046; x_wconf 81' lang='lat' dir='ltr'><strong>gratis</strong></span> <span class='ocrx_word' id='word_1_432' title='bbox 1947 3955 2109 4050; x_wconf 88' lang='lat' dir='ltr'><strong>reputari</strong></span> <span class='ocrx_word' id='word_1_433' title='bbox 2136 3957 2259 4042; x_wconf 89' lang='lat' dir='ltr'><strong>iustos,</strong></span> 
     </span>
     <span class='ocr_line' id='line_1_38' title="bbox 236 4047 1664 4152; baseline -0.001 -23"><span class='ocrx_word' id='word_1_434' title='bbox 236 4047 393 4152; x_wconf 86' lang='lat' dir='ltr'><strong>politicis</strong></span> <span class='ocrx_word' id='word_1_435' title='bbox 413 4047 532 4127; x_wconf 53' lang='lat' dir='ltr'><strong>rebus}</strong></span> <span class='ocrx_word' id='word_1_436' title='bbox 626 4047 631 4054; x_wconf 69' lang='grc'><strong>’</strong></span> <span class='ocrx_word' id='word_1_437' title='bbox 742 4049 747 4058; x_wconf 82' lang='grc'><strong>’</strong></span> <span class='ocrx_word' id='word_1_438' title='bbox 854 4055 857 4060; x_wconf 81' lang='grc'>’</span> <span class='ocrx_word' id='word_1_439' title='bbox 1149 4089 1154 4102; x_wconf 92' lang='grc'><strong><em>·</em></strong></span> <span class='ocrx_word' id='word_1_440' title='bbox 1273 4079 1349 4126; x_wconf 92' lang='lat' dir='ltr'><strong>nou</strong></span> <span class='ocrx_word' id='word_1_441' title='bbox 1367 4069 1512 4149; x_wconf 90' lang='lat' dir='ltr'><strong>propter</strong></span> <span class='ocrx_word' id='word_1_442' title='bbox 1534 4051 1664 4149; x_wconf 77' lang='lat' dir='ltr'><strong>Iegem.</strong></span> 
     </span>
    </p>

    <p class='ocr_par' dir='ltr' id='par_1_12' title="bbox 227 4146 2261 4456">
     <span class='ocr_line' id='line_1_39' title="bbox 340 4146 2257 4249; baseline -0.001 -18"><span class='ocrx_word' id='word_1_443' title='bbox 340 4155 407 4231; x_wconf 84' lang='lat' dir='ltr'><strong>Est</strong></span> <span class='ocrx_word' id='word_1_444' title='bbox 420 4172 455 4230; x_wconf 89' lang='lat' dir='ltr'><strong>et</strong></span> <span class='ocrx_word' id='word_1_445' title='bbox 467 4157 541 4230; x_wconf 82' lang='lat' dir='ltr'><strong>vita</strong></span> <span class='ocrx_word' id='word_1_446' title='bbox 555 4153 749 4249; x_wconf 88' lang='lat' dir='ltr'><strong>spiritualis</strong></span> <span class='ocrx_word' id='word_1_447' title='bbox 763 4151 920 4226; x_wconf 88' lang='lat' dir='ltr'><strong>subiecta</strong></span> <span class='ocrx_word' id='word_1_448' title='bbox 935 4152 1018 4243; x_wconf 78' lang='lat' dir='ltr'><strong>legi,</strong></span> <span class='ocrx_word' id='word_1_449' title='bbox 1037 4153 1121 4249; x_wconf 84' lang='lat' dir='ltr'><strong>quia</strong></span> <span class='ocrx_word' id='word_1_450' title='bbox 1136 4146 1223 4226; x_wconf 88' lang='lat' dir='ltr'><strong>baec</strong></span> <span class='ocrx_word' id='word_1_451' title='bbox 1263 4217 1267 4228; x_wconf 92' lang='lat'>.</span> <span class='ocrx_word' id='word_1_452' title='bbox 1301 4219 1303 4224; x_wconf 94' lang='lat'><em>.</em></span> <span class='ocrx_word' id='word_1_453' title='bbox 1373 4153 1423 4229; x_wconf 79' lang='lat' dir='ltr'><strong>Et</strong></span> <span class='ocrx_word' id='word_1_454' title='bbox 1442 4153 1529 4228; x_wconf 90' lang='lat' dir='ltr'><strong>baec</strong></span> <span class='ocrx_word' id='word_1_455' title='bbox 1541 4169 1603 4228; x_wconf 85' lang='lat' dir='ltr'><strong>est</strong></span> <span class='ocrx_word' id='word_1_456' title='bbox 1623 4157 1724 4229; x_wconf 86' lang='lat' dir='ltr'><strong>firma</strong></span> <span class='ocrx_word' id='word_1_457' title='bbox 1746 4183 1850 4230; x_wconf 88' lang='lat' dir='ltr'><strong>causa</strong></span> <span class='ocrx_word' id='word_1_458' title='bbox 1874 4181 2045 4232; x_wconf 87' lang='lat' dir='ltr'><strong>excusans</strong></span> <span class='ocrx_word' id='word_1_459' title='bbox 2063 4157 2257 4233; x_wconf 84' lang='lat' dir='ltr'><strong>violantem</strong></span> 
     </span>
     <span class='ocr_line' id='line_1_40' title="bbox 227 4252 2261 4355; baseline 0.001 -24"><span class='ocrx_word' id='word_1_460' title='bbox 227 4261 297 4331; x_wconf 82' lang='lat' dir='ltr'><strong>lex</strong></span> <span class='ocrx_word' id='word_1_461' title='bbox 320 4274 374 4333; x_wconf 88' lang='lat' dir='ltr'><strong>est</strong></span> <span class='ocrx_word' id='word_1_462' title='bbox 395 4273 537 4332; x_wconf 86' lang='lat' dir='ltr'><strong>aeterua</strong></span> <span class='ocrx_word' id='word_1_463' title='bbox 552 4271 588 4332; x_wconf 88' lang='lat' dir='ltr'><strong>et</strong></span> <span class='ocrx_word' id='word_1_464' title='bbox 602 4257 854 4330; x_wconf 85' lang='lat' dir='ltr'><strong>immutabilis:</strong></span> <span class='ocrx_word' id='word_1_465' title='bbox 880 4252 1015 4346; x_wconf 80' lang='lat' dir='ltr'><strong>Diliges</strong></span> <span class='ocrx_word' id='word_1_466' title='bbox 1025 4253 1222 4331; x_wconf 89' lang='lat' dir='ltr'><strong>Dominum</strong></span> <span class='ocrx_word' id='word_1_467' title='bbox 1273 4259 1502 4342; x_wconf 86' lang='lat' dir='ltr'><strong>traditiones,</strong></span> <span class='ocrx_word' id='word_1_468' title='bbox 1542 4258 1573 4330; x_wconf 92' lang='lat' dir='ltr'><strong>si</strong></span> <span class='ocrx_word' id='word_1_469' title='bbox 1600 4283 1681 4330; x_wconf 89' lang='lat' dir='ltr'><strong>cum</strong></span> <span class='ocrx_word' id='word_1_470' title='bbox 1706 4261 1838 4334; x_wconf 87' lang='lat' dir='ltr'><strong>talibus</strong></span> <span class='ocrx_word' id='word_1_471' title='bbox 1868 4261 2102 4355; x_wconf 88' lang='lat' dir='ltr'><strong>opinionibus</strong></span> <span class='ocrx_word' id='word_1_472' title='bbox 2126 4262 2261 4353; x_wconf 86' lang='lat' dir='ltr'><strong>praeci-</strong></span> 
     </span>
     <span class='ocr_line' id='line_1_41' title="bbox 227 4357 1429 4456; baseline 0.001 -23"><span class='ocrx_word' id='word_1_473' title='bbox 227 4357 356 4434; x_wconf 86' lang='lat' dir='ltr'><strong>·Deum</strong></span> <span class='ocrx_word' id='word_1_474' title='bbox 372 4377 530 4434; x_wconf 86' lang='lat' dir='ltr'><strong>tuumex</strong></span> <span class='ocrx_word' id='word_1_475' title='bbox 545 4359 761 4440; x_wconf 90' lang='lat' dir='ltr'><strong>totocorde,</strong></span> <span class='ocrx_word' id='word_1_476' title='bbox 783 4371 819 4430; x_wconf 91' lang='lat' dir='ltr'><strong>et</strong></span> <span class='ocrx_word' id='word_1_477' title='bbox 839 4357 966 4446; x_wconf 84' lang='lat' dir='ltr'><strong>diliges</strong></span> <span class='ocrx_word' id='word_1_478' title='bbox 978 4358 1192 4449; x_wconf 83' lang='lat' dir='ltr'><strong>proximum.</strong></span> <span class='ocrx_word' id='word_1_479' title='bbox 1273 4362 1429 4456; x_wconf 89' lang='lat' dir='ltr'><strong>piantur.</strong></span> 
     </span>
    </p>

    <p class='ocr_par' dir='ltr' id='par_1_13' title="bbox 223 4457 2260 4657">
     <span class='ocr_line' id='line_1_42' title="bbox 223 4457 2259 4560; baseline -0.001 -22"><span class='ocrx_word' id='word_1_480' title='bbox 223 4503 227 4511; x_wconf 95' lang='lat'>·</span> <span class='ocrx_word' id='word_1_481' title='bbox 342 4461 503 4538; x_wconf 76' lang='lat' dir='ltr'><strong>tdeoatt</strong></span> <span class='ocrx_word' id='word_1_482' title='bbox 524 4457 705 4548; x_wconf 85' lang='lat' dir='ltr'><strong>Christus:</strong></span> <span class='ocrx_word' id='word_1_483' title='bbox 738 4458 779 4532; x_wconf 85' lang='lat' dir='ltr'><strong>si</strong></span> <span class='ocrx_word' id='word_1_484' title='bbox 801 4458 856 4532; x_wconf 85' lang='lat' dir='ltr'><strong>vis</strong></span> <span class='ocrx_word' id='word_1_485' title='bbox 879 4458 1019 4550; x_wconf 83' lang='lat' dir='ltr'><strong>ingredi</strong></span> <span class='ocrx_word' id='word_1_486' title='bbox 1041 4461 1079 4531; x_wconf 90' lang='lat' dir='ltr'><strong>in</strong></span> <span class='ocrx_word' id='word_1_487' title='bbox 1101 4459 1224 4546; x_wconf 86' lang='lat' dir='ltr'><strong>vitam,</strong></span> <span class='ocrx_word' id='word_1_488' title='bbox 1376 4459 1441 4534; x_wconf 81' lang='lat' dir='ltr'><strong>Est</strong></span> <span class='ocrx_word' id='word_1_489' title='bbox 1465 4475 1500 4534; x_wconf 93' lang='lat' dir='ltr'><strong>et</strong></span> <span class='ocrx_word' id='word_1_490' title='bbox 1521 4463 1597 4534; x_wconf 83' lang='lat' dir='ltr'><strong>alia·</strong></span> <span class='ocrx_word' id='word_1_491' title='bbox 1614 4484 1717 4534; x_wconf 90' lang='lat' dir='ltr'><strong>causa</strong></span> <span class='ocrx_word' id='word_1_492' title='bbox 1737 4461 1861 4550; x_wconf 84' lang='lat' dir='ltr'><strong>firma,</strong></span> <span class='ocrx_word' id='word_1_493' title='bbox 1893 4465 2078 4550; x_wconf 85' lang='lat' dir='ltr'><strong>videlicet,</strong></span> <span class='ocrx_word' id='word_1_494' title='bbox 2100 4465 2200 4560; x_wconf 87' lang='lat' dir='ltr'><strong>quod</strong></span> <span class='ocrx_word' id='word_1_495' title='bbox 2225 4466 2259 4536; x_wconf 87' lang='lat' dir='ltr'><strong>iu</strong></span> 
     </span>
     <span class='ocr_line' id='line_1_43' title="bbox 237 4559 2260 4657; baseline -0.002 -19"><span class='ocrx_word' id='word_1_496' title='bbox 237 4589 338 4639; x_wconf 80' lang='lat' dir='ltr'><strong>serva</strong></span> <span class='ocrx_word' id='word_1_497' title='bbox 363 4565 542 4636; x_wconf 87' lang='lat' dir='ltr'><strong>mandeta.</strong></span> <span class='ocrx_word' id='word_1_498' title='bbox 1201 4627 1204 4634; x_wconf 93' lang='lat'><em>.</em></span> <span class='ocrx_word' id='word_1_499' title='bbox 1275 4588 1369 4636; x_wconf 83' lang='lat' dir='ltr'><strong>uovo</strong></span> <span class='ocrx_word' id='word_1_500' title='bbox 1392 4564 1623 4645; x_wconf 88' lang='lat' dir='ltr'><strong>Testameuto</strong></span> <span class='ocrx_word' id='word_1_501' title='bbox 1644 4559 1712 4636; x_wconf 88' lang='lat' dir='ltr'><strong>bae</strong></span> <span class='ocrx_word' id='word_1_502' title='bbox 1737 4587 1792 4634; x_wconf 90' lang='lat' dir='ltr'><strong>res</strong></span> <span class='ocrx_word' id='word_1_503' title='bbox 1823 4567 2108 4657; x_wconf 88' lang='lat' dir='ltr'><strong>pronunciantur</strong></span> <span class='ocrx_word' id='word_1_504' title='bbox 2132 4568 2260 4638; x_wconf 83' lang='lat' dir='ltr'><strong>debere</strong></span> 
     </span>
    </p>

    <p class='ocr_par' dir='ltr' id='par_1_14' title="bbox 189 4659 2298 5269">
     <span class='ocr_line' id='line_1_44' title="bbox 338 4659 2259 4759; baseline -0.003 -18"><span class='ocrx_word' id='word_1_505' title='bbox 338 4663 389 4741; x_wconf 80' lang='lat' dir='ltr'><strong>Et</strong></span> <span class='ocrx_word' id='word_1_506' title='bbox 409 4665 543 4739; x_wconf 87' lang='lat' dir='ltr'><strong>Paulus</strong></span> <span class='ocrx_word' id='word_1_507' title='bbox 572 4662 695 4758; x_wconf 86' lang='lat' dir='ltr'><strong>inquit</strong></span> <span class='ocrx_word' id='word_1_508' title='bbox 723 4662 770 4732; x_wconf 87' lang='lat' dir='ltr'><strong>ad</strong></span> <span class='ocrx_word' id='word_1_509' title='bbox 792 4659 993 4738; x_wconf 82' lang='lat' dir='ltr'><strong>Romanos:</strong></span> <span class='ocrx_word' id='word_1_510' title='bbox 1035 4659 1225 4732; x_wconf 88' lang='lat' dir='ltr'><strong>Debitorcs</strong></span> <span class='ocrx_word' id='word_1_511' title='bbox 1275 4691 1340 4759; x_wconf 91' lang='lat' dir='ltr'><strong>pro</strong></span> <span class='ocrx_word' id='word_1_512' title='bbox 1362 4665 1488 4738; x_wconf 88' lang='lat' dir='ltr'><strong>liberis</strong></span> <span class='ocrx_word' id='word_1_513' title='bbox 1508 4663 1650 4752; x_wconf 84' lang='lat' dir='ltr'><strong>baberi,</strong></span> <span class='ocrx_word' id='word_1_514' title='bbox 1671 4689 1717 4736; x_wconf 89' lang='lat' dir='ltr'><strong>ue</strong></span> <span class='ocrx_word' id='word_1_515' title='bbox 1740 4679 1887 4758; x_wconf 91' lang='lat' dir='ltr'><strong>putetur</strong></span> <span class='ocrx_word' id='word_1_516' title='bbox 1902 4669 2040 4742; x_wconf 86' lang='lat' dir='ltr'><strong>iusticia</strong></span> <span class='ocrx_word' id='word_1_517' title='bbox 2055 4664 2259 4740; x_wconf 83' lang='lat' dir='ltr'><strong>Christiana</strong></span> 
     </span>
     <span class='ocr_line' id='line_1_45' title="bbox 243 4761 2146 4862; baseline 0.002 -26"><span class='ocrx_word' id='word_1_518' title='bbox 243 4767 338 4840; x_wconf 88' lang='lat' dir='ltr'><strong>estis.</strong></span> <span class='ocrx_word' id='word_1_519' title='bbox 388 4765 484 4858; x_wconf 89' lang='lat' dir='ltr'><strong>Quia</strong></span> <span class='ocrx_word' id='word_1_520' title='bbox 511 4789 635 4839; x_wconf 90' lang='lat' dir='ltr'><strong>omnes</strong></span> <span class='ocrx_word' id='word_1_521' title='bbox 658 4778 837 4835; x_wconf 90' lang='lat' dir='ltr'><strong>creaturae</strong></span> <span class='ocrx_word' id='word_1_522' title='bbox 867 4761 1063 4834; x_wconf 88' lang='lat' dir='ltr'><strong>necessario</strong></span> <span class='ocrx_word' id='word_1_523' title='bbox 1094 4765 1226 4836; x_wconf 87' lang='lat' dir='ltr'><strong>debent</strong></span> <span class='ocrx_word' id='word_1_524' title='bbox 1275 4768 1457 4862; x_wconf 80' lang='lat' dir='ltr'><strong>requirere</strong></span> <span class='ocrx_word' id='word_1_525' title='bbox 1471 4768 1558 4840; x_wconf 90' lang='lat' dir='ltr'><strong>tales</strong></span> <span class='ocrx_word' id='word_1_526' title='bbox 1572 4769 1707 4852; x_wconf 89' lang='lat' dir='ltr'><strong>cultus,</strong></span> <span class='ocrx_word' id='word_1_527' title='bbox 1732 4781 1902 4861; x_wconf 82' lang='lat' dir='ltr'><strong>tanquam</strong></span> <span class='ocrx_word' id='word_1_528' title='bbox 1917 4770 2146 4852; x_wconf 72' lang='lat' dir='ltr'><strong>necessarios,</strong></span> 
     </span>
     <span class='ocr_line' id='line_1_46' title="bbox 227 4859 2298 4964; baseline 0 -27"><span class='ocrx_word' id='word_1_529' title='bbox 227 4869 390 4940; x_wconf 78' lang='lat' dir='ltr'><strong>obedire</strong></span> <span class='ocrx_word' id='word_1_530' title='bbox 404 4868 493 4952; x_wconf 83' lang='lat' dir='ltr'><strong>Deo.</strong></span> <span class='ocrx_word' id='word_1_531' title='bbox 1023 4877 1027 4886; x_wconf 83' lang='grc'><em>’</em></span> <span class='ocrx_word' id='word_1_532' title='bbox 1376 4865 1437 4952; x_wconf 83' lang='lat' dir='ltr'><strong>Et</strong></span> <span class='ocrx_word' id='word_1_533' title='bbox 1460 4863 1552 4940; x_wconf 90' lang='lat' dir='ltr'><strong>banc</strong></span> <span class='ocrx_word' id='word_1_534' title='bbox 1572 4870 1774 4944; x_wconf 86' lang='lat' dir='ltr'><strong>libertatem</strong></span> <span class='ocrx_word' id='word_1_535' title='bbox 1798 4895 1873 4941; x_wconf 89' lang='lat' dir='ltr'><strong>uon</strong></span> <span class='ocrx_word' id='word_1_536' title='bbox 1895 4873 2070 4953; x_wconf 83' lang='lat' dir='ltr'><strong>tollebant</strong></span> <span class='ocrx_word' id='word_1_537' title='bbox 2083 4866 2260 4964; x_wconf 82' lang='lat' dir='ltr'><strong>Apostoli,</strong></span> <span class='ocrx_word' id='word_1_538' title='bbox 2295 4859 2298 4874; x_wconf 63' lang='lat'><strong><em>⁴</em></strong></span> 
     </span>
     <span class='ocr_line' id='line_1_47' title="bbox 189 4964 2050 5064; baseline 0.002 -24"><span class='ocrx_word' id='word_1_539' title='bbox 189 4989 192 5000; x_wconf 81' lang='grc'><em>’</em></span> <span class='ocrx_word' id='word_1_540' title='bbox 344 4967 467 5064; x_wconf 85' lang='lat' dir='ltr'><strong>ltaque</strong></span> <span class='ocrx_word' id='word_1_541' title='bbox 490 4990 604 5064; x_wconf 85' lang='lat' dir='ltr'><strong>neque</strong></span> <span class='ocrx_word' id='word_1_542' title='bbox 627 4965 862 5057; x_wconf 76' lang='lat' dir='ltr'><strong>eDecalogo,</strong></span> <span class='ocrx_word' id='word_1_543' title='bbox 887 4988 1002 5059; x_wconf 90' lang='lat' dir='ltr'><strong>neque</strong></span> <span class='ocrx_word' id='word_1_544' title='bbox 1026 4989 1048 5036; x_wconf 90' lang='lat' dir='ltr'><strong>a</strong></span> <span class='ocrx_word' id='word_1_545' title='bbox 1071 4964 1227 5057; x_wconf 90' lang='lat' dir='ltr'><strong>politicis</strong></span> <span class='ocrx_word' id='word_1_546' title='bbox 1277 4992 1358 5040; x_wconf 91' lang='lat' dir='ltr'><strong>cum</strong></span> <span class='ocrx_word' id='word_1_547' title='bbox 1374 4972 1569 5042; x_wconf 87' lang='lat' dir='ltr'><strong>conderent</strong></span> <span class='ocrx_word' id='word_1_548' title='bbox 1584 4968 1850 5050; x_wconf 77' lang='lat' dir='ltr'><strong>traditionesad</strong></span> <span class='ocrx_word' id='word_1_549' title='bbox 1865 4967 2050 5056; x_wconf 79' lang='grc' dir='ltr'><strong><em>εὐταξίαν.</em></strong></span> 
     </span>
     <span class='ocr_line' id='line_1_48' title="bbox 239 5065 2262 5164; baseline 0.002 -24"><span class='ocrx_word' id='word_1_550' title='bbox 239 5068 378 5160; x_wconf 71' lang='lat' dir='ltr'><strong>legibus</strong></span> <span class='ocrx_word' id='word_1_551' title='bbox 403 5071 544 5142; x_wconf 91' lang='lat' dir='ltr'><strong>liberati</strong></span> <span class='ocrx_word' id='word_1_552' title='bbox 565 5093 708 5156; x_wconf 90' lang='lat' dir='ltr'><strong>sumus,</strong></span> <span class='ocrx_word' id='word_1_553' title='bbox 731 5072 828 5164; x_wconf 90' lang='lat' dir='ltr'><strong>quod</strong></span> <span class='ocrx_word' id='word_1_554' title='bbox 849 5067 894 5138; x_wconf 90' lang='lat' dir='ltr'><strong>ad</strong></span> <span class='ocrx_word' id='word_1_555' title='bbox 917 5065 1153 5140; x_wconf 85' lang='lat' dir='ltr'><strong>obedientiam</strong></span> <span class='ocrx_word' id='word_1_556' title='bbox 1173 5080 1228 5138; x_wconf 89' lang='lat' dir='ltr'><strong>at·</strong></span> <span class='ocrx_word' id='word_1_557' title='bbox 1379 5067 1586 5146; x_wconf 85' lang='lat' dir='ltr'><strong>Adversarii</strong></span> <span class='ocrx_word' id='word_1_558' title='bbox 1611 5071 1726 5140; x_wconf 87' lang='lat' dir='ltr'><strong>nostri</strong></span> <span class='ocrx_word' id='word_1_559' title='bbox 1742 5072 1793 5142; x_wconf 88' lang='lat' dir='ltr'><strong>sic</strong></span> <span class='ocrx_word' id='word_1_560' title='bbox 1815 5075 2088 5146; x_wconf 81' lang='lat' dir='ltr'><strong>ratiocinantur:</strong></span> <span class='ocrx_word' id='word_1_561' title='bbox 2114 5072 2262 5157; x_wconf 87' lang='lat' dir='ltr'><strong>Ieiunia,</strong></span> 
     </span>
     <span class='ocr_line' id='line_1_49' title="bbox 240 5165 2261 5269; baseline 0 -24"><span class='ocrx_word' id='word_1_562' title='bbox 240 5173 342 5250; x_wconf 84' lang='lat' dir='ltr'><strong>tinet.</strong></span> <span class='ocrx_word' id='word_1_563' title='bbox 1278 5165 1406 5255; x_wconf 81' lang='lat' dir='ltr'><strong>leriae,</strong></span> <span class='ocrx_word' id='word_1_564' title='bbox 1426 5187 1461 5244; x_wconf 90' lang='lat' dir='ltr'><strong>et</strong></span> <span class='ocrx_word' id='word_1_565' title='bbox 1475 5172 1634 5253; x_wconf 87' lang='lat' dir='ltr'><strong>similia„</strong></span> <span class='ocrx_word' id='word_1_566' title='bbox 1649 5187 1735 5246; x_wconf 91' lang='lat' dir='ltr'><strong>suut</strong></span> <span class='ocrx_word' id='word_1_567' title='bbox 1749 5174 1865 5246; x_wconf 90' lang='lat' dir='ltr'><strong>cultus</strong></span> <span class='ocrx_word' id='word_1_568' title='bbox 1878 5173 1947 5246; x_wconf 90' lang='lat' dir='ltr'><strong>Dei</strong></span> <span class='ocrx_word' id='word_1_569' title='bbox 1963 5176 2145 5267; x_wconf 24' lang='lat' dir='ltr'><strong>inxgeuere</strong></span> <span class='ocrx_word' id='word_1_570' title='bbox 2162 5201 2261 5269; x_wconf 76' lang='lat' dir='ltr'><strong>prae-</strong></span> 
     </span>
    </p>

    <p class='ocr_par' dir='ltr' id='par_1_15' title="bbox 240 5269 2297 5470">
     <span class='ocr_line' id='line_1_50' title="bbox 342 5269 2261 5370; baseline 0 -22"><span class='ocrx_word' id='word_1_571' title='bbox 342 5271 561 5366; x_wconf 69' lang='lat' dir='ltr'><strong>Decalogum</strong></span> <span class='ocrx_word' id='word_1_572' title='bbox 592 5271 633 5342; x_wconf 88' lang='lat' dir='ltr'><strong>in</strong></span> <span class='ocrx_word' id='word_1_573' title='bbox 653 5270 727 5346; x_wconf 83' lang='lat' dir='ltr'><strong>vita</strong></span> <span class='ocrx_word' id='word_1_574' title='bbox 748 5269 928 5366; x_wconf 85' lang='lat' dir='ltr'><strong>spirituali</strong></span> <span class='ocrx_word' id='word_1_575' title='bbox 953 5269 1068 5344; x_wconf 85' lang='lat' dir='ltr'><strong>lacere</strong></span> <span class='ocrx_word' id='word_1_576' title='bbox 1089 5293 1228 5342; x_wconf 89' lang='lat' dir='ltr'><strong>necesse</strong></span> <span class='ocrx_word' id='word_1_577' title='bbox 1278 5272 1370 5364; x_wconf 86' lang='lat' dir='ltr'><strong>cepti</strong></span> <span class='ocrx_word' id='word_1_578' title='bbox 1391 5271 1428 5342; x_wconf 88' lang='lat' dir='ltr'><strong>in</strong></span> <span class='ocrx_word' id='word_1_579' title='bbox 1444 5269 1653 5364; x_wconf 76' lang='lat' dir='ltr'><strong>Evangelio.</strong></span> <span class='ocrx_word' id='word_1_580' title='bbox 1704 5270 1754 5346; x_wconf 81' lang='lat' dir='ltr'><strong>Et</strong></span> <span class='ocrx_word' id='word_1_581' title='bbox 1771 5273 2028 5370; x_wconf 78' lang='lat' dir='ltr'><strong>Episcoporum</strong></span> <span class='ocrx_word' id='word_1_582' title='bbox 2052 5289 2123 5358; x_wconf 91' lang='lat' dir='ltr'><strong>est,</strong></span> <span class='ocrx_word' id='word_1_583' title='bbox 2149 5281 2261 5350; x_wconf 85' lang='lat' dir='ltr'><strong>cottus</strong></span> 
     </span>
     <span class='ocr_line' id='line_1_51' title="bbox 240 5373 2297 5470; baseline 0.001 -23"><span class='ocrx_word' id='word_1_584' title='bbox 240 5389 304 5448; x_wconf 89' lang='lat' dir='ltr'><strong>est.</strong></span> <span class='ocrx_word' id='word_1_585' title='bbox 1079 5437 1086 5451; x_wconf 86' lang='lat'><strong>.</strong></span> <span class='ocrx_word' id='word_1_586' title='bbox 1164 5435 1174 5444; x_wconf 79' lang='grc'><strong>,</strong></span> <span class='ocrx_word' id='word_1_587' title='bbox 1280 5373 1465 5465; x_wconf 80' lang='lat' dir='ltr'><strong>ingerere</strong></span> <span class='ocrx_word' id='word_1_588' title='bbox 1488 5378 1638 5458; x_wconf 90' lang='lat' dir='ltr'><strong>traditos</strong></span> <span class='ocrx_word' id='word_1_589' title='bbox 1667 5375 1705 5446; x_wconf 92' lang='lat' dir='ltr'><strong>in</strong></span> <span class='ocrx_word' id='word_1_590' title='bbox 1729 5373 1927 5470; x_wconf 81' lang='lat' dir='ltr'><strong>Evangelio</strong></span> <span class='ocrx_word' id='word_1_591' title='bbox 1951 5379 2191 5468; x_wconf 80' lang='lat' dir='ltr'><strong>determinare</strong></span> <span class='ocrx_word' id='word_1_592' title='bbox 2218 5383 2259 5452; x_wconf 90' lang='lat' dir='ltr'><strong>ad</strong></span> <span class='ocrx_word' id='word_1_593' title='bbox 2296 5373 2297 5464; x_wconf 63' lang='lat'><em>3</em></span> 
     </span>
    </p>
   </div>
   <div class='ocr_carea' id='block_1_3' title="bbox 616 2485 827 2578">
    <p class='ocr_par' dir='ltr' id='par_1_16' title="bbox 616 2485 827 2578">
     <span class='ocr_line' id='line_1_52' title="bbox 616 2485 827 2578; baseline -0.019 -20"><span class='ocrx_word' id='word_1_594' title='bbox 616 2485 827 2578; x_wconf 72' lang='lat' dir='ltr'><strong>Responsio.</strong></span> 
     </span>
    </p>
   </div>
   <div class='ocr_carea' id='block_1_4' title="bbox 0 0 2318 5812">
    <p class='ocr_par' dir='ltr' id='par_1_17' title="bbox 0 0 2318 5812">
     <span class='ocr_line' id='line_1_53' title="bbox 0 0 2318 5812; baseline 0 0"><span class='ocrx_word' id='word_1_595' title='bbox 0 0 2318 5812; x_wconf 95' lang='lat' dir='ltr'><strong> </strong></span> 
     </span>
    </p>
   </div>
  </div>
 </body>
</html>
