4604 5804
211 295 289 374 sao
453 265 1005 364 mauretaniarum
1030 267 1157 346 utsr.
1182 265 1328 350 mor.
1349 265 1417 350 ur
1441 269 1634 356 eureos.
1659 273 1983 359 srucraurm.
2108 283 2114 294 ’
2154 277 2233 360 aaa

213 469 328 542 dicar.
376 455 546 534 Esulavit
569 453 610 524 io
632 448 768 546 Cypro.
825 442 953 516 Postea
974 441 1116 516 rediens
1134 439 1202 514 tri·
1240 497 1245 504 =
1351 441 1554 520 zorobabel
1573 449 1646 522 dux
1663 447 1818 544 praefuit
1839 473 1954 524 sonos
1974 449 2236 548 quinquaginta

204 572 314 665 ginta
348 561 462 634 millia
497 555 713 630 ludaeorum
749 545 959 626 trucidavit,
1010 557 1045 616 et
1085 544 1201 636 coegit
1250 557 1343 622 octo.
1416 541 1641 644 Etymotogie
1673 564 1742 622 est:
1783 548 1995 644 Alienigena
2026 551 2236 650 Babylonis.

216 669 375 764 captivus
390 661 485 734 vesci
500 657 767 730 interfectorum
784 647 1025 719 cadaveribus.
1060 643 1199 717 Harum
1249 644 1368 719 Huius
1381 651 1515 722 mentio
1534 651 1572 723 m
1586 651 1625 720 in
1639 650 1804 744 llapgmo
1818 666 1854 726 et
1869 649 2059 728 Zacharia.

216 767 447 844 horribilium
461 759 702 836 calamitatum
717 761 927 844 spectatores
938 751 1084 820 fuerunt
1096 744 1202 817 multi
1351 745 1445 822 llesa
1454 750 1664 840 Mosellam,
1683 754 1860 826 secundus
1874 757 1964 840 dux,
1984 757 2167 848 sexaginta
2177 781 2236 827 m

216 869 330 945 sancti
343 864 527 944 homines,
552 858 616 953 qui
634 869 719 928 tuno
735 853 919 934 vixerunt,
945 847 1106 934 Simeon,
1130 847 1202 920 Za-
1251 869 1376 924 annos.
1414 848 1640 947 Etymologia
1655 867 1723 926 est:
1748 852 1864 948 Caput
1877 856 2075 948 pacificum.
2117 855 2238 930 Huius

216 971 355 1048 chariss
371 962 525 1039 etmulti
539 959 614 1043 alii,
639 979 709 1050 quo
724 967 882 1044 tempore
896 951 1004 1024 simul
1021 947 1201 1022 inludeea
1253 963 1411 1042 tempore
1443 953 1633 1026 veniebant
1660 953 1913 1052 lerosolymam
1938 953 2073 1030 Euda„
2104 971 2142 1030 et
2168 957 2238 1032 Ne.

216 1077 342 1146 fratres
357 1069 451 1139 iuter
466 1087 504 1136 se
521 1056 722 1153 parricidiis
735 1054 937 1140 certabant,
960 1049 1202 1135 Aristobulus,
1252 1047 1398 1125 hemian.

217 1174 421 1263 Antigonus
436 1178 470 1236 et
485 1159 685 1238 Alexander
701 1154 865 1224 lanneus.
1184 1153 1186 1164 '
1356 1149 1517 1226 lohanua
1539 1154 1617 1228 Bcn
1637 1154 1751 1245 Resa,
1784 1158 1908 1231 tertius
1930 1160 2024 1246 dur,
2057 1159 2239 1254 quinqua.

324 1275 382 1346 tt.
413 1257 787 1339 PtolemaeusA'uletes
804 1246 1202 1344 patchleopatraeAn-
1252 1254 1350 1346 ginta
1368 1269 1454 1330 eree,

218 1375 330 1459 tonii,
363 1369 508 1442 exulans
530 1362 680 1435 Romae.
736 1355 875 1438 Deinde
898 1354 1063 1426 reductus
1081 1353 1122 1426 iu
1145 1377 1202 1426 re-
1355 1354 1818 1452 ludasHircanusprimus,
1844 1373 1989 1456 quartm
2003 1361 2095 1449 dux,
2119 1383 2237 1432 annos

166 1527 173 1538 ¹
220 1500 329 1570 dnum
347 1495 409 1567 Pir
425 1465 634 1540 Gabinium·
1252 1459 1538 1552 qtuaurordecim,
1562 1461 1722 1532 fortassis
1736 1485 1778 1532 co
1793 1459 2115 1547 dictusHircanns,
2138 1465 2239 1557 qnod

325 1576 383 1648 12·
416 1568 639 1641 Ρῑῡῑθῑῐῑθθῠ*
664 1555 880 1653 Dlossy⁸3t1³s
917 1553 1026 1626 frtler
1049 1551 1202 1649 Cleopa·
1252 1559 1328 1629 eius
1347 1573 1505 1649 tempore
1519 1555 1648 1632 Ochus
1670 1564 1852 1634 transtulit
1871 1575 2007 1654 partem
2022 1563 2240 1635 ludaeorum

219 1695 314 1762 trae,
339 1673 401 1768 qui
420 1665 629 1760 Pompeium
646 1661 841 1744 interiecit,
874 1669 908 1728 et
931 1669 1050 1748 postca
1068 1653 1200 1728 lulium
1252 1660 1292 1729 in
1311 1657 1539 1744 Hircaniam,
1579 1662 1677 1734 iuxta
1707 1687 1804 1736 mare
1832 1664 2013 1755 Caspium.
2076 1661 2242 1736 Praefuit

221 1777 404 1853 Caesarem
428 1767 585 1862 hospitio
617 1776 800 1861 exceptum
827 1756 1026 1850 opprimere
1055 1771 1202 1830 conatus
1253 1758 1423 1846 iudaeae,
1450 1786 1528 1832 cum
1547 1755 1750 1834 Alexander
1766 1765 1851 1837 vicit
1864 1761 2031 1840 Darium.
2149 1847 2152 1854 Ι

103 1865 112 1880 ”
221 1893 283 1952 est.
334 1876 406 1948 Sed
420 1896 501 1944 cum
518 1867 631 1942 Iulius
645 1867 775 1936 Caesar
790 1859 927 1950 magnis
940 1857 1083 1949 praeliis
1096 1859 1201 1929 vicis-
1354 1857 1481 1954 loseph
1497 1863 1651 1956 primus,
1676 1865 1823 1958 quintus
1842 1867 1935 1950 dux,
1959 1883 2074 1936 annos
2093 1877 2241 1956 septem.

219 1995 271 2052 set
287 1969 649 2060 exercitumrcgium,
670 1990 732 2036 rer
754 1963 792 2032 in
818 1955 945 2052 scapha
966 1960 1120 2050 effugere
1142 1983 1202 2030 eo·

219 2095 343 2164 natus,
368 2078 463 2146 inter
476 2071 615 2143 collisas
630 2088 736 2138 naves
752 2065 791 2133 in
814 2059 968 2134 tumultu
989 2060 1202 2149 fugientium

221 2204 342 2256 eversa
359 2176 484 2272 cymba
501 2173 540 2240 in
561 2168 653 2239 mari
669 2165 786 2258 periit.
836 2159 959 2232 Postea
976 2161 1075 2234 dedit
1090 2159 1203 2234 lulius

221 2303 370 2373 regnum
401 2275 629 2364 Cleopatrae,
668 2289 758 2361 quae
787 2277 868 2357 post
897 2275 1047 2332 mortem
1083 2264 1203 2334 fratris
1355 2257 1480 2338 Abner
1498 2261 1633 2352 Semei,
1662 2267 1734 2338 dux
1755 2280 1890 2354 sertus,
1923 2263 2091 2338 undecim
2113 2285 2243 2340 annos.

112 2377 115 2382 ’
220 2405 332 2477 usque
361 2379 406 2448 ad
434 2395 568 2446 annum
598 2366 742 2442 Octavii
772 2362 924 2455 Augusti
953 2361 1203 2436 duodecimum
1251 2361 1372 2436 Huius
1399 2377 1557 2458 tempore
1581 2365 1804 2438 Ptolemaeus
1828 2367 1916 2459 Lagi
1940 2366 2034 2438 lilius
2061 2363 2243 2461 lerosoly-

221 2480 400 2574 regoarit,
439 2499 510 2570 quo
532 2495 626 2544 enno
648 2468 732 2540 v'icti
755 2464 936 2542 Antonius
954 2465 996 2534 'et
1018 2463 1203 2558 Cleopatra
1253 2489 1347 2538 mam
1362 2466 1486 2538 fraude
1500 2467 1616 2560 coepit
1630 2467 1670 2537 in
1684 2466 1860 2556 Sabbato,
1890 2468 2061 2539 rimulam
2075 2487 2114 2537 se
2129 2468 2242 2538 sacri-

222 2584 291 2656 sibi
307 2594 455 2652 mortem
469 2574 729 2647 consciverunt.
780 2565 849 2638 Hic
863 2564 943 2634 linis
956 2564 1025 2638 fuit
1042 2565 1144 2655 regni
1169 2579 1204 2636 et
1253 2565 1440 2638 litaturum
1453 2589 1537 2638 ωε,

220 2680 436 2780 posteritatis
459 2675 745 2748 Ptolemaeorum
774 2667 814 2736 in
834 2665 1005 2760 Aegypto.
1068 2663 1206 2753 Postea,
1355 2665 1416 2740 Eli
1446 2663 1637 2758 Mamm,
1675 2669 1845 2762 „mim
1869 2673 1960 2752 dm,
1995 2679 2115 2740 mo,
2149 2669 2244 2740 duo·

220 2799 261 2858 ut
277 2785 452 2862 dicemus,
473 2771 655 2870 Aegyptus
668 2771 758 2842 farta
775 2780 827 2844 est
843 2765 1025 2859 provincia
1042 2763 1205 2841 Romana
1254 2767 1380 2844 decim.

223 2888 268 2958 ³¹²
286 2882 458 2973 Auium·
1357 2864 1449 2941 Arar
1471 2865 1615 2955 Mahat,
1655 2884 1799 2944 octavus
1825 2871 1917 2956 dux,
1955 2869 2082 2957 idest,
2114 2871 2243 2942 beatus

1255 2991 1457 3063 percussor,
1483 2995 1595 3042 annos
1613 2995 1753 3045 novem.

181 3056 382 3176 ,ΜΒΝ
419 3043 704 3122 lull‘i‘mm
745 3049 853 3134 ΡΜ
893 3035 1110 3111 ”dmm
1150 3061 1207 3112 Μ
1358 3070 1470 3162 Nerio
1489 3069 1807 3155 Artaxad,nonus
1830 3073 1923 3156 dur,
1948 3069 2101 3162 praefuit
2123 3091 2243 3141 anuos

590 3141 837 3236 Babilffll‘·
1095 3193 1098 3200 ·
1256 3173 1388 3242 decenn
1453 3170 1635 3260 Significat
1656 3171 1770 3262 Nagid
1792 3173 2010 3264 principem,
2050 3166 2141 3244 Arta
2164 3196 2244 3244 ma-

325 3281 521 3356 Ecclesiam
562 3278 603 3348 in
644 3277 748 3348 exilio
777 3271 998 3368 babylonico
1025 3273 1207 3348 ‘mirandis
1256 3293 1377 3363 gnum.
1427 3269 1537 3342 Hesid
1575 3287 1744 3344 sanctum.
1797 3271 1917 3344 Huius
1947 3287 2107 3366 tempore
2139 3273 2244 3342 missi

223 3383 390 3480 operibus
407 3381 542 3452 divinis
565 3394 598 3450 et
614 3388 786 3448 servatam
811 3387 844 3444 et
864 3385 1029 3446 ornatam
1058 3397 1132 3447 esse
1150 3377 1208 3446 in.
1257 3386 1341 3444 sunt
1357 3372 1576 3464 septuaginta
1593 3374 1800 3464 interpretes
1816 3376 1853 3442 in
1869 3369 2070 3468 Aegyptum
2090 3373 2137 3442 ad
2150 3369 2243 3442 Phi·

224 3488 320 3582 genti
350 3483 463 3577 gloria
494 3483 589 3552 inter
622 3499 748 3567 magna
779 3475 954 3566 pericula,
983 3475 1125 3546 'dictum
1157 3492 1208 3551 est
1256 3468 1480 3563 ladelphum,
1505 3475 1643 3569 fuitque
1658 3475 1849 3568 tranquilla
1868 3471 2008 3550 ludaea.

224 3611 331 3681 supra
353 3587 393 3656 in
414 3577 620 3654 monarchia
634 3575 786 3648 Persica.
835 3572 989 3665 Fuitque
1009 3589 1088 3664 post
1111 3577 1208 3648 redi·
1359 3572 1495 3662 Happai
1511 3567 1588 3660 Eli,
1613 3574 1770 3645 decimus
1786 3577 1876 3652 dtur,
1908 3573 2061 3667 praefuit
2076 3587 2159 3645 octo
2177 3597 2243 3644 an·

225 3703 301 3762 tum
321 3711 363 3758 er
383 3683 568 3778 Babylone
591 3676 779 3750 mediocris
800 3673 1042 3768 tranquillitas
1056 3673 1210 3750 ludaeae
1259 3697 1335 3744 nos.
1384 3673 1710 3764 Significatfestum
1726 3671 1792 3746 Dei
1808 3675 1888 3746 mci.
1940 3675 2055 3750 Lucas
2075 3676 2241 3748 nominat

224 3794 335 3882 usque
351 3787 395 3856 ad
410 3778 506 3855 Ochi
521 3796 692 3872 tempora.
741 3774 833 3846 Nam
850 3769 1085 3846 etNehemiae
1101 3777 1206 3870 longa
1257 3771 1352 3857 bati,
1374 3775 1501 3862 idest,
1524 3789 1714 3848 servatum.

224 3903 319 3962 aetas
332 3886 421 3967 fuit,
445 3882 610 3953 videlicet
630 3899 808 3950 annorum
831 3886 972 3946 centum
996 3887 1029 3946 et
1043 3869 1208 3967 triginta,
1360 3875 1491 3948 Maelot
1501 3876 1634 3964 Naum,
1650 3876 1858 3948 undecimus
1873 3877 1956 3959 dux,
1972 3899 2086 3948 anuos
2105 3887 2241 3968 septem

225 3989 287 4083 qul
309 3986 340 4056 si
358 3983 474 4072 attigit
496 3996 655 4070 tempora
670 3971 786 4062 Ochi,
816 3973 907 4045 vidit
931 3999 1061 4046 novam
1083 3980 1208 4071 populi
1257 3976 1422 4072 praefuit.
1473 3977 1857 4067 Significatdominum
1874 3978 2083 4049 iucundum.

225 4087 461 4162 calamitatem
476 4082 515 4152 io
527 4079 653 4152 ultima
669 4089 821 4150 senecta
871 4075 1078 4150 Teneantur
1089 4094 1205 4151 autern
1357 4073 1613 4164 AmosSirach,
1628 4079 1948 4164 duodecimusdux,
1961 4077 2116 4171 praefuit
2128 4099 2242 4148 annos

226 4189 378 4262 nomina
391 4187 521 4256 ductam
537 4195 616 4273 post
625 4178 813 4252 letaniam.
866 4171 944 4246 Etsi
963 4178 1057 4246 enim
1077 4185 1208 4271 posteri
1257 4177 1536 4274 quatuordecim.
1587 4178 1704 4250 Fortis
1719 4181 1920 4272 praeliator.

224 4289 340 4362 David
355 4308 467 4380 usque
481 4285 524 4354 ad
540 4281 770 4354 Maccabaeae
783 4281 929 4350 fuerunt
953 4279 1130 4371 principer
1144 4307 1209 4374 pu-
1359 4273 1533 4350 Matathia
1554 4275 1698 4366 Siloam,
1727 4281 1936 4352 tredecimus
1950 4279 2032 4348 dux.
2083 4273 2201 4350 Datus
2221 4301 2240 4348 a

225 4391 314 4486 puli,
338 4404 457 4476 turen
473 4408 548 4457 non
564 4383 797 4456 nominarunt
810 4401 848 4448 se
860 4401 970 4468 reges,
995 4393 1034 4452 ut
1048 4382 1207 4455 existimo
1256 4379 1351 4469 Deo,
1377 4380 1484 4452 foelix
1500 4401 1561 4450 seu
1578 4382 1721 4462 missus,
1746 4383 1902 4473 praefuit
1914 4401 2027 4450 annos
2042 4379 2178 4452 decem.

225 4505 371 4586 propter
402 4485 636 4559 reverentiam
660 4481 885 4552 Persicorum
913 4502 1055 4570 regum,
1085 4507 1131 4552 ne
1155 4487 1209 4556 vi·
1360 4475 1487 4572 loseph
1504 4482 1643 4568 iunior,
1665 4495 1811 4576 quartus
1830 4483 1987 4553 decimus
2003 4483 2096 4564 dur,
2120 4482 2241 4550 norni-

196 4581 395 4668 ¹darentur
418 4586 508 4658 velle
532 4606 631 4676 peres
654 4603 727 4656 esse
752 4574 974 4665 monarchis,
1001 4587 1207 4672 praesertim
1259 4598 1363 4656 natus
1388 4584 1512 4668 Arses,
1555 4579 1750 4654 honoratus
1780 4609 1801 4654 a
1828 4581 2032 4654 Ptolemaeo
2054 4577 2240 4674 Evcrgete,

227 4717 307 4764 cum
322 4693 368 4762 ab
385 4688 433 4758 eis
451 4687 606 4776 ingentia
631 4681 798 4756 beneficia
822 4681 1046 4772 accepissent.
1097 4685 1209 4760 Sunt·
1258 4684 1410 4777 praefuit
1423 4707 1538 4756 annos
1551 4685 1739 4774 sexaginta.

226 4815 295 4888 que
311 4789 564 4883 appellationes
580 4789 703 4856 ducem
722 4783 760 4852 in
775 4781 885 4856 Luca.
1360 4783 1472 4856 lanua
1488 4785 1865 4870 secundusllircauus,
1891 4782 2140 4879 quindecimus
2158 4785 2239 4868 dur,

328 4887 517 4974 Ieeouius,
559 4889 596 4958 id
628 4898 696 4964 est,
736 4897 892 4966 erectus,
933 4883 1128 4970 stabilitus,
1169 4889 1214 4960 in
1259 4909 1372 4956 annus
1403 4887 1565 4958 sedecim.
1633 4885 1761 4958 Multis
1794 4886 1936 4976 praeliis
1968 4883 2054 4956 vicit
2087 4884 2238 4960 Arabes.

226 4992 333 5064 exilio
354 4985 559 5062 honoratus.
610 4983 824 5058 Nominatus
848 4985 943 5073 apud
963 4983 1095 5060 Lucam
1109 4988 1210 5077 Neri,
1259 4987 1383 5060 Postea
1410 4986 1447 5056 in
1471 4987 1676 5058 defensione
1695 4987 1786 5060 arcis
1810 4988 2012 5071 cuiusdam,
2042 5009 2149 5079 quam
2176 5011 2239 5078 op-

227 5095 265 5166 id
286 5107 357 5171 est,
382 5088 544 5162 Lucerna
561 5111 650 5160 mea.
997 5084 999 5092 '
1260 5089 1429 5182 pugnavit
1450 5083 1650 5158 Antiochus
1672 5082 1924 5180 Ephiphanes,
1961 5085 2167 5158 interfectus
2191 5099 2239 5156 est

328 5191 446 5263 Huius
467 5190 562 5260 lilius
582 5189 650 5260 fuit
669 5175 875 5290 Sealthiel,
901 5185 939 5256 id
961 5202 1030 5270 est,
1053 5189 1210 5281 postula·
1260 5187 1319 5258 hic
1341 5187 1451 5258 laona
1473 5189 1648 5259 secundus
1668 5185 1858 5262 Hircanus.
1923 5185 2077 5280 Fuitque
2102 5201 2238 5279 postre-

227 5311 283 5366 tus
306 5321 325 5365 a
347 5292 436 5365 lleo.
504 5287 588 5360 Fuit
621 5303 738 5362 autern
759 5287 799 5356 in
822 5287 939 5362 reditu
961 5289 1034 5360 dux
1065 5291 1211 5379 primus,
1259 5291 1482 5360 mardorum
1502 5288 1842 5382 exposterisDavid.
1892 5286 1983 5360 Nam
2000 5288 2129 5358 scelera
2147 5313 2238 5382 pun·

228 5386 517 5468 liliusSealtlsicl.
678 5479 680 5483 Ι
739 5468 742 5474 ,
1021 5407 1025 5418 ·
1261 5391 1391 5464 filicum
1434 5401 1649 5464 attraxerant
1685 5385 1903 5462 Antiochum
1937 5383 2163 5496 Epiphruem
2201 5392 2237 5457 in

1507 2103 1618 2174 Post
1649 2099 1980 2177 Aleoundrum.
