4726 5828
214 247 266 321 as
347 306 351 312 .
724 225 886 305 nect.
921 221 999 300 nn
1031 222 1368 302 ntoarrarn
1406 221 1731 306 rennuere.
2185 227 2231 306 et
2323 213 2324 282 ῑ

221 425 331 505 agunt
345 409 456 480 nostri
478 393 686 496 interpretes
702 399 889 482 Remulus,
911 393 1047 468 Baldus
1064 410 1096 468 ct
1110 397 1211 467 simi·
1258 398 1303 469 sit
1323 397 1411 468 boul
1432 397 1471 467 in
1490 409 1564 470 toto
1590 397 1758 492 imperio,
1781 399 1929 470 eandem
1948 421 2021 470 esse
2044 400 2160 490 legum
2180 423 2239 470 so·

223 518 293 598 les,
329 525 368 580 ut
396 513 487 597 leges
517 507 721 584 conteram,
758 515 793 572 et
813 500 871 568 vel
892 498 1210 569 demonstrationes
1259 523 1355 583 cem,
1386 513 1638 588 congruentem
1654 499 1989 575 rationietinstam.
2039 490 2113 572 ltin
2129 515 2239 570 antem

224 617 429 691 ostendant,
455 609 510 677 sel
529 604 749 697 probabilem
766 601 951 672 rationem.
1002 595 1211 692 Acvitupe-
1261 597 1422 671 initalia
1450 599 1558 670 luisse
1584 622 1745 690 magnam
1771 601 2096 672 dissimilitudinem
2120 601 2240 690 legum,

225 719 337 787 randa
354 724 404 782 est
421 710 614 778 multorum
631 703 790 786 inscitia,
816 701 878 794 qui
893 699 1029 785 (licant,
1053 699 1134 769 ideo
1147 725 1212 770 va·
1261 715 1296 772 et
1309 700 1438 770 multas
1452 699 1653 772 barbaricas
1664 702 1955 784 consuetudines,
1982 715 2017 774 et
2035 701 2240 771 indiciorum

228 818 302 888 rios
321 817 435 902 legum
461 808 659 881 intellectus
678 805 860 890 tingendos
883 823 976 879 esse,
1015 799 1098 893 qnia
1120 802 1213 891 leges
1262 801 1521 885 diversitatem,
1554 800 1697 890 gignere
1718 803 1836 872 varios
1856 816 1994 888 motus,
2020 797 2182 873 hortatur
2203 811 2240 871 ut

228 917 391 988 conditae
403 912 476 980 sint
491 907 721 978 mutabilibus
736 900 922 972 hominnm
938 901 1106 985 arbitriis,
1122 925 1213 993 quo·
1264 901 1461 994 imperator
1472 903 1615 972 mandet
1632 903 1706 972 suis
1727 903 1921 993 indicibus,
1952 917 1993 974 ut
2015 923 2071 974 res
2090 901 2241 973 indicent

227 1041 307 1088 rum
323 1038 403 1084 cum
419 1011 517 1079 nulla
533 1010 577 1077 sit
599 1004 818 1094 constantia,
842 1003 980 1094 possint
1000 1002 1094 1091 leges
1116 1002 1213 1072 varie
1263 1025 1306 1072 ex
1333 1003 1441 1072 veteri
1462 999 1627 1073 Romano
1651 1002 1747 1084 iure,
1784 1005 1893 1096 idque
1914 1017 1960 1074 ut
1979 1025 2102 1074 mrsua
2124 1016 2241 1073 notum

229 1116 322 1186 flecti
339 1117 381 1182 ad
405 1113 562 1180 diversas
579 1105 899 1197 interpretationes.
951 1099 1021 1170 Hic
1037 1103 1212 1193 pernicio-
1264 1105 1324 1174 liat
1339 1103 1524 1193 plurimis,
1548 1104 1751 1196 praecipiat,
1775 1104 2008 1174 utllononiae
2024 1104 2135 1174 veteri
2149 1123 2243 1172 more

229 1240 289 1288 sus
303 1237 402 1284 error
416 1211 544 1282 animis
559 1207 763 1278 eximendus
778 1218 840 1275 est.
875 1203 965 1275 Nam
983 1215 1017 1274 et
1032 1203 1214 1296 lalsaopi·
1264 1205 1324 1274 fiat
1346 1203 1463 1292 legum
1480 1203 1670 1278 enarratio.
1721 1204 1887 1275 lbienim
1901 1201 2243 1275 Theodosinslecto·

230 1319 292 1388 nio
315 1330 385 1398 est,
417 1327 451 1382 et
474 1308 727 1382 contumeliosa
747 1321 870 1376 contra
892 1302 1027 1389 Deum,
1059 1316 1095 1373 et
1114 1305 1214 1375 labe-
1265 1325 1320 1374 res
1335 1303 1426 1374 luris
1447 1303 1535 1373 olim
1558 1305 1797 1376 collocaverat.
1848 1303 2111 1376 Commemorat
2130 1302 2244 1398 qualia

230 1421 335 1489 lactat
353 1413 626 1501 Magistratuum
640 1408 876 1480 autoritatem.
1264 1399 1382 1474 adbuc
1401 1405 1474 1474 sint
1490 1402 1800 1496 Constantinopoli
1823 1407 1937 1476 studia
1960 1407 2034 1479 eius
2056 1405 2242 1477 doctrinae.

334 1515 566 1586 Manifestum
581 1511 632 1583 cst
650 1521 766 1579 autem
776 1503 1011 1594 Decalogum,
1035 1515 1069 1574 et
1084 1501 1214 1572 deinde
1265 1503 1387 1575 Mores
1400 1505 1508 1574 etiam
1523 1500 1710 1576 hominum
1725 1509 1774 1577 ait
1786 1507 1864 1577 fore
1877 1507 2053 1586 mitiores,
2079 1506 2109 1574 si
2122 1506 2244 1576 adsue-

232 1618 362 1690 multas
385 1615 562 1683 naturales
580 1608 748 1692 noticias,
784 1629 874 1699 quae
898 1617 983 1676 sunt
1011 1604 1130 1693 legum
1158 1625 1214 1672 se·
1266 1605 1351 1676 liant
1371 1601 1534 1676 homines
1554 1607 1600 1674 ad
1623 1606 1733 1696 leges,
1759 1607 1945 1700 inquibus
1965 1606 2245 1677 iustitiseforma

230 1718 347 1802 mina,
387 1735 460 1784 esse
487 1726 663 1783 aeternam
685 1721 719 1780 et
743 1709 924 1778 immotam
949 1705 1157 1797 sapientiam
1180 1715 1215 1772 et
1265 1706 1395 1776 rectius
1410 1706 1644 1798 conspicitur,
1669 1722 1703 1778 et
1726 1731 1831 1778 verae
1854 1729 1979 1778 causae
2001 1709 2245 1783 ostenduntur,

232 1841 393 1890 normam
416 1813 574 1884 iusticias
598 1810 638 1878 in
652 1806 747 1892 Deo,
772 1807 1109 1898 nobispatelaetam.
1159 1801 1212 1873 Ειι
1265 1807 1352 1900 qnid
1371 1807 1496 1876 cursil
1514 1801 1700 1877 honestum
1719 1807 1857 1880 Placuit
1872 1809 2023 1901 sapienti
2041 1802 2246 1898 imperatori

231 1917 298 1990 hac
317 1919 460 1987 immota
474 1911 645 2004 sapientia
660 1923 758 1980 ortae
775 1920 859 1978 sunt
871 1907 1043 2000 plurimae
1066 1906 1104 1974 iu
1129 1905 1214 1996 ipsis
1265 1901 1438 1977 Lotbario
1470 1907 1659 1976 consilinm
1692 1906 1844 1993 lrnerii,
1888 1911 1950 1978 sed
1980 1909 2092 1978 lector
2121 1911 2247 1987 deerat,

232 2019 369 2110 legibus
385 2015 535 2098 uostris,
559 2025 593 2080 et
616 2011 653 2078 iu
677 2008 855 2101 responsis
870 2022 1028 2078 veterum
1043 2019 1079 2076 et
1091 2027 1215 2075 recen·
1266 2008 1327 2097 qui
1347 2006 1545 2076 eruditione
1560 2021 1594 2076 et
1609 2010 1796 2078 autoritate
1808 2008 1960 2078 invitare
1973 2005 2161 2078 hominnm
2175 2021 2246 2078 stn-

230 2115 321 2194 tium
348 2110 702 2194 iurisconsultorum,
734 2111 856 2179 lirmae
886 2106 1215 2177 demonstrationes.
1266 2108 1324 2175 dia
1340 2107 1377 2176 in
1392 2130 1431 2176 re
1447 2129 1540 2175 nova
1556 2121 1685 2198 posset.
1737 2107 1857 2196 Quare
1872 2105 2066 2200 Imperator
2080 2109 2189 2200 petit,
2208 2117 2246 2176 ut

230 2219 305 2292 Nee
332 2215 600 2306 imaginandum
627 2225 695 2295 est,
727 2208 1006 2280 omniadecreta
1029 2206 1215 2277 mutabilia
1268 2205 1425 2277 lrncrins
1438 2207 1512 2297 ipae
1526 2206 1701 2296 (existimo
1715 2222 1832 2278 autem
1850 2232 1929 2278 eum
1938 2203 2247 2300 Constantinopoli
2326 2191 2327 2272 ἕ

188 2333 192 2340 ’
231 2343 325 2405 esse,
351 2341 411 2388 seu
433 2329 475 2386 ut
489 2311 698 2385 Aristoteles
716 2307 880 2379 nominat
892 2303 1047 2396 Regulos
1061 2305 1216 2390 Lesbiae,
1266 2307 1445 2400 didicisse)
1468 2307 1589 2378 redeat
1609 2310 1654 2378 ad
1674 2303 1851 2394 scholam,
1882 2323 1917 2380 et
1937 2323 2055 2400 tantm
2074 2311 2128 2380 rei
2151 2307 2247 2378 initia

230 2421 321 2492 sicut
337 2415 508 2488 mutabile
519 2413 590 2485 fuit
604 2412 804 2482 institutum
819 2407 1034 2480 Laconicum
1050 2408 1096 2476 de
1109 2429 1216 2476 nnm-
1265 2408 1436 2497 gubernet
1460 2421 1496 2478 et
1516 2410 1693 2489 ostendat,
1719 2412 1899 2504 quomodo
1916 2406 2001 2481 haec
2017 2411 2181 2482 doctrina
2194 2431 2248 2478 re·

231 2545 293 2591 mo
309 2520 443 2603 lerreo,
467 2529 528 2586 ant
538 2507 770 2594 Thebanum,
795 2523 834 2580 nt
850 2511 1035 2580 obaeratus
1050 2507 1215 2599 impone·
1265 2508 1443 2578 stituenda
1473 2507 1533 2579 sit.
1594 2506 1673 2579 Etsi
1699 2523 1772 2580 erat
1797 2511 2025 2596 inusitatum,
2066 2533 2186 2581 senem
2209 2531 2247 2578 ex

173 2691 182 2706 ,
231 2635 332 2700 retur
347 2620 386 2690 in
396 2611 574 2689 calathum
589 2628 624 2685 et
636 2613 909 2706 perfunderetur
922 2631 1025 2701 aqua.
1265 2609 1362 2678 curia
1383 2621 1417 2680 et
1439 2633 1479 2678 er
1495 2609 1751 2698 gubernatione
1767 2632 1986 2682 summorum
2002 2611 2246 2693 consiliorum,

334 2720 488 2812 ideoque
509 2737 646 2806 semper
668 2715 812 2782 luerunt
833 2710 874 2780 in
894 2708 1054 2800 imperiis
1076 2701 1216 2778 scholae
1264 2709 1380 2780 redire
1395 2713 1438 2778 ad
1458 2707 1629 2780 scholam:
1659 2725 1777 2781 tamen
1795 2710 1954 2782 lrnerius
1977 2707 2074 2782 hunc
2098 2709 2246 2782 docendi

232 2821 435 2894 docentium
455 2831 489 2889 et
512 2815 722 2884 discentium
742 2813 830 2882 iuris
853 2812 1073 2894 doctrinam,
1097 2821 1136 2878 ut
1157 2809 1215 2876 in·
1263 2810 1421 2880 laborem
1444 2811 1606 2900 suscipit,
1638 2811 1872 2902 prospiciens,
1906 2825 2079 2906 quantum
2102 2809 2249 2904 posteri-

230 2919 435 3015 terpretatio
458 2919 559 2986 firma
583 2917 843 2995 ostenderetur,
871 2937 914 2982 ex
941 2908 1214 2980 demonstratio-
1264 2910 1325 2980 tati
1341 2913 1524 2999 prolatura
1542 2925 1630 2980 esset
1644 2912 1818 2982 restitutio
1837 2910 2150 2986 buiuadoctrinae.
2181 2913 2247 2982 Le·

232 3022 339 3093 nibus
363 3035 399 3091 et
425 3044 465 3089 ex
493 3019 610 3107 legum
637 3013 837 3084 collatione.
894 3009 985 3081 Nam
1008 3021 1042 3080 et
1062 3003 1214 3079 Athenis
1263 3025 1359 3100 gerat
1375 3011 1480 3080 etiam
1495 3010 1533 3078 in
1550 3007 1606 3079 bis
1620 3011 1706 3100 ipsis
1726 3013 1829 3082 libris
1844 3012 2099 3086 pandectarum
2113 3012 2249 3087 Romae

232 3135 332 3195 erant
351 3111 627 3215 νομοφύλακες,
648 3114 790 3207 publiea
810 3111 1001 3182 autoritate
1019 3108 1214 3188 constituti,
1262 3111 1443 3202 quondam
1467 3112 1668 3180 consulares
1690 3113 1803 3197 viros,
1834 3113 2039 3201 scevolam,
2068 3112 2247 3198 Crassum,

149 3273 153 3280 -
231 3225 294 3318 qui
309 3239 340 3294 rt
357 3221 518 3291 custodes
530 3227 630 3288 crant
646 3217 761 3303 legum
777 3225 811 3283 et
828 3213 1046 3303 interpretes.
1077 3206 1213 3280 Romae
1262 3211 1456 3303 Sulpitium
1477 3226 1510 3282 et
1533 3213 1638 3296 alios,
1669 3215 1767 3283 donai
1788 3237 1892 3300 suae,
1919 3217 2051 3286 meritos
2074 3217 2247 3288 docuisse.

231 3321 370 3395 scholae
390 3319 643 3413 frequentiores
665 3319 827 3398 fuerunt,
855 3311 1104 3395 Scevolarum,
1127 3309 1212 3382 sut·
1262 3307 1364 3380 Arsi
1389 3335 1470 3381 vere
1492 3311 1648 3382 iudicare
1669 3315 1852 3400 volumus,
1875 3331 2036 3387 senectus
2057 3318 2158 3389 addit
2181 3317 2247 3385 ali·

231 3427 420 3521 pitiorum,
443 3419 603 3491 Trebatii
620 3431 655 3488 et
666 3417 840 3498 aliorum,
864 3435 930 3482 nec
944 3411 1139 3503 interrupta
1156 3412 1211 3479 vel
1261 3412 1345 3505 quid
1362 3413 1560 3483 autoritatis
1574 3414 1784 3503 expositioni
1797 3437 1917 3486 rerum
1929 3419 2177 3490 marimanam.
2203 3411 2248 3486 Et

231 3527 382 3598 extincta
407 3537 459 3593 est
480 3516 790 3608 Constantinopoli
817 3515 1035 3584 consuetodo
1060 3513 1211 3582 docendi
1260 3512 1345 3604 ipsis
1359 3513 1502 3582 senibus
1515 3514 1666 3584 maxime
1683 3517 1865 3606 congruit,
1891 3520 2031 3589 tradere
2047 3519 2248 3589 iunioribus

232 3641 268 3698 et
292 3625 451 3696 discendi
472 3624 586 3712 legum
599 3617 959 3709 interpretationem,
984 3615 1097 3681 donec
1118 3613 1212 3683 tristi
1260 3613 1419 3684 iusticias
1433 3627 1468 3684 ct
1481 3615 1631 3685 aliarum
1646 3616 1817 3688 virtutum
1831 3617 2043 3690 doctrinam.
2074 3615 2169 3690 Cum
2182 3617 2249 3707 igi-

230 3730 303 3799 lato
327 3729 424 3796 sedes
448 3724 509 3792 illa
533 3737 567 3792 et
593 3719 854 3800 doctrinarum,
887 3728 920 3786 et
941 3714 1082 3806 imperii
1104 3708 1212 3798 Chri·
1259 3716 1457 3784 turdocere
1475 3713 1630 3786 lrnerius
1646 3718 1833 3809 coepisset,
1857 3707 2052 3794 multorum
2069 3720 2247 3790 nobilium

229 3829 352 3900 stianis
367 3837 484 3914 erepta
500 3836 572 3905 est,
599 3834 632 3890 et
642 3819 792 3888 'l‘urriea
807 3816 989 3886 barbaries
1001 3827 1083 3885 ante
1099 3837 1210 3886 annos
1247 3809 1446 3884 hominum
1465 3818 1579 3886 studia
1595 3839 1741 3888 accensa
1757 3831 1852 3903 sunt,
1876 3834 1911 3890 et
1927 3819 2097 3911 paulatim
2111 3823 2150 3890 in
2168 3841 2247 3892 eac-

228 3941 370 4001 centum
385 3927 423 3994 in
439 3947 478 3994 ea
493 3921 671 3992 dominari
683 3917 812 4010 coepit.
1260 3927 1352 3985 teras
1366 3913 1488 3986 ltaliae
1508 3919 1614 3987 urbes
1633 3932 1668 3988 et
1690 3919 1730 3987 in
1747 3916 1924 4003 Galliam,
1947 3934 2126 4012 postremo
2148 3937 2184 3994 et
2208 3921 2246 3991 in

332 4026 496 4098 initalia
519 4049 602 4092 vero
633 4045 712 4089 cnm
736 4015 985 4107 Lougobardi,
1019 4027 1055 4084 et
1081 4013 1210 4082 deinde
1259 4012 1491 4086 Germaniam
1508 4011 2050 4112 haecdoctrinapmpagataest.

226 4128 355 4202 Franci
370 4138 573 4216 regnarent,
598 4121 685 4193 etin
707 4119 804 4189 curia
826 4138 866 4186 ae
887 4117 925 4184 in
949 4116 1028 4184 loro
1053 4113 1210 4204 peregri·
1359 4113 1574 4209 Quanquam
1597 4132 1714 4189 antem
1732 4120 1773 4188 in
1791 4116 1945 4192 haesita
1966 4122 2101 4194 multae
2118 4123 2245 4194 conlu-

226 4255 293 4301 nae
324 4231 416 4319 leges
449 4225 734 4298 dominarentur,
780 4241 930 4309 quarum
956 4211 1073 4284 adhuc
1097 4214 1209 4308 aliqui
1258 4213 1375 4284 aiones
1392 4230 1427 4288 et
1441 4218 1526 4287 vitia
1541 4231 1704 4290 manent:
1736 4234 1855 4294 umen
1879 4225 2000 4314 negari
2022 4247 2097 4296 non
2119 4235 2245 4315 potest,

224 4331 309 4400 libri
324 4339 460 4411 extant,
484 4347 566 4394 mox
583 4337 661 4412 post
675 4317 909 4391 Iustinianum
926 4315 1041 4388 studia
1057 4316 1208 4386 docendi
1258 4317 1384 4387 melius
1412 4339 1485 4388 esse
1508 4313 1637 4389 habere
1659 4333 1768 4392 cenas
1791 4325 1939 4414 legeret
1961 4325 2143 4396 doctrinae
2166 4327 2243 4396 lor·

224 4445 259 4502 et
288 4427 446 4499 discendi
475 4423 567 4513 lege's
591 4420 771 4494 Romanas
795 4419 1059 4502 conticuerunt,
1094 4439 1208 4488 annos
1256 4441 1370 4499 marn.
1403 4442 1511 4512 quam
1535 4420 1692 4492 indicare
1715 4446 1770 4493 res
1793 4449 1834 4495 er
1858 4438 2055 4516 potentum·
2071 4426 2243 4510 arbitriis,

220 4533 295 4601 iere
309 4529 540 4624 quingentos,
566 4547 655 4618 quae
670 4526 790 4592 tamma
805 4516 1116 4610 Constantinopoli
1133 4541 1206 4587 non
1254 4530 1316 4590 aut
1333 4543 1374 4590 ex
1387 4521 1620 4611 opinionibus
1635 4536 1671 4595 et
1686 4523 1862 4595 inenadita
1877 4523 2070 4599 Rhetorica
2085 4527 2242 4598 ardelio-

220 4644 304 4702 aunt
321 4629 462 4701 omissa.
1252 4644 1364 4705 num,
1385 4622 1449 4714 qni
1466 4623 1707 4712 impudentius
1723 4626 2001 4700 vociferarentur
2022 4627 2061 4698 in
2083 4630 2182 4713 loro,
2210 4626 2241 4698 si

322 4729 394 4802 Sed
416 4725 646 4820 imperatoris
664 4717 827 4794 Lotharii
849 4718 1014 4793 Saxonici
1048 4732 1204 4809 tempore
1254 4720 1370 4810 legum
1395 4734 1428 4791 et
1450 4724 1649 4795 doctiorum
1672 4727 1896 4798 autoritatem
1922 4753 1997 4800 non
2029 4740 2239 4802 metuerent.

220 4853 325 4901 senex
347 4831 385 4898 in
404 4827 505 4900 ltalia
525 4828 612 4911 luit,
636 4823 826 4916 sapientia.
852 4821 984 4892 virtute
1009 4831 1043 4890 et
1067 4821 1203 4892 autori·
1252 4819 1392 4894 Deinde
1415 4824 1567 4892 multum
1589 4838 1624 4894 et
1644 4825 1724 4896 aliis
1745 4827 1926 4898 literarum
1950 4843 1985 4901 et
2007 4825 2239 4902 historiarum

216 4946 287 5006 tate
302 4928 534 5011 antecellens,
559 4929 660 4998 cuius
673 4923 830 4996 consiliis
844 4922 908 4992 diu
917 4920 1113 5011 Principes,
1139 4925 1201 5015 qui
1250 4923 1376 4994 attuliis
1395 4925 1607 5014 prosuerunt
1626 4919 1665 4995 bt
1687 4927 1789 5012 libri,
1811 4931 2027 5004 adiuverunt
2040 4931 2239 5004 natitutio-

214 5033 471 5124 lmperatornm
490 5027 635 5098 nomine
650 5037 815 5096 rexerunt
830 5019 987 5107 ltaliam,
1012 5023 1199 5111 gubernati
1249 5047 1331 5092 nem
1357 5020 1508 5095 Latinae
1537 5025 1696 5116 linguae,
1734 5029 1916 5103 illustrant
1946 5028 2122 5108 historias.
2192 5030 2237 5104 ln

211 5138 362 5205 fuerant.
409 5127 504 5200 Cum
522 5141 639 5199 autem
654 5120 846 5198 Lotharius
869 5135 990 5218 pacata
1009 5119 1111 5196 ltalia
1133 5126 1198 5196 de-
1239 5124 1384 5195 ·naturia
1411 5149 1487 5196 non
1514 5128 1723 5200 monstrosis
1749 5131 1907 5222 proiecto
1936 5133 2044 5204 etiam
2070 5133 2237 5206 moribnl

212 5235 379 5306 liberaret
409 5233 454 5300 dc
481 5232 595 5301 lorma
634 5226 850 5298 indiciorum
884 5223 1130 5298 constituenda
1162 5239 1195 5296 et
1247 5227 1409 5316 prodest,
1434 5227 1658 5302 considerare
1671 5251 1794 5303 causas
1814 5232 1952 5324 legum,
1970 5247 2014 5308 -et
2027 5235 2178 5328 propius
2196 5235 2237 5304 in

208 5337 325 5426 legum
347 5331 612 5423 emendatione,
636 5325 794 5401 lrncrina
812 5325 985 5417 ostendit,
1017 5339 1193 5422 qnantum
1243 5349 1285 5402 ea
1298 5327 1455 5422 aspicere
1467 5327 1664 5420 iusticiam,
1687 5335 1882 5434 quodcum
1895 5334 1954 5426 lit,
1978 5335 2054 5432 ipsa
2068 5329 2234 5430 pulchri-
