4726 5828
220 301 293 378 147
604 289 881 372 DECD'DE
912 288 1270 370 DlSCRlMlNE
1300 287 1509 368 LEGUM
1541 281 1732 364 POLl'l'.
1764 309 1850 364 are.
2167 289 2243 368 its

220 495 326 566 gnam
342 465 512 541 hocloco.
565 464 642 536 Nec
667 466 755 536 adeo
778 461 928 538 ridicule
952 467 1093 558 ineptus
1113 489 1205 548 sum,
1257 481 1330 535 non
1346 463 1465 534 libeat.
1516 456 1591 533 Alii
1604 475 1638 532 et
1653 463 1797 532 luenmt
1813 471 1847 530 et
1862 457 2156 549 snnt'Antinomi,
2181 465 2248 558 qui

145 593 148 600 ⁴
223 590 265 648 ut
280 573 473 644 existimem
488 589 661 660 meposse
678 568 723 637 de
739 569 845 637 rebus
862 568 999 659 magnis
1014 567 1142 654 dicere,
1166 580 1208 637 ut
1258 569 1396 657 lingunt
1411 565 1517 636 etiarn
1533 576 1655 633 contra
1673 563 1921 633 conscientiam
1938 563 2110 636 violantes
2131 567 2247 658 legem

82 711 95 722 =
225 677 383 766 ipsarum
415 694 534 742 rerum
568 668 722 757 dignitas
753 668 918 758 postulat.
980 667 1088 738 Nulla
1112 669 1208 758 enim
1258 667 1345 748 Dei,
1370 682 1488 737 tamen
1506 662 1581 733 Deo
1598 664 1744 756 placere.
1793 661 1875 732 Non
1893 665 2050 734 delector
2065 661 2131 734 hac
2152 667 2249 737 reci·

224 773 380 846 humana
395 769 596 866 eloquentia
611 766 796 838 exhaurire
821 768 943 840 laudes
955 766 1025 838 Dei
1047 782 1081 840 et
1104 772 1209 840 decus
1260 769 1414 851 tatione,
1439 789 1548 858 quare
1563 787 1640 834 sum
1661 765 1814 835 brevior.
1853 762 2030 866 ‘Prodigia
2052 787 2126 836 esse
2148 769 2249 877 cogi·

226 876 398 946 virtutum
422 885 547 963 potest.
598 868 671 940 Sed
691 865 783 939 hanc
806 870 1036 941 adolescentis
1057 870 1210 962 impera·
1260 884 1394 952 tamus,
1433 867 1571 951 idest,
1610 866 1709 955 signa
1740 859 1953 964 horribilia,
1995 868 2249 942 denuntiantia

229 974 318 1047 toris
334 972 501 1045 Gratiani
516 971 726 1039 sententiam
749 993 954 1064 sequamur:
984 969 1145 1040 Dicimus
1165 972 1211 1039 de
1261 972 1350 1040 iram
1364 966 1434 1038 Dei
1449 981 1484 1039 et
1497 989 1699 1036 communes
1715 987 1862 1061 poenas,
1888 980 2151 1056 terraemotus,
2174 969 2253 1043 coa

227 1074 325 1158 Deo,
349 1097 423 1144 non
444 1084 616 1165 quantum
637 1070 823 1154 debemus,
848 1073 908 1139 sed
931 1083 1102 1164 quantum
1127 1093 1211 1161 pos-
1262 1084 1386 1154 metas,
1425 1067 1667 1153 traiectiones,
1697 1067 1869 1151 fulmina,
1903 1090 1993 1158 quae
2017 1080 2107 1138 totas
2130 1072 2249 1165 sylvas

230 1194 370 1254 sumus,
405 1174 455 1242 sic
483 1185 602 1242 tamen
630 1184 672 1241 ut
694 1185 814 1241 nostra
836 1171 949 1240 oratio
974 1184 1143 1260 congruat
1166 1172 1211 1242 ad
1263 1171 1417 1242 eturbes
1432 1170 1642 1238 incendunt.
1694 1168 1763 1238 Sed
1785 1167 1889 1257 longe
1908 1167 2123 1240 terribiliora
2146 1175 2249 1263 signa

230 1298 366 1360 vocem,
390 1297 497 1366 quam
514 1273 588 1363 ipse
605 1271 709 1342 nobis
725 1271 883 1341 tradidit.
933 1267 1012 1341 Oro
1028 1271 1146 1362 igitur,
1172 1285 1212 1342 ut
1263 1285 1346 1342 sunt
1366 1271 1448 1339 illae
1469 1269 1694 1339 diabolorum
1716 1290 1839 1353 voces,
1864 1271 2140 1341 contumeliosae
2160 1299 2252 1343 con-

230 1375 321 1446 boni
343 1373 533 1444 consulatis
556 1372 835 1465 qualemcunque
864 1368 956 1443 hanc
985 1395 1100 1442 meam
1131 1396 1213 1444 ora·
1264 1385 1318 1442 tra
1334 1371 1445 1462 legem
1459 1367 1528 1440 Dei
1543 1381 1709 1439 etcontra
1723 1368 1906 1459 politicum
1923 1370 2098 1440 ordinem.
2149 1371 2251 1446 Haec

231 1477 386 1560 tionem,
410 1476 450 1542 in
466 1497 535 1566 qua
550 1485 796 1562 argumentum
814 1473 942 1558 affero,
967 1495 1042 1542 non
1057 1473 1211 1544 alienum
1265 1495 1366 1563 saepe
1390 1472 1611 1562 multumque
1634 1468 1790 1558 cogitans
1806 1482 1840 1538 et
1863 1469 2002 1558 fugiens
2018 1466 2084 1541 hos
2099 1473 2253 1562 furores,

232 1600 346 1650 amco
362 1575 490 1658 studio,
516 1572 715 1642 videliceta
732 1564 890 1643 civilium
908 1574 1025 1663 legum
1041 1574 1213 1659 doctrina,
1265 1597 1395 1666 quaero
1413 1595 1532 1640 vocem
1549 1569 1708 1638 divinam
1727 1571 1766 1638 in
1774 1564 1948 1654 Ecclesia,
1973 1584 2014 1640 ut
2027 1571 2162 1642 dictum
2180 1589 2252 1646 est:

233 1677 330 1770 quod
345 1688 461 1747 tamen
480 1699 521 1744 eo
536 1696 638 1766 saepe
653 1675 882 1761 repetendum
895 1690 958 1758 est,
982 1674 1076 1744 utin
1094 1674 1213 1774 iunio7
1264 1671 1424 1742 Lucerna
1445 1671 1595 1762 pedibus
1617 1668 1705 1739 meis
1728 1670 1877 1738 verbum
1900 1682 2012 1742 tuum.
2064 1670 2135 1744 Ubi
2156 1690 2255 1748 recte

150 1829 153 1835 -
233 1777 333 1846 ribus
349 1776 463 1844 alatur
476 1788 509 1843 et
525 1775 750 1842 confirmetur
767 1774 882 1863 legum
899 1776 1107 1850 reverentia.
1147 1773 1215 1846 Di·
1266 1796 1331 1844 nos
1346 1773 1480 1842 erudiri
1494 1774 1538 1840 de
1554 1771 1630 1860 lege
1650 1784 1685 1841 et
1704 1771 1747 1840 de
1768 1769 1895 1839 ordine
1917 1771 2062 1861 politico
2085 1795 2254 1863 agnosco,

235 1901 310 1946 cam
331 1877 425 1944 enim
441 1871 564 1944 dehac
583 1873 796 1965 quaestione.
1267 1887 1300 1943 et
1328 1875 1441 1944 laetor
1471 1893 1573 1941 veros
1599 1874 1714 1940 sontes
1735 1870 1892 1954 ostendi,
1923 1893 1964 1940 ac
1989 1896 2071 1943 vere
2094 1869 2161 1945 hoc
2186 1879 2254 1946 ad-

336 1973 426 2046 Cum
449 1974 579 2043 Paulus
604 1973 786 2041 manifeste
807 1973 957 2046 affirmet
985 1977 1214 2046 violationem
1266 1975 1381 2057 firmo,
1396 1973 1498 2043 valde
1512 1971 1712 2042 confirmari
1727 1969 1765 2038 in
1780 1970 1992 2040 animo-meo
2005 1975 2254 2064 adsensionem

233 2075 350 2162 legum
365 2074 590 2165 politicarum
609 2094 680 2141 esse
698 2087 891 2162 peccatum,
917 2101 986 2167 quo
1002 2077 1214 2147 conscientia
1268 2089 1302 2144 et
1320 2076 1363 2143 de
1374 2073 1601 2164 'providentia
1619 2085 1652 2140 et
1667 2073 1711 2139 de
1724 2065 1891 2139 Ecclesia.
1925 2066 2032 2157 Quod
2048 2087 2254 2163 potestesse

235 2173 347 2244 aDeo
367 2173 550 2257 avellitur,
575 2194 636 2240 seu
651 2184 691 2241 ut
713 2173 938 2244 nominamus
952 2177 1096 2262 usitate,
1118 2200 1216 2246 mor·
1268 2175 1441 2244 illustrius
1472 2171 1712 2244 testimonium
1738 2171 1906 2239 adversus
1930 2193 2053 2239 omnes
2077 2170 2255 2266 Cyclopas

235 2273 326 2364 tale,
354 2297 417 2342 cur
435 2295 509 2341 non
530 2271 801 2340 existimandum
824 2273 870 2342 sit
893 2275 1119 2346 violationem
1142 2291 1215 2348 tra·
1268 2287 1302 2346 et
1323 2270 1533 2368 Epicureos,
1570 2294 1677 2365 quam
1708 2264 1890 2358 haecipsa
1913 2269 2042 2341 notitia
2063 2278 2256 2364 naturalis,

235 2373 434 2456 ditionum,
460 2395 547 2464 quas
565 2371 604 2439 in
618 2367 775 2442 Ecclesia
799 2365 954 2466 pastores
970 2399 1033 2449 seu
1047 2373 1215 2468 Episcopi
1268 2376 1470 2444 discernens
1484 2369 1631 2443 honeste
1646 2384 1680 2442 et
1694 2371 1812 2461 turpia
1827 2370 1864 2437 in
1881 2364 2046 2442 humanis
2060 2377 2255 2466 mentibus,

236 2475 416 2553 condunt,
441 2485 581 2562 peccata
599 2495 682 2546 esse.
1267 2489 1303 2545 et
1336 2475 1591 2565 turpitudinem
1623 2472 1775 2564 puniens
1808 2472 2012 2560 ingentibus
2043 2478 2254 2552 terroribus.

336 2570 389 2642 De
418 2566 485 2642 hoc
514 2572 720 2642 discrimine
745 2572 861 2660 legum
892 2574 1029 2644 erudiriw
1053 2572 1217 2646 homines
1267 2571 1334 2645 Est
1351 2598 1433 2663 crgo
1448 2571 1562 2655 Deus,
1589 2595 1658 2665 qua
1680 2567 1772 2641 hanc
1788 2571 1903 2640 lucem
1920 2574 2025 2643 nobis
2039 2575 2190 2661 indidit,
2217 2595 2255 2652 et

234 2695 375 2743 necesse
391 2687 454 2747 est.
504 2667 553 2743 Et
566 2674 663 2740 bono
680 2672 828 2741 consilio
845 2694 945 2765 saepe
960 2668 1087 2745 harum
1103 2679 1216 2745 maxi·
1268 2670 1343 2745 hoc·
1366 2674 1535 2744 iudicium
1569 2694 1733 2762 praesens
1760 2671 1978 2742 immutabili
2016 2675 2157 2748 iusticia
2187 2701 2253 2751 sua

233 2797 372 2845 marum
388 2795 506 2843 rerum
522 2771 809 2843 commemoratio
825 2774 1005 2863 repetitur.
1048 2773 1100 2846 Ac
1118 2775 1217 2869 prius
1260 2775 1462 2868 exequitur.
1520 2771 1661 2844 Deinde
1681 2772 1923 2844 testimonium
1945 2786 1997 2844 est
2015 2777 2059 2846 de
2082 2772 2255 2864 Ecclesia,

235 2875 350 2943 dicam
368 2874 413 2942 de
427 2871 546 2964 priore
560 2885 673 2963 parte,
697 2873 863 2944 videlicet
876 2877 921 2944 de
934 2877 1136 2947 obedientia
1154 2879 1217 2947 de·-
1268 2871 1353 2945 haec
1370 2878 1445 2967 ipsa
1463 2899 1530 2944 vox
1546 2874 1643 2962 legis.
1685 2872 1909 2964 Impossibile
1923 2889 1974 2945 est
1989 2899 2063 2947 esse
2077 2881 2255 2969 populum

233 2973 308 3045 bita
325 2974 461 3064 legibus
477 2972 639 3064 politicis.
690 2972 800 3044 Multi
820 2976 985 3045 omnibus
999 2979 1218 3068 temporibus
1269 2977 1356 3061 Dei,
1380 2977 1475 3044 ullos
1496 2969 1660 3042 homines
1681 2988 1742 3046 aut
1764 2974 1879 3045 ullum
1899 2997 2043 3065 agmen,
2068 2981 2164 3071 quod
2190 3006 2256 3074 pa-

234 3075 485 3168 quaesiverunt
497 3073 633 3163 ingenii
651 3071 793 3142 laudem
811 3073 1069 3168 vituperatione
1088 3078 1216 3167 legum.
1267 3077 1338 3145 lam
1352 3077 1469 3146 abolet
1483 3075 1592 3146 ullam
1609 3075 1722 3163 legem
1738 3074 1909 3152 divinam.
1960 3073 2256 3153 OmnesEthnici

236 3173 342 3264 Apud
360 3169 553 3244 ¹Platonem
577 3172 695 3266 inquit
723 3171 893 3264 Hippias,
931 3177 1043 3266 legem
1067 3200 1139 3246 esse
1162 3192 1217 3270 ty·
1268 3178 1403 3269 aliquas
1431 3177 1570 3244 divinas
1598 3177 1691 3264 leges
1717 3197 1862 3267 prorsus
1891 3177 2117 3266 deleverunt,
2154 3184 2254 3254 etin

234 3297 405 3359 rannnm,
446 3271 528 3366 quia
553 3295 657 3362 vagas
680 3273 889 3364 cupiditates
910 3271 1096 3346 hominum
1119 3278 1217 3348 iubet
1268 3278 1341 3346 sola
1350 3273 1504 3345 Ecclesia
1514 3274 1582 3344 Dei
1596 3276 1726 3348 mansit
1739 3277 1794 3345 lex
1810 3277 1964 3365 integra,
1988 3295 2022 3351 et
2037 3281 2112 3350 sola
2126 3277 2255 3354 Eccle-

234 3375 384 3458 frenari‚
407 3387 441 3445 et
456 3387 567 3444 certas
582 3385 692 3443 metas
706 3376 885 3444 actionum
902 3378 1094 3448 constituit.
1144 3375 1217 3471 cy·
1268 3377 1318 3444 sia
1336 3376 1506 3456 ostendit,
1533 3379 1629 3448 unde
1647 3371 1735 3446 haee
1750 3378 1921 3468 sapientia
1947 3381 2121 3452 transfusa
2144 3383 2190 3453 sit
2211 3385 2254 3455 in

235 3473 309 3544 nici
329 3474 433 3543 etiam
450 3473 625 3544 rabiosius
646 3473 755 3545 locuti
779 3487 881 3556 sunt,
909 3472 1002 3546 nibil
1020 3491 1122 3568 turpe
1144 3501 1217 3546 esse
1268 3491 1399 3545 mentes
1417 3472 1615 3559 hominum,
1639 3478 1736 3545 unde
1751 3477 1797 3546 sit
1812 3479 1989 3548 contraria
2004 3483 2130 3571 caligo,
2155 3487 2256 3558 unde

234 3588 403 3669 perpetua
422 3573 562 3662 regula,
584 3578 644 3644 sed
672 3589 809 3645 tantum
830 3577 999 3665 opinione
1022 3580 1107 3672 alibi
1129 3579 1216 3646 alias
1267 3577 1451 3646 dissidium
1476 3576 1561 3665 legis
1583 3590 1618 3646 et
1639 3577 1774 3661 cordis,
1813 3580 1991 3668 quomodo
2020 3582 2094 3672 regi
2122 3599 2253 3660 natura

218 3674 393 3744 'actiones
424 3688 580 3766 receptas
610 3698 695 3746 esse.
761 3671 894 3748 Extant
918 3681 1022 3748 ctiam
1045 3677 1215 3750 Politiani
1266 3676 1394 3769 possit,
1434 3677 1612 3767 quomodo
1635 3673 1731 3745 Deus
1765 3679 1891 3746 ordine
1921 3678 2066 3770 politico
2094 3681 2190 3755 inter
2214 3711 2253 3760 aa

234 3797 373 3856 versus,
399 3776 461 3867 qui
477 3799 557 3844 cum
571 3775 722 3844 nimium
743 3776 943 3868 indulgeret
964 3780 1216 3870 cupiditatibus
1267 3776 1463 3846 devinxerit
1487 3774 1667 3861 homines,
1692 3775 1822 3868 quibus
1845 3780 2030 3869 praesidiis
2048 3784 2252 3860 societatem

193 3949 196 3956 ,
233 3872 324 3958 suis,
349 3873 466 3962 legum
484 3875 606 3947 odium
624 3869 681 3944 his
695 3877 854 3948 versibus
870 3902 934 3948 nec
949 3880 1042 3950 veris
1054 3902 1119 3950 nec
1143 3880 1215 3949 ele-
1266 3876 1469 3948 muniverit.

235 3975 471 4062 ganterlactis
487 3975 657 4045 ostendit:
1366 3975 1503 4046 Harum
1531 3974 1763 4046 maximarum
1791 4001 1911 4046 rernm
1944 3979 2148 4074 doctrinam,
2167 4011 2253 4062 cnm

286 4076 447 4143 Inventum
457 4081 547 4142 'Atrei
561 4083 700 4145 dicuntur
712 4083 777 4145 idea
793 4082 949 4165 Draconis,
1267 4079 1306 4148 in
1329 4078 1402 4148 sola
1418 4071 1574 4146 Ecclesia
1589 4075 1704 4162 disco,
1728 4099 1774 4145 an
1790 4099 1863 4147 non
1880 4079 1982 4149 valde
1998 4085 2187 4172 gaudeam,
2213 4105 2252 4164 et

334 4179 416 4242 Vera
430 4195 474 4243 est
489 4182 690 4263 lamentans,
716 4191 760 4246 nit
772 4192 831 4250 nist
845 4193 926 4251 virus
942 4190 1062 4253 habent.
1266 4178 1472 4257 confirmer,
1497 4190 1538 4247 ut
1552 4190 1701 4248 statuam
1718 4201 1799 4248 vera
1816 4201 1890 4249 esse
1913 4205 2003 4274 quae
2025 4184 2077 4252 ibi
2098 4189 2251 4259 tradun-

235 4271 343 4362 Quod
359 4273 467 4346 Attici
492 4277 658 4347 dixerunt
679 4278 875 4352 aDracone
897 4284 988 4372 leges
1011 4294 1106 4352 ortas
1129 4302 1213 4363 esse,
1266 4293 1343 4364 tur,
1376 4295 1410 4352 et
1432 4279 1470 4346 in
1492 4301 1532 4348 eo
1554 4291 1656 4369 coetu
1678 4302 1880 4373 quanquam
1908 4303 2118 4356 aerumnoso
2145 4283 2251 4360 habi·

232 4369 302 4444 boc
315 4399 456 4469 quoqne
473 4377 657 4466 allegorice
671 4379 803 4448 dictum
819 4406 910 4468 esse,
936 4395 1080 4474 propter
1095 4379 1214 4450 Palla·
1265 4393 1340 4450 tare
1355 4378 1494 4452 Deum?

234 4473 289 4544 dis
304 4472 473 4564 Aegidem
487 4491 522 4546 et
536 4501 684 4567 poenas,
710 4479 883 4557 existimo.
942 4483 1011 4556 Sed
1035 4505 1211 4576 quaecun-
1366 4479 1468 4570 Legi,
1496 4479 1643 4549 memini
1663 4479 1781 4548 omnia
1805 4477 2022 4553 Graecorum
2044 4499 2079 4557 et
2096 4485 2250 4562 Latino-

235 4597 304 4664 que
325 4577 402 4644 eius
422 4578 593 4646 sermonis
612 4601 714 4648 eausa
734 4594 802 4662 est,
828 4580 1025 4654 Politianus
1041 4596 1212 4653 venenate
1264 4605 1344 4652 rum
1362 4581 1489 4673 scripta
1504 4583 1548 4650 de
1562 4582 1678 4669 legum
1695 4580 1865 4668 dignitate
1888 4595 1922 4652 et
1944 4584 1987 4652 de
2007 4585 2188 4677 imperiis,
2214 4608 2250 4665 et

234 4671 272 4742 id
288 4675 693 4766 dictuminterpretatur.
746 4677 845 4768 Quid
861 4685 975 4756 dicam
996 4687 1040 4755 de
1056 4683 1128 4753 illis
1145 4679 1211 4754 bo·
1264 4671 1367 4775 saepe
1387 4684 1500 4772 cogito
1521 4681 1727 4772 praecipuas
1747 4681 1908 4752 omnium
1925 4689 2125 4759 sententias.
2174 4689 2248 4762 Sed

232 4773 410 4858 minibus,
456 4777 518 4870 qui
545 4773 723 4849 Ecclesiae
751 4805 871 4852 vocem
908 4809 982 4853 non
1013 4785 1210 4860 audierant.
1263 4799 1381 4858 tamen
1410 4784 1509 4852 nulla
1538 4805 1605 4852 vox
1625 4777 1706 4851 talis
1727 4803 1875 4875 usquam
1897 4785 2027 4857 tradita
2052 4805 2121 4872 est,
2153 4815 2247 4883 quae

232 4871 361 4945 Nostra
387 4890 497 4962 aetas,
530 4900 609 4948 cum
630 4881 754 4972 purior
778 4877 962 4974 Evangelii
982 4887 1142 4956 doctrina
1166 4888 1210 4955 il·
1262 4885 1445 4955 vinculum
1473 4897 1560 4956 esset
1583 4882 1768 4951 universae
1789 4882 1904 4952 civilis
1929 4887 2121 4977 societatis,
2153 4894 2247 4966 sicut

136 5039 137 5044 ,
233 4975 345 5060 luxit,
373 5001 476 5070 quam
493 4980 688 5051 multorum
706 4981 842 5055 audivit
857 4987 1062 5058 tribunitios
1078 4988 1210 5055 clamo-
1262 4980 1331 5054 hoc
1361 4984 1509 5055 dictum:
1560 4981 1708 5053 Necesse
1742 4995 1795 5053 est
1823 4983 1971 5060 obedire
1999 5009 2073 5060 non
2103 5004 2244 5064 tantum

230 5097 306 5156 res,
329 5077 409 5169 qui,
434 5079 667 5164 utlenissime
688 5081 819 5169 dicam,
844 5089 1074 5158 reverentiam
1092 5087 1208 5176 legum
1262 5099 1408 5178 propter
1430 5084 1539 5169 iram,
1573 5084 1634 5152 sed
1668 5097 1812 5174 propter
1842 5087 2105 5164 conscientiam.
2163 5092 2245 5167 Hoc

229 5175 333 5244 valde
356 5177 651 5268 langnelecerunt.
709 5179 960 5278 Anabaptistae
987 5189 1098 5278 leges,
1132 5212 1209 5258 ma·
1261 5185 1449 5279 praeconio
1475 5197 1647 5256 vocantur
1669 5183 1708 5253 in
1732 5183 1923 5272 iudicium,
1955 5211 2030 5258 non
2051 5195 2095 5262 ad
2120 5217 2245 5284 regum

228 5275 408 5363 gistratus,
456 5279 605 5366 iudicia,
647 5282 763 5375 palam
792 5287 1014 5379 improbant,
1056 5312 1208 5384 quorum
1261 5289 1501 5380 etprincipum
1517 5285 1709 5357 tribunalia
1723 5297 1872 5370 tentum,
1897 5289 1958 5357 sed
1974 5289 2144 5363 adDeum
2160 5296 2245 5367 vin.

226 5378 338 5449 multa
357 5379 447 5450 adeo
468 5392 557 5451 tetra
578 5381 671 5454 dieta
693 5396 729 5455 et
748 5387 838 5494 facta
861 5404 964 5477 sont,
998 5404 1038 5463 ut
1061 5389 1207 5462 recitare
1259 5391 1373 5462 dicem
1396 5409 1538 5477 omnes,
1568 5387 1630 5481 qui
1652 5387 1850 5478 petulanter
1868 5386 1961 5478 leges
1982 5389 2143 5484 politicas
2164 5383 2244 5470 vio-

302 5737 411 5784 A
