4706 5818
147 176 243 253 lost
695 155 726 254 t.
775 165 1071 252 cmontcon
1100 167 1348 252 cantotus.
1397 172 1524 250 nans
1548 172 1596 254 11.
1739 212 1740 218 κ
2055 180 2152 252 roez

191 348 300 420 Anno
343 342 473 418 mundi
507 357 633 444 qnater
657 345 846 420 millesimo
878 347 1126 422 sexcentesimo
1175 340 1279 416 licior
1294 357 1404 438 patre.
1428 342 1633 418 saracenica
1646 345 1765 419 classis
1781 361 1867 422 tnnc
1880 351 1926 422 ad
1942 348 2158 446 Byzantium

71 454 73 458 ’
203 522 205 534 .
349 447 487 540 quinto.
1176 465 1288 541 usque
1303 445 1467 528 accessit,
1494 449 1590 518 unde
1611 449 1753 541 repulsa
1767 447 1934 544 Cyzicum
1956 451 2153 543 occupavit.

193 549 302 640 Anno
325 544 463 621 Romae
482 547 673 620 millesimo
700 551 945 624 trecentesimo
967 573 1126 644 nonage-
1176 544 1336 639 Cumque
1353 557 1428 616 toto
1448 547 1631 640 septennio
1653 549 1692 618 in
1716 574 1757 620 eo
1772 551 1852 622 loco
1868 565 2156 637 commoraretur,

342 649 476 738 gesimo
491 663 601 725 sexto,
1175 669 1277 737 saepe
1291 645 1497 718 dimicatum
1513 661 1565 720 est
1581 651 1624 720 ed
1638 647 1860 744 Byzantium,
1884 656 1997 722 donec
2010 654 2156 722 tandem

193 751 301 825 Anno
307 743 441 822 Christi
448 751 700 822 sexcentesimo
712 753 978 848 quadragesimo
987 769 1124 851 quartn
1175 741 1370 818 Architecti
1378 743 1544 817 Callinici
1558 761 1634 820 arte
1648 750 1747 840 ignes
1763 752 1830 821 snb
1845 775 1935 844 aqua
1950 752 2033 824 faeti
2047 767 2154 826 nnv‘es

1174 846 1398 920 Saracenicas
1411 847 1667 936 incenderunt,
1692 874 1762 947 qua
1776 875 1814 922 re
1840 876 1966 943 magna
1989 853 2154 924 multitu·

511 913 756 990 ⁰⁰²⁸⁸¹⁰²⁸⁸⁶
1175 949 1258 1018 dine
1273 947 1406 1028 deleta,
1429 948 1559 1040 reliqui
1571 950 1692 1039 lugere
1714 951 1826 1022 coacti
1847 966 1942 1025 sunt.
1994 948 2054 1022 Ad
2070 951 2153 1024 Ma·

243 1033 434 1114 Constans
458 1043 553 1116 tilius
567 1044 797 1121 Constantini
819 1049 991 1134 iunioris,
1013 1071 1123 1142 nepus
1172 1048 1265 1118 leam
1287 1049 1350 1120 nbi
1373 1049 1543 1120 contrarii
1566 1050 1671 1121 flatus
1693 1073 1795 1144 saepe
1811 1052 1968 1126 efficiunt
1981 1052 2153 1140 turbines,

139 1137 314 1228 Heraclii,
338 1144 440 1236 pulsa
455 1143 615 1219 Martina
637 1151 769 1224 incesta
795 1175 878 1223 cum
897 1152 991 1234 tilio,
1015 1177 1037 1223 a
1058 1149 1123 1223 Se-
1173 1149 1329 1242 reliquae
1349 1147 1606 1220 Saracenorum
1639 1173 1745 1222 naves
1768 1150 1897 1243 partim
1926 1154 2041 1228 illisae
2069 1167 2153 1224 sunt

137 1254 226 1312 natu
246 1241 360 1314 factus
380 1242 588 1337 imperator.
627 1247 762 1323 Tenuit
789 1251 979 1343 imperium
1008 1275 1122 1324 annos
1172 1249 1344 1340 scopulis,
1369 1250 1498 1340 partim
1514 1251 1690 1324 demersae
1709 1250 1749 1320 in
1773 1275 1883 1332 mare.
1930 1250 2022 1326 Cum
2044 1255 2153 1344 igitur

137 1340 267 1431 viginti
281 1357 427 1434 septem,
440 1346 588 1418 infoelix
604 1352 770 1426 adversus
783 1351 989 1429 Saracenos.
1014 1351 1121 1424 Domi
1171 1349 1312 1421 circiter
1342 1349 1486 1439 triginta
1521 1348 1633 1421 millia
1662 1350 1920 1422 Saracenorum
1955 1354 2152 1448 periissent,

136 1443 283 1512 tratrem
292 1439 536 1516 Theodosium
544 1447 731 1536 interiecit,
757 1447 1122 1528 ettavensMonothe-
1171 1453 1242 1520 dux
1258 1445 1449 1522 Muthavia
1473 1473 1593 1541 pacem
1608 1475 1628 1521 a
1644 1448 1819 1523 Romanis
1833 1453 1932 1544 petit.
1981 1451 2086 1526 Facta
2099 1470 2153 1527 est

136 1541 229 1622 letis,
246 1541 324 1633 pios
339 1542 477 1636 aliquot
491 1557 649 1620 taxantes
663 1573 819 1624 emonem
834 1555 972 1626 occidit.
1004 1553 1120 1647 Ipsius
1170 1550 1281 1641 igitur
1301 1575 1369 1644 pax
1390 1551 1429 1620 in
1452 1573 1564 1621 annos
1594 1551 1750 1640 triginta.
1804 1551 1890 1624 Post
1915 1548 1987 1624 hoc
2015 1555 2152 1626 bellum

137 1637 536 1728 mandatoTheodorns
551 1645 710 1740 Calliope
722 1647 906 1726 Euarchus
920 1657 1047 1727 fraude
1062 1679 1121 1726 ee«
1170 1675 1262 1722 nova
1277 1674 1362 1740 gens
1375 1643 1747 1744 Aretoa‘Bnlguriad
1762 1649 1917 1744 Mysiam
1934 1653 2151 1738 interiorem,
2269 1711 2273 1719 .

136 1743 192 1832 pit
207 1740 405 1812 Martinam
416 1741 864 1844 RomanumEpiscopum,
890 1754 1119 1847 vinctumque
1170 1774 1260 1858 quae
1285 1775 1357 1822 nun
1381 1751 1506 1842 procul
1526 1775 1547 1824 a
1569 1750 1742 1846 Byzantio
1765 1749 1881 1836 abest,
1919 1767 2150 1833 accesserunt,

134 1839 473 1934 Constantinopolin
508 1847 624 1935 misit,
669 1851 734 1921 ubi
762 1851 936 1926 Constans
972 1851 1116 1920 eumin
1169 1850 1394 1938 primumque
1425 1865 1511 1922 tnnc
1545 1849 1715 1923 celebrari
1747 1869 1880 1921 nomen
1913 1848 2149 1941 Bulgarorum

135 1937 327 2011 Thraciam
341 1936 601 2018 Chersonesum
618 1950 773 2026 inclusit,
797 1953 837 2012 in
853 1977 921 2038 qua
932 1949 1119 2022 Martinus
1169 1945 1304 2036 eoepit,
1337 1968 1427 2037 qnos
1449 1947 1609 2014 eaisttrno
1630 1949 1741 2018 dictos
1764 1972 1838 2019 esse
1859 1948 2005 2041 aBolga
2026 1952 2150 2037 fluvio,

133 2043 227 2111 fame
243 2054 277 2111 et
290 2043 453 2136 squalore
471 2043 620 2114 carceris
635 2043 818 2139 aliquanto
840 2057 920 2137 pust
947 2038 1118 2113 extinctus
1168 2041 1269 2110 euius
1284 2045 1398 2110 tontes
1417 2057 1500 2114 snut
1514 2068 1587 2114 nun
1604 2041 1763 2135 procula
1777 2039 1929 2116 Lironia
1952 2051 1992 2118 in
2007 2051 2149 2140 paludi·

134 2155 199 2218 est,
699 2193 700 2198 ,
1168 2139 1236 2209 hus
1259 2138 1472 2214 Moscoviae.
1524 2143 1624 2211 Adeo
1648 2154 1765 2210 autem
1790 2147 1913 2218 crescit
1935 2147 2051 2219 fluens
2067 2174 2149 2220 ver-

158 2263 164 2272 ·
235 2242 338 2320 Adeo
354 2256 469 2314 amem
486 2257 668 2316 creverant
681 2232 975 2316 tessaracenicac
989 2236 1034 2306 ab
1047 2236 1117 2309 ini·
1167 2261 1226 2309 sus
1253 2235 1457 2328 Orientem,
1489 2257 1529 2312 ut
1551 2239 1676 2329 viginti
1701 2241 1861 2334 quinque
1886 2249 2148 2338 navigabilibus

133 2343 186 2414 250
207 2340 307 2431 pegni
322 2338 570 2431 Mahomefiei,
593 2346 691 2438 quod
715 2343 912 2417 collocetur
930 2335 1115 2408 inannum
1166 2341 1265 2408 ostiis
1280 2341 1406 2410 influat
1420 2342 1459 2408 in
1472 2362 1568 2410 mare
1584 2336 1762 2432 Caspium.
1813 2337 1904 2412 Cum
1924 2361 2042 2418 atrurn
2056 2348 2148 2420 Bul·

131 2438 268 2512 Christi
282 2445 570 2514 ,extentaimum
586 2445 794 2518 vicegimum
817 2434 1115 2520 tertium,annum
1166 2441 1241 2529 gari
1274 2437 1479 2511 Romanurn
1508 2441 1698 2510 exercitum
1730 2441 1914 2529 vicissent,
1952 2448 2148 2538 imperator

131 2541 290 2611 Heraclii
307 2543 651 2627 decimumtertium,
677 2549 796 2638 ueqste
810 2533 854 2600 ad
870 2527 966 2604 hune
978 2559 1114 2608 annum
1167 2563 1286 2630 pacem
1303 2540 1452 2611 cumeis
1465 2540 1568 2622 tecit,
1593 2541 1761 2635 deditque
1775 2541 1826 2613 eis
1840 2545 1958 2614 sedern
1972 2546 2011 2615 in
2028 2547 2147 2644 Mysia

130 2638 268 2713 Christi
282 2644 570 2715 ,excenpggffmum
587 2629 1115 2742 quinquagesimumtyuintum,
1164 2641 1354 2725 interiore,
1379 2665 1469 2734 quae
1482 2664 1580 2710 nunc
1592 2665 1732 2734 quoque
1746 2640 1914 2733 Bulgaria
1928 2647 2070 2723 dicitur.

130 2745 273 2812 annum‘
282 2738 484 2814 Constantis
497 2746 674 2817 decimum
685 2733 859 2830 ttslltdr‘ns
868 2756 909 2813 ut
920 2743 991 2812 iarn
1005 2741 1113 2832 classe
1265 2741 1372 2812 Anno
1392 2741 1602 2812 duodecimo
1625 2735 1731 2812 huius
1745 2738 1973 2817 Constantini
1988 2745 2145 2836 Barbati,

130 2865 175 2912 ex
198 2836 391 2912 Phoenicia
419 2844 524 2915 missa
556 2845 662 2918 Asiae
694 2847 816 2916 littora
846 2842 1113 2936 popularentur.
1162 2839 1327 2914 videlicet
1354 2865 1450 2912 anno
1471 2837 1612 2924 Chtltli·
1632 2845 1881 2915 sexcenletimo
1909 2848 2144 2939 octuagesimo

130 2941 306 3013 Constans
329 2966 424 3014 annu
449 2946 585 3016 decimo
601 2948 706 3017 tertio
723 2947 778 3016 sui
792 2945 933 3036 imperii
946 2943 1113 3016 scribitur
1162 2940 1297 3032 primo,
1311 2940 1478 3035 Synudus
1492 2939 1725 3035 οἶκουμενικὴ
1741 2944 1786 3012 ab
1794 2944 2004 3034 imperatore
2012 2973 2144 3020 convo·

130 3065 260 3132 magno
275 3042 407 3132 praelio
423 3043 461 3113 in
477 3043 842 3137 LycieaSaracenico
860 3046 949 3114 duce
964 3039 1114 3113 Mutha·
1163 3054 1238 3110 cata
1268 3055 1321 3112 est
1342 3040 1575 3138 Byzantium,
1608 3065 1698 3136 quae
1720 3043 1928 3113 nominatur
1949 3061 2065 3130 sexte,
2103 3052 2144 3119 in

129 3145 188 3212 via
210 3143 322 3214 victus
344 3166 428 3218 esse.
479 3141 586 3214 Tunc
610 3158 644 3215 et
658 3140 831 3218 Rhodum
846 3141 1013 3214 Saraceni
1028 3165 1112 3232 spo·
1162 3164 1232 3229 qua
1268 3145 1314 3212 de
1351 3143 1522 3235 contagiis
1554 3142 1778 3215 Samosateni
1818 3143 2039 3231 disputatum
2079 3163 2144 3224 est.

130 3246 284 3326 lincunt,
323 3242 388 3312 uhi
423 3265 513 3336 quae
546 3245 591 3312 de
617 3243 762 3315 Colosso
782 3243 878 3315 Solis
910 3255 1111 3325 narrantur,
1162 3233 1278 3308 Erant
1303 3244 1399 3306 enim
1420 3243 1484 3330 qui
1506 3243 1769 3310 contendebant
1789 3243 1827 3310 in
1844 3240 1986 3315 Christo
2004 3259 2143 3318 tentum

105 3343 276 3426 omitto,
307 3341 389 3435 quia
409 3340 549 3412 Plinius
577 3344 718 3430 scribit,
759 3342 873 3413 multo
893 3353 975 3412 ante
1003 3341 1111 3410 fuisse
1162 3359 1236 3405 esse
1260 3339 1402 3408 unicam
1428 3337 1665 3421 voluntatem,
1692 3340 1754 3429 qui
1775 3339 1858 3408 ideo
1876 3338 2143 3418 Monotheletae

128 3465 290 3512 eversum
309 3455 541 3529 terraemotu,
581 3445 642 3512 scd
665 3446 816 3534 praedae
840 3440 1047 3532 magnitudo
1070 3463 1111 3509 cx
1162 3437 1336 3508 nominati
1354 3447 1448 3508 sunt.
1471 3433 1522 3505 Hi
1536 3449 1624 3509 tecte
1638 3435 1882 3524 significabant
1900 3434 1968 3510 hoc
1983 3468 2142 3538 quoqne:

128 3557 205 3614 toto
226 3542 344 3612 littore
368 3542 464 3612 dedit
489 3544 707 3612 occasionem
732 3543 786 3612 illi
809 3542 961 3617 tabulae.
1012 3538 1112 3612 Con·
1162 3559 1199 3606 se
1212 3535 1343 3607 sentire
1356 3537 1498 3606 unicam
1513 3549 1649 3608 tantum
1665 3559 1739 3607 esse
1755 3538 1793 3606 in
1807 3536 1948 3610 Christo
1964 3557 2141 3620 naturam.

129 3659 226 3713 stans
248 3644 390 3712 tandem
416 3655 450 3712 et
473 3640 513 3710 in
538 3638 679 3712 ltaliam
704 3643 821 3726 venit,
864 3643 928 3711 nbi
955 3642 1109 3712 victusa
1160 3635 1278 3708 Huius
1294 3636 1432 3731 Synodi
1447 3637 1664 3709 mentionem
1679 3661 1801 3708 rursus
1814 3641 1961 3726 faciam,
1987 3667 2066 3714 cum
2084 3647 2143 3715 in·

126 3741 374 3832 Longohardis
398 3765 478 3812 cnm
498 3742 549 3813 eis
571 3742 733 3812 inducias
755 3741 857 3825 lecit,
889 3742 1109 3835 spoliataque
1160 3739 1215 3808 fra
1229 3740 1274 3808 de
1288 3733 1446 3810 Ecclesia
1460 3738 1535 3808 eins
1551 3739 1718 3832 temporis
1732 3739 1858 3814 dicam.
1891 3739 2049 3814 Decessit
2063 3747 2141 3837 pla·

126 3845 217 3916 urhe
230 3838 349 3915 Roma
371 3841 411 3910 in
424 3840 583 3914 Siciliam
603 3844 725 3928 rediit,
751 3843 814 3914 uhi
836 3843 982 3933 infoelix
996 3844 1110 3935 impe-
1161 3837 1237 3910 cide
1256 3835 1514 3913 Constantinus
1526 3839 1718 3931 imperator
1725 3894 1736 3928 ,
1761 3839 1851 3912 lacta
1871 3865 1957 3935 pace
1974 3843 2013 3912 in
2027 3845 2140 3938 impe-

125 3957 226 4028 ratur
239 3942 400 4036 pertusus
415 3943 572 4018 fervente
588 3967 680 4040 aqua
700 3945 740 4015 in
764 3944 893 4016 balneo
909 3945 1110 4034 strangula·
1160 3940 1220 4012 rio·
1231 3935 1392 4012 Orientis
1409 3952 1444 4011 et
1458 3940 1498 4008 in
1513 3937 1683 4012 Ecclesia.

126 4060 183 4119 tus
200 4057 263 4116 est·
760 4063 774 4084 ²

1209 4139 1318 4215 Anno
1330 4143 1455 4215 mundi
1464 4155 1587 4236 qnater
1595 4140 1782 4215 millesimo
1792 4145 2040 4216 sexcentesimo
2049 4171 2138 4252 quas

174 4243 284 4317 Anno
316 4243 443 4316 mundi
480 4257 604 4340 quater
633 4244 824 4318 millesimo
857 4249 1106 4332 sexcentesimo
1359 4244 1555 4335 dragesimo
1568 4266 1665 4313 nono

160 4345 163 4350 ’
325 4345 502 4417 tricesimo
516 4348 685 4426 secundo.
1191 4341 1317 4414 -Anno
1331 4342 1468 4416 Romae
1483 4343 1672 4414 millesimo
1687 4345 2032 4437 quadringentesimo
2047 4373 2137 4443 qua·¹
2202 4379 2206 4385 ’

174 4441 284 4518 Anno
305 4444 443 4521 Romae
465 4447 655 4519 millesimo
679 4447 1026 4542 quadringentesimo
1050 4452 1106 4521 vi·
1363 4447 1569 4535 dragesimo.

260 4625 262 4630 ,
329 4549 460 4619 cesimo
474 4547 590 4618 tertio.
1207 4537 1315 4615 Anno
1347 4541 1483 4617 Christi
1522 4546 1771 4618 sexcentesimo
1804 4543 2047 4642 octuagesimo
2080 4573 2135 4623 se·

174 4647 282 4720 Auno
296 4643 431 4722 Christi
446 4649 695 4722 sexcentesimo
719 4652 989 4743 septuagesimo.
1358 4647 1481 4740 ptimo.

437 4817 800 4892 Constantinus.
1484 4797 1803 4883 tnsttntonns.

222 4931 494 5015 Constantinus
512 4947 687 5022 Barbatus
709 4973 771 5022 seu
796 4948 999 5038 pogonatus
1021 4972 1103 5022 coe·
1254 4933 1495 5010 Iustiniunus
1525 4939 1620 5010 lilius
1638 4937 1784 5012 Barbati
1813 4940 1924 5010 tactus
1940 4938 2132 5031 imperator

120 5045 176 5139 pit
194 5067 343 5136 regnare
364 5069 445 5120 curn
466 5061 567 5139 pater
590 5074 672 5122 eum
687 5065 769 5122 ante
785 5049 942 5122 italicam
959 5049 1103 5143 expedi·
1153 5056 1299 5134 epatre.
1340 5039 1476 5114 Tenuit
1491 5042 1681 5134 imperium
1697 5042 1942 5113 annosdecem
1960 5054 2041 5111 ante
2058 5045 2131 5112 exi·

120 5149 257 5220 tionem
282 5160 481 5219 consortem
513 5148 655 5239 imperii
684 5153 839 5234 fecisset,
873 5166 910 5239 et
938 5150 1101 5226 coronari
1151 5147 1254 5235 lium,
1281 5143 1411 5215 deinde
1427 5143 1609 5214 restitutus
1624 5145 1784 5234 regnavit
1800 5165 1912 5213 annos
1928 5162 1995 5210 sex.
2047 5139 2131 5214 Fuit

120 5247 288 5326 iussisset.
337 5247 514 5340 Regnavit
529 5253 775 5336 unnnsdecem
796 5266 831 5325 et
850 5265 999 5346 septem,
1024 5255 1101 5324 soe·
1123 5253 1127 5345 j
1150 5247 1298 5319 ultimus
1307 5245 1425 5338 stirpis
1437 5241 1611 5330 Heraclii,
1637 5244 1833 5337 inquietus,
1857 5240 2009 5314 erudelis
2024 5255 2058 5312 et
2072 5245 2131 5314 in-

170 5353 349 5422 Mrueurn.
376 5355 481 5424 Orrn.
505 5353 589 5422 Vos.
615 5353 694 5421 Xll.
1587 5345 1637 5419 69
