4726 5828
267 251 336 330 171
850 223 1011 302 nucu
1041 221 1116 300 ou
1148 210 1707 304 scuoua'nosrocu:
2182 221 2294 310 ‘ue

269 367 483 498 Academiae
504 413 614 500 legem
641 363 716 474 non
735 402 971 492 abrogamus,
1003 399 1065 470 sed
1088 421 1168 468 cum
1194 421 1254 468 ex·
1283 359 1513 476 ¹habendum
1530 400 1795 486 contendimus,
1818 401 1857 470 in
1874 399 2091 494 qnihuafere
2103 413 2296 498 pertotam

271 521 433 616 ceptione
464 513 668 586 retinemus.
734 501 834 594 Quae
865 501 987 572 omnia
1016 513 1050 570 et
1081 499 1185 572 saluti
1221 511 1255 568 et
1305 499 1536 572 Germaniam
1553 502 1795 592 superioribus
1811 503 1914 573 aunis
1931 504 2072 594 publice
2095 505 2296 575 mandaba-

271 623 457 698 commodo
478 609 673 685 iuventutis
694 607 873 690 serviunt,
895 615 929 672 et
951 627 1025 672 raon
1045 616 1128 672 sunt
1150 623 1252 692 prae-
1304 616 1380 686 tur,
1396 606 1444 672 'nt
1463 598 1664 674 scholastici
1682 605 1845 695 privatim
1863 600 2036 678 habereut
2050 629 2133 677 snos
2151 629 2296 674 mamm

258 739 452 819 ⁸ceptorum
473 713 664 794 avariciae,
690 722 725 780 et
741 705 901 800 quaestui
925 703 1078 774 inventa.
1129 699 1178 773 Dt
1200 715 1254 771 ta·
1305 702 1514 792 Magistros,
1537 717 1572 774 et
1586 705 1786 776 studiorum
1801 706 2075 794 gubernatores,
2096 721 2131 779 et
2143 706 2191 798 jd
2207 729 2295 775 saue

272 851 355 900 men
384 834 481 894 tanta
510 829 560 887 est
584 812 723 884 malicia
747 806 923 878 humanae
946 803 1074 875 mentis
1098 803 1137 874 in
1161 816 1255 874 recte
1305 804 1466 876 moribus
1487 807 1648 876 nondum
1665 819 1735 877 tam
1760 808 1936 899 corruptis
1962 821 1997 880 et
2022 807 2139 882 malis.
2191 805 2295 895 Qua-

271 926 373 1002 factis
398 923 492 994 male
522 911 814 1006 interpretandis,
843 921 883 978 ut
904 906 1009 976 uobis
1030 907 1091 976 illa
1113 903 1255 976 crimini
1305 920 1449 999 propter
1461 905 1492 974 si
1506 929 1572 976 nos
1588 907 1682 977 idem
1698 920 1769 977 tam
1791 911 1982 999 depravato
2004 909 2126 981 seculo
2146 907 2186 978 in
2199 908 2296 980 Aca-

271 1037 359 1108 dare
381 1050 457 1120 non
477 1020 695 1094 erubescant.
751 1011 847 1080 Hinc
867 1007 1082 1078 arbitramur
1102 1007 1186 1078 satis
1209 1005 1256 1076 li·
1306 1008 1422 1078 demia
1444 1007 1680 1096 retineamus,
1716 1010 1774 1079 cui
1796 1011 1892 1080 bono
1917 1023 1953 1082 et
1972 990 2145 1102 ¹pmdenti
2165 1009 2297 1100 displi-

271 1154 398 1230 quere‚
431 1149 502 1220 quo
530 1122 625 1203 iure,
662 1128 697 1185 et
721 1137 826 1207 quam
847 1132 928 1178 vere
949 1109 1037 1178 tales
1061 1107 1256 1178 iuventutis
1306 1133 1384 1180 cere
1405 1108 1557 1201 poterit?
1612 1108 1823 1183 Praesertim
1844 1135 1926 1182 cum
1946 1111 2023 1183 eiua
2042 1111 2197 1184 instituti
2216 1110 2295 1180 sive

272 1230 494 1324 corruptelae
508 1244 574 1292 nos
589 1220 628 1288 in
641 1215 813 1286 avariciae
826 1212 962 1283 crimen
975 1223 1113 1285 vocent.
1154 1207 1256 1297 Quo-
1307 1223 1453 1296 natura,
1482 1209 1555 1280 sive
1572 1207 1669 1282 Deus
1691 1225 1796 1282 autor
1821 1213 1885 1294 sit,
1909 1215 2007 1306 quod
2033 1229 2068 1284 et
2082 1211 2297 1286 Aristotelea

270 1359 353 1410 rum
383 1325 578 1403 calumnias
607 1342 681 1388 non
713 1317 761 1387 ita
794 1313 947 1404 graviter
970 1310 1182 1402 accipimus,
1222 1321 1257 1378 et
1306 1311 1451 1396 iudicat,
1464 1312 1561 1382 uode
1577 1306 1664 1384 haec
1676 1307 1862 1382 hominum
1877 1314 2058 1386 distinctio
2068 1316 2163 1406 apud
2174 1315 2297 1404 ipsum

271 1439 369 1530 ipsos
385 1457 405 1504 a
421 1429 525 1502 nobis
542 1422 722 1494 discedere
737 1417 824 1486 adeo
841 1437 913 1484 non
929 1413 1076 1484 moleste
1098 1413 1256 1496 ferimus,
1306 1425 1389 1483 nata
1403 1427 1472 1494 est,
1498 1411 1663 1486 videlicet
1682 1414 1771 1484 alios
1791 1436 1864 1483 esse
1883 1429 2009 1487 natura
2030 1417 2146 1487 iudice
2161 1439 2297 1498 servos,

269 1552 311 1612 ut
326 1535 509 1627 cupiamus
522 1519 686 1599 Scholam
704 1531 859 1588 nostram
875 1509 1081 1584 huiusmodi
1101 1510 1256 1584 leomini-
1306 1515 1396 1584 alios
1410 1526 1533 1584 contra
1546 1510 1740 1600 Dominus,
1765 1517 1860 1608 quod
1880 1516 1935 1584 illi
1949 1516 2013 1610 qui
2026 1517 2097 1586 sibi
2119 1539 2184 1586 nec
2208 1517 2297 1586 satis

271 1644 340 1712 bus
357 1629 552 1710 exonerari,
578 1649 649 1718 quo
667 1616 808 1690 honesti
825 1617 1074 1701 adolescentes,
1099 1616 1144 1684 ab
1160 1616 1257 1706 ipso·
1305 1615 1526 1710 prospicere,
1558 1639 1625 1686 nec
1645 1629 1738 1686 recte
1755 1617 1940 1687 consulere
1961 1631 2130 1709 possunt,
2164 1629 2295 1688 natura

270 1766 352 1814 rum
366 1733 529 1824 contagio
556 1740 589 1798 et
611 1747 750 1793 veneno
773 1719 859 1801 tuti,
884 1717 1001 1811 quiete
1016 1731 1049 1787 et
1066 1717 1256 1810 tranquille
1307 1717 1382 1787 sint
1406 1716 1518 1802 servi,
1549 1729 1585 1786 et
1606 1717 1651 1788 iis
1673 1741 1797 1810 parere
1818 1719 1989 1799 debeant,
2020 1719 2083 1812 qui
2107 1731 2142 1789 et
2162 1719 2232 1787 sibi
2261 1731 2297 1788 et

272 1847 313 1915 in
345 1844 521 1914 bonarum
554 1828 684 1900 artium
716 1839 751 1896 et
782 1819 899 1892 omnis
928 1817 1070 1899 virtutis
1098 1819 1256 1890 studium
1307 1818 1387 1889 aliis
1407 1828 1502 1888 recta
1524 1819 1672 1888 consilia
1694 1820 1800 1905 dare,
1826 1833 1861 1890 et
1881 1819 2088 1911 providere,
2110 1841 2200 1914 quae
2221 1819 2297 1890 sint

270 1943 477 2018 incumbere
497 1931 644 2026 possint.
1310 1919 1367 1989 vel
1385 1920 1572 2011 profutura
1594 1919 1649 1988 vel
1673 1920 1837 1988 nocitura
1859 1932 2013 2012 queunt,
2051 1921 2115 2013 qui
2147 1933 2297 1990 naturae

372 2043 468 2116 Sunt
481 2037 586 2108 etiam
601 2028 731 2124 quibus
746 2019 913 2095 Scholam
931 2019 1111 2112 publicam
1127 2017 1166 2086 in
1181 2015 1259 2108 pri·
1308 2020 1482 2090 sententia
1519 2021 1670 2090 aliorum
1710 2016 1858 2091 Domini
1898 2032 1933 2092 et
1969 2017 2087 2091 Duces
2126 2015 2299 2092 habendi.

271 2162 389 2224 vatam
411 2149 616 2214 convertere
638 2129 822 2210 videmur,
846 2125 942 2218 quod
968 2145 1033 2192 nec
1056 2118 1259 2210 cogitatum,
1309 2121 1417 2212 Quod
1439 2133 1586 2190 naturae
1609 2132 1835 2212 praeceptum
1862 2133 1896 2190 et
1920 2121 2118 2212 exemplum
2142 2117 2296 2192 Schola-

271 2276 338 2324 nec
352 2251 517 2319 factuma
533 2235 638 2305 nobis
652 2253 745 2314 esse,
765 2241 840 2298 tum
857 2223 1008 2294 docendi
1024 2221 1127 2306 ratio,
1151 2241 1258 2312 quam
1307 2246 1407 2308 mm,
1433 2245 1505 2316 quo
1519 2222 1609 2292 aliae
1624 2217 1856 2306 Academiae,
1882 2221 1969 2290 viris
1983 2221 2155 2314 sapientia
2171 2235 2206 2292 et
2219 2224 2298 2294 vir-

271 2356 312 2426 in
335 2343 464 2423 Schola
486 2355 669 2418 tenemus,
705 2345 780 2403 tum
812 2327 1017 2398 auditorum
1040 2319 1257 2400 distributio,
1308 2335 1382 2394 tute
1404 2321 1542 2414 magnis
1557 2321 1705 2392 mirifice
1730 2323 2043 2408 commendantur,
2067 2338 2210 2394 nostrae
2226 2349 2298 2416 pu.

257 2467 346 2548 'qua
358 2448 415 2522 usi
434 2462 577 2524 sumus,
602 2435 688 2508 satis
702 2442 873 2521 arguunt,
898 2443 932 2499 et
947 2427 1040 2496 clare
1054 2422 1259 2494 ostendunt.
1307 2419 1599 2505 blicaeScholae‚
1625 2427 1666 2494 ut
1681 2436 1865 2515 putamus,
1888 2446 1955 2498 uec
1969 2419 2110 2511 obesse,
2136 2447 2200 2496 nec
2216 2425 2298 2498 iure

272 2553 347 2626 Nec
360 2549 445 2622 satis
458 2540 583 2616 mirari
598 2554 802 2630 possumus,
826 2531 923 2600 unde
938 2524 1030 2597 hanc
1051 2523 1257 2616 opinionem
1309 2525 1344 2595 ei
1360 2525 1446 2596 vitio
1461 2525 1551 2596 verti
1565 2525 1707 2615 poterit.

273 2651 416 2728 veritati
430 2644 613 2719 manifeste
627 2645 885 2727 repugnantem
902 2624 1088 2700 hauserint
1107 2625 1155 2708 ii,
1177 2621 1259 2715 qui·
1411 2623 1519 2714 Quod
1533 2627 1565 2696 ai
1579 2625 1745 2697 Lectores
1764 2647 1786 2696 a
1807 2624 1954 2717 publico
1976 2626 2129 2698 docendi
2146 2650 2298 2700 munere

274 2761 343 2831 hus
358 2764 479 2824 nostra
493 2766 619 2839 pamm
635 2737 847 2831 probantur.
894 2727 970 2800 Nos
984 2728 1080 2799 enim
1101 2725 1259 2819 privatae
1309 2729 1353 2798 ad
1370 2727 1507 2820 aliquas
1518 2727 1673 2820 privatae
1686 2725 1920 2798 institutionis
1939 2741 2054 2817 partes
2068 2728 2117 2799 ita
2132 2730 2299 2800 traduce..

275 2853 485 2947 disciplinae
506 2866 614 2938 opera
639 2833 789 2912 Scholae
810 2833 973 2926 publicae
997 2845 1032 2902 et
1052 2825 1258 2918 dignitatem
1310 2851 1447 2913 remus,
1469 2841 1510 2898 ut
1535 2829 1679 2898 illorum
1703 2851 1771 2896 vox
1789 2826 1828 2895 in
1847 2827 1990 2920 publica
2004 2823 2135 2900 Schola
2155 2831 2299 2902 deside-

275 2954 499 3032 ethonorem
520 2943 633 3029 tueri,
656 2955 691 3011 et
706 2960 853 3020 01111111,
874 2957 980 3027 11111111
994 2928 1260 3006 11111Χὶ1111Ιὸ1)οτ
1310 2941 1467 3014 caretur,
1490 2939 1568 2998 tum
1596 2950 1661 3014 nos
1682 2949 1846 3018 peccare,
1879 2950 1945 2998 nec
1972 2928 2104 3024 absque
2127 2953 2233 3003 causa
2254 2933 2296 3004 in

274 3081 407 3135 ramus.
457 3049 556 3141 Quid
577 3065 707 3140 quaeso
727 3036 874 3108 maioris
895 3028 1044 3104 Scholae
1061 3025 1204 3124 nomini¹
1226 3037 1261 3094 et
1310 3029 1444 3100 crimen
1458 3028 1576 3098 vocari
1591 3049 1868 3118 agnosceremus.
1920 3026 2139 3122 Vemmnhoc
2155 3045 2298 3104 tanturn

277 3165 371 3235 fame
383 3171 456 3229 tam
470 3167 586 3242 turpe,
611 3157 646 3215 et
659 3143 880 3220 indecomm,
905 3157 1010 3226 quam
1026 3125 1262 3203 scholasticos
1310 3127 1429 3215 abest,
1450 3141 1491 3200 ut
1505 3151 1527 3200 a
1542 3129 1646 3200 nobis
1661 3128 1708 3199 sit
1722 3130 1873 3216 factum,
1897 3143 1939 3201 ut
1961 3153 2007 3201 ne
2025 3131 2190 3220 cogitatio
2213 3136 2299 3228 qui.

277 3279 314 3336 et
343 3257 451 3334 officii
484 3265 519 3323 et
551 3239 805 3338 temperantiae
836 3236 985 3318 oblitos,
1029 3229 1129 3325 sequi
1159 3243 1262 3318 turpe
1312 3233 1393 3301 dem
1408 3243 1480 3301 tam
1492 3230 1592 3301 stulti
1606 3230 1738 3322 incepti
1752 3233 2058 3325 unquamanobis
2068 3234 2114 3303 sit
2125 3249 2301 3328 suscepta.

276 3366 403 3448 otium,
426 3370 461 3430 et
474 3349 667 3426 libidinum
679 3340 854 3433 stipendia
872 3333 1010 3416 mereri,
1037 3330 1261 3403 etMusamm
1313 3331 1411 3404 Tum
1427 3330 1467 3400 in
1486 3343 1609 3402 nostra
1624 3327 1834 3416 Academia,
1857 3332 1949 3403 sicut
1968 3347 2004 3406 et
2025 3334 2065 3404 in
2086 3334 2185 3421 aliis,
2209 3339 2300 3408 ado-

278 3463 476 3557 negligere,
505 3467 541 3526 et
563 3451 730 3520 lectorem
753 3441 793 3512 in
816 3434 947 3513 Schola
971 3436 1017 3508 ab
1041 3431 1263 3504 auditoribus
1312 3433 1481 3504 lescentes
1514 3431 1725 3502 inferiomm
1761 3432 1891 3503 artium
1932 3455 2007 3504 non
2040 3434 2197 3526 imperiti
2231 3462 2301 3511 nec

280 3565 464 3648 derelicta,
489 3551 590 3652 quasi
603 3546 757 3621 Aeolum
773 3542 929 3635 aliquem
953 3559 1062 3607 vacua
1084 3530 1262 3604 dominari
1314 3533 1441 3624 ignari,
1465 3545 1500 3602 et
1516 3555 1599 3603 suae
1616 3532 1709 3603 vitae
1724 3555 1839 3628 neque
1854 3533 1940 3602 mali
1956 3557 2072 3628 neque
2087 3536 2301 3629 impruden.

280 3673 320 3742 in
337 3666 437 3745 aula,
462 3672 498 3731 et
519 3650 713 3748 parietibus
737 3658 772 3716 et
792 3639 970 3713 subselliis
984 3659 1067 3708 suae
1082 3631 1264 3704 doctrinae
1313 3649 1367 3707 tes
1381 3633 1644 3725 gubernatores,
1668 3632 1699 3701 si
1715 3632 1842 3704 volunt
1855 3657 1875 3704 a
1890 3635 2047 3724 privatae
2062 3637 2301 3714 institutionis

279 3777 466 3865 praecepta
485 3761 684 3830 decantare.
740 3744 818 3816 Hos
840 3743 903 3839 qui
925 3738 1090 3834 privatim
1112 3733 1266 3826 respicit,
1313 3735 1451 3824 legibus
1474 3736 1599 3827 procul
1617 3748 1701 3805 aunt
1721 3733 1867 3820 remoti,
1891 3749 1925 3806 et
1950 3735 1990 3808 in
2012 3738 2192 3811 curriculo
2215 3763 2302 3813 suo-

283 3885 453 3943 eteomm
470 3857 643 3931 rationem
660 3845 789 3932 habet,
811 3856 984 3914 cessantes
1000 3837 1205 3918 extimulat,
1230 3847 1263 3904 et
1314 3859 1396 3908 mm
1427 3836 1628 3908 studiorum
1653 3834 1835 3906 liberrime
1863 3849 2067 3924 versantur,
2114 3842 2208 3910 nulli
2235 3860 2303 3917 aut

281 3975 325 4045 ad
342 3985 473 4040 munus
489 3959 545 4030 sui
557 3951 689 4027 laboris
704 3945 947 4042 exequendum
960 3941 1102 4033 publice
1128 3950 1162 4008 et
1190 3936 1267 4030 pri·
1315 3951 1410 4010 certo
1424 3930 1611 4007 habitandi
1624 3935 1716 4022 loco,
1738 3948 1801 4006 aut
1812 3935 1894 4025 legi,
1907 3957 1999 4030 quae
2012 3939 2179 4016 discenda
2195 3967 2303 4035 prae.

283 4071 393 4145 valim
411 4062 525 4137 redire
542 4051 733 4146 compellit,
748 4063 784 4120 et
799 4045 1027 4117 detestatione
1042 4043 1087 4112 ad
1102 4039 1265 4132 volupta-
1314 4039 1462 4124 scribat,
1501 4037 1654 4126 alligati,
1690 4037 1752 4107 sed
1784 4035 1876 4124 sibi,
1923 4053 1958 4110 et
1989 4040 2152 4130 publicae
2183 4049 2303 4118 nostri

283 4178 330 4249 tis
345 4168 545 4261 amplerum
567 4154 789 4236 delabentes,
813 4149 851 4216 in
873 4148 989 4216 locum
1011 4145 1188 4212 desertum
1210 4161 1267 4209 rc·
1317 4137 1505 4234 Gymnasii
1533 4138 1741 4230 disciplinae
1768 4137 1905 4219 relicti,
1939 4163 2037 4211 suam
2070 4155 2147 4212 tum
2173 4147 2300 4237 vitam,

284 4271 413 4358 trahit,
437 4280 473 4339 et
485 4264 531 4335 ad
545 4257 663 4333 officii·
677 4265 792 4348 partes
818 4263 853 4320 et
880 4245 1061 4317 meliorem
1076 4243 1212 4332 frugem
1229 4262 1266 4310 se
1315 4255 1391 4312 tum
1407 4239 1567 4310 discendi
1583 4239 1769 4318 rationem,
1794 4252 1834 4310 ut
1850 4241 1988 4326 volunt,
2013 4247 2107 4334 quod
2126 4246 2301 4319 libertatis

285 4379 417 4451 referre
429 4365 542 4458 cogit,
563 4359 716 4451 facitque
730 4367 770 4426 ut
785 4350 947 4444 publicae
961 4341 1111 4418 Scholae
1131 4342 1186 4413 sui
1202 4365 1266 4413 au·
1316 4355 1369 4413 est
1395 4339 1600 4433 proprium,
1644 4340 1848 4412 instituunt.
1919 4339 2015 4412 Hinc
2040 4345 2143 4415 facile
2174 4349 2300 4443 liquet,

286 4481 420 4554 ditores
444 4485 479 4543 et
505 4460 671 4554 discipuli
693 4458 782 4541 sint,
807 4466 841 4524 et
856 4451 1001 4545 quidem
1014 4447 1121 4531 tales,
1143 4443 1207 4538 qui
1221 4443 1267 4512 ad
1315 4465 1421 4538 quarn
1441 4443 1541 4512 nulla
1557 4466 1575 4512 a
1594 4442 1700 4512 nobis
1716 4441 1761 4512 sit
1775 4436 1861 4512 huic
1880 4443 2121 4516 criminationi
2140 4449 2222 4518 data
2239 4473 2302 4520 oc-

286 4573 510 4656 obedieutiaa
530 4567 623 4655 leges
642 4573 677 4630 et
704 4579 843 4628 momm
864 4550 1088 4644 disciplinam
1112 4559 1195 4616 sunt
1218 4543 1267 4616 ita
1317 4545 1435 4630 casio,
1461 4558 1495 4615 et
1510 4543 1629 4614 omnia
1646 4566 1736 4637 quae
1758 4542 1892 4615 faciunt
1907 4546 1951 4615 ad
1968 4546 2132 4637 publicae
2149 4545 2300 4622 scholae

288 4675 488 4759 assuefacti,
517 4681 560 4739 ut
579 4661 708 4736 artium
733 4672 765 4729 et
789 4657 958 4724 virtutum
982 4649 1177 4721 doctrinam
1202 4668 1267 4714 uec
1317 4647 1477 4729 laudem,
1517 4659 1551 4716 et
1574 4644 1799 4734 dignitatem,
1838 4668 1905 4718 nos
1922 4647 2013 4734 lide,
2048 4661 2086 4720 et
2106 4650 2302 4741 diligentia,

289 4781 394 4854 iuviti
418 4775 582 4852 audiant,
619 4787 685 4850 uec
708 4757 879 4849 gravatim
902 4753 1037 4836 colant,
1072 4763 1191 4819 utrum
1217 4740 1267 4826 hit
1316 4747 1587 4842 quodebemus,
1610 4749 1964 4836 etpossnmustueri.
2031 4781 2033 4786 ·
2070 4801 2088 4830 ,

289 4884 351 4978 qui
367 4882 426 4950 illa
443 4875 598 4944 efficiunt
614 4863 747 4952 aliquid
765 4861 808 4928 de
821 4853 957 4925 honore
979 4851 1139 4952 publicae
1155 4842 1268 4918 Scho-
1417 4844 1537 4936 Habes
1551 4847 1685 4938 optime
1693 4843 1818 4916 Lector
1832 4869 1951 4919 causas
1965 4849 2184 4943 disciplinae,
2203 4856 2301 4944 apud

290 4987 346 5056 lae
360 4979 576 5053 diminuere,
601 4981 635 5038 et
658 4967 702 5034 de
720 4959 893 5050 dignitate
915 4956 989 5024 eius
1013 4945 1195 5023 detrahere
1212 4947 1268 5017 vi·
1317 4970 1383 5018 nos
1398 4947 1436 5016 in
1452 4941 1580 5018 Schola
1594 4941 1841 5038 Philosophiae
1863 4949 2061 5037 restitutae,
2086 4961 2121 5024 et
2135 4956 2299 5026 ordinem

291 5089 438 5164 dentur,
464 5099 510 5146 an
524 5069 641 5162 potius
655 5067 752 5136 illam
766 5058 920 5132 officiose
935 5055 1039 5139 tueri,
1067 5067 1100 5123 et
1117 5050 1268 5138 diligen·
1318 5064 1393 5121 tum
1417 5050 1587 5135 docendi,
1612 5062 1689 5120 tum
1712 5048 1890 5146 discendi,
1913 5065 1950 5123 et
1968 5053 2143 5138 rationes,
2169 5057 2300 5148 quibua

223 5203 226 5210 ’
290 5202 345 5260 ter
357 5169 588 5253 conservare?
628 5165 697 5236 Hic
713 5176 852 5234 nostrae
867 5159 1021 5251 privatae
1036 5150 1269 5224 institutionis
1318 5151 1555 5222 adolescentes
1594 5173 1720 5242 pamm
1750 5150 1838 5220 boni
1870 5152 2034 5245 impulsi,
2080 5173 2298 5247 praesentem

291 5305 436 5378 etopus,
473 5274 532 5347 hic
549 5269 631 5339 linis
652 5280 720 5349 est,
749 5277 783 5335 et
805 5260 872 5332 fuit
893 5256 1013 5331 eterit
1035 5275 1190 5346 semper,
1222 5253 1268 5322 ad
1291 5220 1295 5288 A
1317 5246 1469 5325 Scholae
1482 5265 1623 5322 nostrae
1636 5264 1765 5323 statum
1780 5251 1942 5345 improbe
1956 5255 2238 5343 calumnientur,
2266 5270 2301 5329 et

294 5411 399 5483 quem
422 5373 620 5456 imitatione
647 5379 682 5439 et
703 5364 864 5456 exemplo
880 5357 1153 5434 Academiarum
1178 5354 1268 5424 bene
1316 5351 1491 5425 malitiose
1508 5352 1719 5442 deforment,
1742 5377 1896 5450 quornm
1912 5365 2009 5430 tanta
2023 5358 2133 5430 animi
2149 5358 2300 5446 inscitia,
