4726 5828
169 357 174 364 .
259 293 332 374 196
908 269 1068 356 DECL.
1106 275 1183 355 DE
1214 273 1403 355 SCALA
1433 271 1628 354 lacos.
2203 279 2275 358 196

211 465 212 470 ’
260 458 442 590 Q
1066 451 1251 576 Q
1319 550 1329 570 ·
1402 449 1498 522 Lcca
1518 446 1831 570 ¹P⁰⁰²5.“¹'⁵⁰¹¹‘’.
1846 449 1886 520 in
1900 450 2081 570 quibnsuse
2092 447 2281 572 Deuscer-

550 651 627 738 De
664 651 791 732 secta
818 643 970 733 Iacob.
1301 550 2281 744 hiffli'dss'iffnii'iiiih‘iim‘dihiiiiffssiiihi-

336 815 368 870 ln
381 809 473 867 select.
485 807 609 865 Deelsm·
622 803 712 869 mv,
725 821 753 874 p.
763 803 816 859 498
828 821 903 878 sqq.,
921 801 1039 865 διτταί.
1049 799 1137 860 mv.
1153 821 1180 876 p.
1188 803 1251 861 452.
1302 753 1454 872 tionem
1486 752 1667 869 dqplmie
1697 753 1802 824 etiam
1832 753 2010 872 miuriafn
2035 755 2172 845 generis
2209 751 2281 826 Μ’

371 876 586 936 animust.
600 877 652 932 tlt.
670 894 698 946 ιι.
712 875 771 930 stt.
1303 877 1412 923 mans.
1463 850 1537 941 Qus
1559 853 1658 923 locus
1680 865 1766 924 tune
1789 848 1934 940 Bethel,
1969 857 2005 925 rd
2027 869 2099 941 est,
2129 857 2283 926 domrcr·

274 1025 403 1094 Oratio
430 1015 478 1092 de
505 1019 613 1091 scula
638 1012 772 1100 lacot,
799 1033 893 1107 quus
913 1011 1107 1084 Ecclesiae
1128 1014 1252 1108 imago
1303 953 1474 1123 gum-liei
1490 965 1577 1023 em:
1603 953 1699 1072 idefu
1720 963 1848 1075 mea.
1861 955 1929 1073 sim
1942 950 2139 1043 Betham'
2162 957 2200 1026 id
2217 969 2283 1042 ’δι’

1330 1054 1526 1124 omrcrlrum
1552 1054 1709 1140 scetem,
1732 1079 1811 1126 cum
1836 1057 1889 1126 abr
1904 1057 2090 1128 lerobcam
2111 1057 2283 1128 collocas-

626 1126 704 1211 ffli
729 1119 818 1186 ⁶²²⁸·
837 1111 900 1188 ²3·
1306 1165 1356 1223 set
1371 1177 1516 1224 aureum
1541 1155 1716 1240 vitulum,
1741 1169 1776 1228 et
1789 1156 1956 1226 sacrificia
1973 1158 2083 1248 impia
2105 1157 2284 1228 instituis·

274 1254 526 1342 (lenissimum
548 1279 617 1352 est,
648 1287 723 1334 non
741 1275 880 1335 tantum
894 1255 1066 1344 ¹humanis
1096 1261 1253 1332 consiliis
1305 1269 1375 1339 set,
1408 1267 1443 1324 et
1463 1268 1582 1347 postea
1603 1253 1818 1327 Samaritani
1844 1257 1896 1328 ibi
1918 1251 2080 1329 ethnicos
2102 1257 2192 1329 ritus
2215 1259 2284 1330 ob-

273 1367 469 1442 Eeclesiam
486 1382 604 1440 coetus
619 1365 820 1437 docentium
833 1385 871 1432 ac
885 1361 1093 1431 discentium
1108 1364 1253 1447 servari,
1305 1370 1499 1428 servarunt.
1549 1351 1620 1424 Hic
1638 1357 1848 1446 cogitemus,
1878 1381 1987 1450 quarn
2008 1357 2203 1430 dolendum
2226 1359 2286 1448 sit,

277 1474 339 1541 sed
363 1467 568 1541 filium·Dei
592 1469 768 1536 sedentem
791 1465 835 1532 ad
858 1463 1015 1530 dextram
1036 1463 1170 1533 aeterni
1191 1486 1254 1554 pa·
1305 1479 1442 1525 summa
1460 1453 1527 1526 Dei
1540 1456 1706 1526 beneficis
1724 1481 1746 1527 a
1765 1457 1913 1549 posteris
1937 1471 2159 1545 sanctorum,
2182 1459 2285 1544 luxu,

276 1570 363 1658 tris,
388 1571 444 1640 sui
466 1569 633 1660 agminis,
660 1582 693 1637 et
715 1561 823 1634 huius
837 1557 1005 1632 honestae
1020 1563 1253 1633 consociatio.
1305 1556 1519 1640 ambitione,
1559 1557 1760 1627 curiositate
1789 1559 1941 1630 efferatis
1967 1560 2126 1632 furenter
2154 1561 2285 1637 excuti.

277 1671 337 1742 nis
360 1672 538 1743 custodem
561 1690 645 1740 esse.
697 1662 818 1753 Quare
854 1661 922 1753 ipsi
951 1662 1079 1751 gratias
1107 1664 1254 1751 agimus,
1307 1655 1350 1726 ln
1380 1657 1442 1727 illa
1470 1657 1580 1747 igitur
1608 1659 1855 1729 amoenissima
1887 1673 1985 1750 parte
2014 1674 2149 1744 terrae,
2190 1685 2285 1753 quae

280 1773 377 1864 quod
407 1784 442 1842 et
472 1769 607 1858 colligit
627 1768 720 1838 inter
746 1787 811 1834 nos
831 1759 1044 1852 Ecclesiam,
1075 1777 1109 1833 et
1138 1766 1255 1834 studia
1307 1771 1426 1849 postea
1441 1766 1538 1828 sedes
1554 1758 1624 1828 fuit
1640 1758 1794 1832 filiorum
1805 1754 1993 1851 Ephraim,
2016 1784 2096 1831 cum
2112 1761 2286 1850 defatiga-

279 1872 522 1942 doctrinarum
550 1891 624 1938 non
656 1867 741 1937 sinit
776 1863 948 1951 extingui:
991 1885 1142 1956 eumque
1178 1877 1253 1935 toto
1306 1871 1368 1928 tus
1385 1856 1510 1943 iacob,
1533 1882 1608 1927 non
1630 1860 1746 1928 solum
1768 1860 1890 1929 labore
1912 1859 2069 1945 itineris,
2091 1862 2152 1930 sed
2175 1863 2284 1931 etiam

278 1984 420 2062 pectore
443 1991 601 2052 oramus,
626 1983 666 2039 ut
686 1967 790 2036 nobis
811 1964 920 2049 adsit,
946 1975 981 2032 et
994 1985 1059 2033 nos
1073 1977 1190 2053 regat,
1215 1989 1255 2035 ac
1307 1958 1520 2046 cogitatione
1551 1959 1648 2028 exilii
1674 1961 1732 2029 sui
1761 1973 1796 2030 et
1822 1983 2072 2032 aerumnarum
2092 1957 2285 2046 Ecclesiae,

278 2084 423 2143 tueatur
439 2070 620 2139 doctrinae
634 2069 761 2138 studia.
1307 2074 1409 2128 nocte
1433 2082 1557 2129 somno
1579 2081 1766 2152 oppressus
1788 2075 1896 2144 esset,
1920 2061 2011 2129 vidit
2033 2059 2161 2129 scalam
2185 2075 2286 2132 stan-

381 2169 472 2241 Cum
497 2182 613 2238 autem
637 2169 676 2235 in
702 2163 758 2236 his
791 2163 1035 2252 congressibus
1063 2175 1254 2257 utrumque
1309 2173 1377 2230 tem
1393 2161 1432 2229 in
1447 2173 1558 2246 terra,
1578 2174 1612 2230 et
1625 2161 1806 2230 cacumine
1821 2159 1958 2230 coelum
1974 2160 2222 2249 attingentem:
2248 2175 2285 2235 et

277 2272 357 2342 fieri
374 2273 512 2354 deceat,
534 2267 904 2338 commonefactionem
919 2267 963 2333 de
985 2264 1165 2334 doetrinae
1180 2279 1255 2336 stu·
1306 2263 1345 2331 in
1361 2263 1452 2332 scala
1467 2262 1611 2348 angelos
1626 2263 1812 2331 ascendere
1836 2264 1871 2329 e't
1892 2261 2125 2346 descendere,
2149 2275 2186 2331 et
2202 2263 2284 2333 Do·

277 2373 367 2454 diis,
394 2382 428 2438 et
442 2369 696 2460 precationem,
724 2380 757 2435 et
770 2366 856 2434 alias
870 2387 910 2433 ex
925 2364 1004 2433 aliis
1020 2365 1177 2434 materiis
1193 2388 1255 2436 su·
1307 2364 1443 2433 minum
1466 2375 1615 2432 stantem
1640 2361 1679 2429 in
1703 2363 1814 2432 scalae
1834 2361 1993 2450 fastigio,
2019 2373 2054 2430 et
2073 2363 2286 2452 promissio·

277 2472 407 2540 menda
421 2471 466 2539 sit
482 2465 788 2546 commonefactio,
813 2487 909 2533 nunc
931 2487 1129 2553 proponere
1152 2467 1255 2535 vobis
1306 2487 1369 2533 nes
1402 2463 1633 2553 amplissimas
1664 2464 1842 2532 edentem:
1885 2457 1962 2551 Ego
1992 2483 2071 2531 snm
2104 2458 2286 2536 Dominus

276 2567 462 2642 historiam
476 2571 520 2638 de
532 2566 632 2639 Scala
647 2578 828 2658 conspecta
844 2589 863 2632 a
878 2564 985 2632 Iacob
998 2563 1149 2646 decrevi,
1165 2589 1254 2657 quae
1305 2561 1403 2634 Deus
1421 2558 1623 2647 Abraham,
1648 2586 1708 2631 ero
1726 2575 1843 2633 eustos
1859 2574 1951 2644 tuus,
1977 2574 2012 2631 et
2027 2564 2193 2634 reducam
2211 2579 2257 2634 te.

275 2673 468 2742 multarum
492 2690 696 2756 magnarum
720 2687 838 2735 rernm
867 2661 1063 2733 doctrinam
1088 2665 1254 2736 continet.
1406 2662 1512 2734 Iacob
1533 2677 1770 2754 experrectus,
1794 2662 1903 2734 sensit
1919 2663 2062 2732 divinos
2082 2677 2219 2749 motus,
2247 2680 2287 2738 et

275 2769 438 2862 Cumque
449 2768 634 2860 praecipue
646 2769 690 2837 ad
708 2765 885 2836 docendos
899 2776 934 2833 et
950 2764 1150 2834 excitandos
1163 2767 1255 2835 ado·
1306 2763 1380 2833 Deo
1395 2765 1524 2854 gratias
1537 2765 1628 2853 agit,
1654 2763 1812 2852 agnoscit
1824 2757 1920 2833 bunc
1938 2763 2055 2854 ipsum
2072 2764 2188 2834 locum
2201 2765 2285 2837 fore
2309 2779 2310 2784 ’

235 2890 244 2901 ·
276 2872 446 2940 lescentes
469 2863 534 2936 hae
556 2867 733 2937 orationes
754 2860 971 2943 habeantur,
1006 2858 1098 2932 hanc
1119 2869 1253 2956 sumpsi
1305 2863 1481 2934 Ecclesiae
1501 2863 1712 2952 hospitium:
1742 2875 1775 2932 et
1797 2863 1970 2952 oppidum
1993 2864 2090 2955 quod
2111 2877 2213 2936 antea
2236 2867 2286 2938 ab

278 2971 539 3052 narrationem,
563 2981 601 3036 ut
623 2967 724 3058 quasi
744 2965 933 3050 imaginem
955 2975 989 3031 et
1010 2965 1185 3052 picturam
1209 2969 1253 3036 de
1304 2967 1430 3033 arbore
1454 2958 1652 3056 Amygdalo
1674 2986 1805 3032 nomen
1828 2957 1981 3035 habehat
2001 2962 2115 3045 Lusa,
2146 2979 2286 3038 mutato

276 3071 382 3141 rebus
406 3065 568 3137 maximis
589 3064 763 3135 iuventuti
788 3084 1042 3153 proponerem,
1068 3081 1159 3152 quae
1173 3087 1253 3156 spe·
1304 3065 1449 3134 nomine
1463 3065 1683 3154 nuncupavit
1697 3060 1853 3134 Domum
1861 3062 1939 3149 Ilei,
1954 3077 1988 3136 et
2002 3077 2140 3156 portam
2155 3067 2259 3143 coeli.

275 3167 408 3242 ctacula
428 3169 468 3237 in
491 3167 612 3234 oculos
634 3162 848 3234 incurrentia
874 3161 984 3249 magis
1007 3173 1120 3244 amat,
1146 3187 1251 3255 quam
1405 3164 1497 3234 Tota
1519 3165 1675 3233 narratio
1697 3165 1802 3256 plena
1826 3177 1878 3234 est
1895 3163 2178 3236 dulcissimarum
2195 3191 2288 3238 con-

274 3270 363 3340 alias
377 3264 541 3336 materias
557 3278 651 3335 extra
667 3276 890 3352 conspectum
907 3262 1048 3350 positas.
1101 3261 1155 3330 Ac
1169 3287 1252 3354 pro·
1304 3268 1447 3336 cinnum
1471 3278 1504 3334 et
1519 3264 1829 3353 significationum.
1877 3260 1955 3336 Etsi
1970 3277 2086 3335 autem
2101 3261 2285 3340 exhauriri

272 3369 401 3446 destin
413 3366 574 3435 omnium
589 3363 715 3434 animis
729 3364 776 3434 ali
788 3376 821 3432 et
838 3361 1037 3430 confirmari
1052 3363 1251 3436 doctrinam
1303 3365 1499 3456 amplitudo
1515 3359 1642 3434 harum
1658 3387 1778 3436 rerum
1795 3386 1869 3433 non
1886 3379 2019 3455 potest,
2046 3377 2164 3435 tamen
2179 3392 2288 3459 prae·

274 3471 320 3540 de
335 3465 505 3551 Ecclesia,
532 3479 566 3536 et
583 3487 735 3534 amorem
748 3460 943 3534 Ecclesiae:
970 3464 1064 3553 quod
1088 3463 1128 3532 fit
1144 3464 1249 3534 etiam
1303 3468 1405 3557 cipua
1426 3466 1539 3555 capita
1563 3466 1745 3553 attingam.
1797 3462 1989 3536 Patelaetio
2014 3466 2288 3541 divinarecita·

273 3565 382 3641 huius
413 3568 523 3636 scalae
554 3565 844 3644 consideratione.
904 3559 1115 3655 Priusquam
1143 3565 1248 3634 etiam
1304 3581 1380 3648 tur,
1407 3565 1446 3634 in
1469 3587 1538 3656 qua
1560 3565 1747 3646 discimus,
1778 3559 1973 3635 Ecclesiam
1997 3589 2080 3635 vere
2100 3571 2287 3642 conditam

273 3668 531 3740 enarrationem
545 3666 697 3755 incipio,
720 3687 784 3734 vos
809 3657 979 3733 adhortor
1002 3661 1251 3750 adolescentes,
1302 3689 1376 3737 esse
1393 3690 1412 3736 a
1430 3661 1526 3749 Deo,
1552 3676 1587 3734 et
1601 3663 1794 3734 certissime
1812 3687 1879 3734 nos
1902 3666 1940 3732 in
1954 3661 2112 3736 Ecclesia
2129 3668 2161 3735 ei
2177 3695 2287 3743 curae

271 3783 314 3840 ut
327 3765 510 3839 historiam
525 3768 592 3857 ipsi
608 3765 789 3835 vobiscum
806 3763 1009 3854 cogitantes,
1025 3763 1142 3832 sciatis
1157 3759 1250 3836 hanc
1301 3791 1392 3838 esse:
1417 3777 1452 3834 et
1469 3787 1606 3854 semper
1617 3761 1811 3834 Ecclesiam
1826 3787 1845 3834 a
1860 3761 1937 3835 Deo
1951 3766 2096 3839 servari.
2129 3766 2290 3860 Deinde,

273 3869 401 3938 scalam
410 3865 601 3936 Ecclesiam
610 3861 678 3934 Dei
691 3884 777 3949 esse,
798 3887 839 3932 ae
862 3862 1020 3951 singulos
1033 3879 1194 3954 oportere
1211 3867 1249 3935 in
1301 3868 1387 3961 quid
1409 3865 1454 3935 sit
1476 3861 1654 3951 Ecclesia,
1685 3878 1721 3935 et
1743 3864 1873 3958 quibus
1895 3867 2075 3935 beneficiis
2094 3873 2240 3960 proprie
2264 3897 2288 3944 a

270 3965 711 4059 hisgradibusconsistere,
728 3965 914 4034 ascendere
925 3965 1190 4053 etdescendere,
1206 3982 1247 4040 ut
1299 3966 1376 4041 Deo
1399 3967 1529 4037 donata
1552 3969 1618 4050 sit,
1644 3979 1679 4036 et
1701 3965 1879 4058 quomodo
1904 3979 2054 4055 regatur.
2106 3965 2204 4041 Haec
2224 3995 2288 4043 sa-

272 4062 682 4157 deangelishicdicitur.
709 4064 955 4156 ltaquemcnte
969 4076 1002 4133 et
1012 4067 1104 4135 votis
1117 4068 1156 4136 in
1170 4093 1246 4139 eam
1299 4067 1452 4161 pientia,
1478 4087 1569 4160 quse
1590 4079 1626 4135 et
1648 4063 1763 4136 Deum
1794 4067 1968 4152 ostendit,
2001 4080 2035 4137 et
2062 4069 2205 4160 propria
2237 4095 2287 4144 ac

273 4171 402 4242 scalam
418 4168 580 4251 insistite,
605 4181 639 4236 et
653 4189 749 4237 nunc
763 4187 904 4258 quoque
919 4163 1014 4235 inter
1028 4165 1247 4258 discendum,
1298 4165 1515 4242 aeternaDei
1528 4165 1695 4237 beneficia
1710 4166 1836 4250 adfert,
1848 4166 1953 4256 longe
1964 4179 2105 4258 superat
2117 4170 2285 4243 omnium

271 4275 316 4341 ad
334 4269 448 4342 Deum
463 4268 657 4350 ascendite,
681 4289 721 4334 ar
733 4264 858 4356 petite,
882 4276 923 4334 ut
936 4287 998 4334 vos
1013 4280 1110 4355 regat
1124 4283 1157 4339 et
1172 4291 1245 4341 ser·
1297 4269 1637 4364 sapientissimorum
1677 4262 1864 4337 hominum
1898 4267 2148 4355 cogitationes,
2190 4295 2285 4365 quas

272 4384 342 4444 vet.
392 4365 496 4438 Nune
518 4369 560 4436 ad
588 4361 772 4438 historiam
795 4366 942 4446 accedo,
976 4366 1112 4459 inqua
1145 4373 1245 4442 vobis
1297 4374 1388 4443 acies
1411 4367 1561 4466 humani
1588 4367 1726 4460 ingenii
1749 4367 1826 4438 sine
1847 4359 1914 4436 hac
1938 4368 2016 4438 luce
2033 4369 2194 4441 invenire
2209 4373 2285 4441 mi-

271 4473 334 4564 qui
348 4467 496 4562 bnesta
512 4468 646 4554 colitis,
670 4465 767 4554 regio
785 4480 818 4536 et
830 4465 1042 4557 oppidorum
1059 4468 1244 4543 intervalla
1295 4476 1393 4544 nime
1410 4485 1534 4562 potest.

269 4572 402 4644 sintin
425 4582 630 4659 conspectu,
661 4579 696 4637 et
717 4567 825 4659 ‚qnasi
847 4566 992 4639 comites
1014 4568 1122 4639 simus
1143 4571 1243 4643 istius
1396 4572 1558 4643 Primum
1587 4585 1704 4644 autem
1741 4568 1779 4637 in
1807 4563 1864 4637 his
1897 4569 2161 4642 narrationibus
2191 4595 2284 4642 con-

267 4673 338 4741 viri
353 4669 498 4763 optimi,
522 4668 773 4760 proficiscentis
788 4666 828 4735 in
847 4664 991 4736 exilium
1005 4681 1102 4739 metu
1116 4672 1243 4748 frater·
1293 4673 1457 4744 firmatur
1476 4696 1577 4742 mens
1599 4669 1813 4742 testimoniis
1845 4671 2092 4759 patefactionis
2122 4673 2282 4751 divinae.

266 4795 334 4842 rrae
365 4770 591 4843 crudelitatis.
650 4765 842 4854 Habitabat
873 4764 970 4837 Isaac
998 4789 1102 4838 senex
1129 4771 1167 4840 in
1201 4797 1241 4842 eo
1293 4771 1377 4844 Ideo
1397 4797 1433 4843 se
1452 4773 1607 4844 ostendit
1620 4769 1717 4842 Deus
1733 4771 1893 4862 patribus
1908 4771 2012 4840 certis
2028 4785 2062 4842 et
2076 4772 2282 4846 illustribus

265 4885 400 4957 tractu,
424 4872 486 4967 qui
507 4883 626 4959 postea
653 4867 719 4938 fuit
739 4869 837 4938 sedes
858 4868 972 4938 tribus
989 4865 1099 4948 'luda
1131 4895 1240 4962 prope
1285 4871 1521 4946 testimoniis:
1549 4888 1588 4944 ut
1611 4866 1777 4944 Abrahae
1798 4869 1973 4963 promittit
1995 4871 2129 4960 lilium,
2160 4896 2201 4942 cx
2224 4879 2282 4946 ef-

262 4967 422 5058 Hebron,
434 4971 517 5040 inde
533 4970 755 5060 proficiscens
770 4966 875 5039 iacob
890 4965 1239 5060 versusSeptentrio-
1291 4975 1382 5045 loeta
1406 4987 1440 5042 et
1466 4974 1576 5044 sterili
1600 4997 1690 5057 anu,
1714 4984 1755 5042 ut
1777 4972 1927 5042 sciamus
1942 4994 2023 5042 vere
2037 4970 2155 5043 Deum
2172 4975 2282 5045 colli·

260 5097 344 5142 nem
371 5087 404 5144 et
424 5091 605 5154 occasum,
640 5071 682 5140 ad
705 5069 822 5138 locum
846 5069 909 5137 ubi
934 5083 1053 5158 postea
1072 5071 1237 5146 -Samaria
1290 5097 1370 5166 gere
1385 5069 1599 5160 Ecclesiam,
1624 5087 1658 5144 et
1673 5073 1711 5140 in
1728 5093 1767 5140 ea
1785 5071 1917 5152 adesse,
1944 5095 2046 5163 opem
2063 5074 2277 5147 ferreinvo-

152 5171 154 5174 ’
255 5175 335 5258 fnit,
350 5198 439 5268 quae
452 5170 601 5240 distabat
615 5183 695 5240 octo
711 5168 841 5240 nostris
854 5169 1237 5245 miliaribusaleroso·
1289 5175 1470 5254 cantibus,
1503 5185 1537 5243 et
1560 5173 1714 5262 recipere
1738 5194 1815 5257 eos,
1849 5186 1884 5244 et
1906 5174 2059 5244 aeternis
2080 5175 2189 5245 bonis
2210 5201 2275 5247 or·-

251 5277 360 5372 lyma.
411 5271 563 5364 ruitque
585 5271 833 5342 amoenissima
854 5289 935 5359 pars
957 5269 1229 5349 totiusPatent.
1287 5301 1383 5350 nare..
1434 5270 1590 5362 Agamus
1610 5273 1720 5361 igitur
1739 5269 1815 5344 Deo
1839 5271 1968 5361 gratias
1992 5263 2059 5365 pre
2081 5269 2138 5346 his
2169 5290 2274 5368 pate-

205 5425 208 5432 -
247 5401 335 5466 nae,
358 5402 464 5474 quam
475 5386 596 5467 postea
614 5371 727 5446 tribus
743 5365 915 5463 Ephraim
934 5371 1100 5466 possedit.
1285 5375 1516 5462 factionibus,
1540 5387 1574 5444 et
1590 5374 1740 5446 sciamus
1756 5397 1812 5446 eas
1834 5375 1877 5444 ad
1904 5393 1971 5446 nos
1992 5399 2134 5472 quoqne
2157 5379 2275 5472 perti-
