4606 5822
185 240 262 312 soa
964 180 1446 314 urseurtrtouus
1637 237 1641 244 ·
1716 297 1724 306 .
2145 253 2231 332 504

293 407 353 480 21.
387 401 552 478 Christus
565 403 731 478 Pontifex
743 403 860 498 placet
876 429 940 500 per
955 429 1005 491 sc,
1029 409 1184 502 etoffcrt
1335 409 1399 488 40.
1431 407 1745 488 neocosmum
1767 417 1980 494 heurbcium
1998 417 2136 506 haberit
2158 423 2233 498 bo-

188 511 287 585 sua'm
305 509 543 580 obedientiam
564 505 680 594 Patri,
705 508 765 578 sed
779 509 952 602 proeliis.
1234 513 1368 602 mines,
1394 537 1501 608 quam
1516 515 1573 587 ius
1585 519 1789 602 sacerdotii,
1813 546 1886 615 quo
1898 524 1990 598 bum
2003 528 2234 620 propriatim

291 611 355 686 24.
382 609 522 697 Sancti,
548 609 614 680 etsi
627 621 711 682 sunt
725 606 951 692 Sacerdotes,
977 621 1096 684 tamen
1109 635 1186 684 nou
1235 611 1305 688 Dei
1320 629 1355 686 rt
1370 613 1542 704 cultores,
1561 629 1596 690 et
1608 621 1774 712 proprius
1791 625 1946 716 populus
1959 623 2039 698 Dei.

189 719 334 810 placant
345 737 409 806 per
422 737 477 799 se,
502 713 563 782 sed
580 735 645 806 per
653 704 861 788 Pontificem
875 705 1080 797 Christum,
1104 737 1185 786 cum
1338 716 1402 789 41.
1432 715 1511 788 Huc
1524 741 1703 792 summum
1721 720 1932 798 beneficium
1954 727 2129 802 abiiciunt
2155 731 2236 818 isti,

192 821 260 888 tide
277 814 455 908 accipiunt
471 814 626 886 fructum
641 811 805 886 sacrificii
821 807 968 890 Christi.
1236 817 1297 912 qui
1313 841 1388 889 uon
1401 818 1588 908 invocant,
1612 821 1676 916 qui
1689 822 1888 915 desperant.

216 911 221 916 ’
293 913 354 992 25.
387 913 553 988 Christus
569 913 732 986 Pontifex
754 906 861 986 babet
879 928 1061 1012 utrunque
1079 917 1188 988 sacri-
1339 917 1401 994 42.
1434 918 1555 1010 Quare
1567 935 1714 995 utamur
1729 923 1994 1016 beneficiollei,
2016 942 2051 1002 et
2065 932 2144 1004 iure
2161 955 2238 1001 no-

191 1021 310 1092 brium
326 1020 524 1114 proprium.
1237 1018 1292 1091 bis
1306 1021 1456 1101 donato,
1482 1035 1517 1093 et
1531 1020 1758 1097 exhibeamus
1773 1041 1910 1101 nostras
1922 1024 2073 1118 hostias,
2097 1033 2237 1103 videli-

294 1121 358 1198 26.
391 1119 517 1194 Sancti
531 1143 607 1190 non
622 1115 755 1192 habent
770 1119 957 1214 proprium
977 1119 1187 1192 morihrium
1237 1135 1291 1194 cet
1324 1122 1449 1210 tidem,
1500 1124 1783 1217 invocationem,
1824 1133 2018 1222 gratiarum
2043 1134 2239 1222 actionem,

192 1223 500 1322 propiciatorium.
557 1220 631 1295 Nec
653 1221 795 1314 placant
818 1245 882 1294 suo
904 1222 1095 1309 sacrificio,
1125 1223 1188 1294 sed
1238 1223 1494 1310 obedientiam,
1517 1225 1615 1298 iusta
1627 1231 1795 1302 mandata
1810 1231 1890 1303 Dei.

193 1329 333 1414 alieno,
358 1327 455 1422 quod
471 1339 589 1397 tamen
603 1346 719 1418 neque
735 1323 805 1416 ipsi
821 1323 996 1404 offerunt.
1021 1325 1082 1396 sed
1106 1338 1188 1396 tan-
1339 1323 1401 1398 43.
1436 1321 1513 1397 Etsi
1528 1351 1619 1421 aqua
1636 1323 1818 1422 sphaerica
1832 1347 1903 1419 est,
1928 1347 2046 1404 tamen
2068 1335 2189 1405 lineae
2214 1361 2237 1406 a

193 1445 271 1503 tum
284 1428 465 1521 accipiunt
481 1427 551 1498 lide
565 1425 719 1496 l'ructum
735 1426 845 1496 alieni
862 1425 1039 1500 sacrificii.
1237 1438 1359 1498 centro
1384 1427 1511 1498 ductae
1532 1431 1578 1499 ad
1601 1430 1780 1522 proximas
1804 1457 1912 1528 aquas
1935 1436 2117 1506 breviores
2133 1451 2238 1522 sunt,

298 1529 361 1606 27.
391 1528 514 1602 Sancti
530 1521 663 1600 habent
683 1527 827 1620 propria
850 1526 1018 1628 specificis
1041 1521 1188 1621 εὔχαρι·
1238 1549 1342 1622 quarn
1374 1549 1465 1622 quae
1497 1533 1541 1599 ad
1571 1545 1766 1603 extremum
1787 1557 1905 1622 mare,
1937 1537 2104 1628 aprimis
2128 1539 2239 1633 aquia

196 1627 325 1719 mot,
358 1655 448 1727 quae
463 1630 582 1702 valeut
594 1640 742 1724 propter
761 1627 886 1718 fidem,
919 1653 993 1702 nou
1017 1651 1059 1699 ex
1082 1649 1189 1720 opere
1238 1631 1437 1716 ducuntur,
1461 1643 1504 1701 ut
1517 1628 1657 1704 Plinius
1671 1633 1731 1734 ait.

193 1749 350 1830 operato.
935 1768 938 1777 ’

297 1835 360 1910 28.
391 1831 542 1906 Nullum
558 1845 610 1906 est
624 1833 720 1934 enim
736 1832 820 1902 novi
836 1829 1058 1912 Testamenti
1079 1831 1188 1904 sacri
1264 1863 1387 1964 (ΧΗ)
1425 1871 1533 1942 ma
1558 1867 1851 1968 ‘mmmm
1882 1797 1940 1947 'db
1964 1879 2210 1948 mmmm

195 1941 374 2115 cur
389 1946 680 2120 statuat,
1154 2046 1189 2106 .
1602 1975 1707 2064 <u
1836 1977 1875 2048 τ·
1980 2005 2011 2064 v·
2026 1983 2119 2062 α)

194 2143 417 2218 adflictiones
428 2138 550 2210 valent
565 2161 628 2232 per
640 2138 768 2222 fidem,
792 2159 874 2208 cum
889 2140 997 2207 eorda
1012 2127 1187 2229 perterre-
1236 2119 1281 2205 N
1282 2135 1439 2208 orationi
1467 2161 1541 2208 non
1569 2151 1663 2209 recte
1684 2151 1890 2224 senserunt,
1921 2139 2068 2230 relapsis
2083 2153 2236 2232 peccata

195 2248 285 2318 iacta
302 2242 507 2334 eriguntur,
533 2251 568 2312 et
582 2241 732 2310 credunt
747 2259 787 2310 ea
802 2238 1028 2331 placereDeo
1043 2250 1188 2331 propter
1237 2239 1367 2310 iterum
1385 2261 1459 2306 uon
1475 2239 1618 2313 remitti.

195 2341 391 2422 Christum.
1001 2331 1005 2338 ’
1339 2339 1378 2410 2.
1408 2333 1522 2408 Error
1537 2339 1621 2409 iude
1640 2352 1744 2411 uatus
1766 2353 1835 2426 est,
1860 2342 1956 2434 quod
1975 2364 2050 2410 nou
2067 2342 2235 2410 animad-

298 2445 360 2517 80.
395 2440 481 2516 Ideo
494 2438 629 2514 Paulus
643 2441 794 2536 requirit
808 2434 960 2540 λογαιὴν
973 2437 1157 2535 λατρείαν.
1238 2451 1442 2524 verterunt,
1467 2439 1553 2534 quid
1570 2439 1753 2533 Scriptura
1769 2454 1869 2512 vocet
1886 2454 2076 2532 peccatum.

299 2547 362 2621 81.
404 2537 550 2644 Abyssa}
572 2540 723 2638 λατρεία
743 2558 795 2615 est
818 2543 936 2613 cultus
961 2543 1109 2628 mentis,
1147 2543 1187 2614 in
1340 2540 1377 2614 3.
1410 2540 1646 2613 somniarunt
1670 2543 1766 2612 enim
1788 2555 1928 2634 peccata
1952 2543 2069 2612 vocari
2091 2557 2233 2612 tantum

198 2674 270 2746 quo
291 2671 392 2721 mens
414 2645 529 2717 cernit
550 2657 584 2715 ct
605 2643 774 2732 intelligit
796 2643 917 2713 Deum
940 2666 1005 2735 per
1026 2647 1188 2730 verbum,
1238 2655 1381 2714 externa
1398 2641 1590 2714 malefacta.

196 2747 265 2822 hoc
283 2765 353 2837 est,
379 2745 487 2819 habet
504 2745 666 2816 timorem
684 2758 719 2815 et
733 2745 852 2816 fidem.
1340 2743 1377 2814 t.
1407 2740 1457 2814 At
1471 2757 1653 2833 peccatum
1670 2741 1843 2834 significat
1865 2765 1940 2812 uon
1964 2754 2104 2815 tantum
2120 2767 2231 2835 opera

209 2856 215 2872 “
301 2851 362 2926 12.
403 2845 613 2940 Oppouitur
643 2845 752 2938 igitur
780 2839 908 2944 λογικαὶ
940 2841 1090 2942 λατρεία
1114 2867 1187 2914 non
1239 2843 1349 2930 mala,
1374 2845 1559 2915 sedetiam
1573 2856 1737 2916 naturam
1752 2844 1920 2914 viciosum
1935 2859 2116 2918 vacantem
2133 2858 2233 2916 metu

199 2955 314 3024 solum
328 2947 489 3044 pecuinis
504 2947 676 3032 victimis,
700 2947 890 3017 sedetiam
915 2941 1082 3017 humanis
1104 2969 1189 3038 ope·
1238 2943 1327 3031 Dei,
1351 2943 1440 3036 lide,
1464 2967 1505 3014 ac
1521 2941 1854 3038 concupiscentiam.

198 3055 298 3124 ribus
314 3053 392 3122 sine
411 3048 539 3133 serbo,
563 3043 632 3117 hoc
646 3060 715 3134 est,
739 3048 907 3116 mandato
921 3046 992 3114 Dei
1011 3047 1129 3128 iactis,
1155 3059 1190 3117 et
1340 3039 1377 3118 5.
1414 3041 1614 3117 Prudenter
1634 3046 1743 3138 igitur
1765 3045 1969 3139 accipienda
1996 3061 2049 3118 est
2074 3039 2232 3136 vulgaris

199 3154 239 3221 in
268 3175 395 3242 genere
418 3145 615 3241 opponitur
636 3146 804 3215 omnibus
824 3139 990 3215 humanis
1012 3147 1190 3240 operibus,
1239 3143 1428 3216 sententia:
1454 3143 1639 3219 Peccatum
1660 3148 1729 3218 nisi
1748 3146 1992 3218 voluntarium
2014 3161 2122 3228 esset,
2154 3172 2230 3216 non

199 3255 239 3322 in
255 3251 384 3344 quibua
402 3249 530 3319 desunt
543 3246 652 3317 timor
666 3259 702 3317 et
713 3246 810 3316 fides.
1240 3259 1330 3319 esset
1372 3260 1540 3318 erratum.

304 3350 366 3424 35.
392 3347 507 3442 lgitur
520 3369 627 3439 opera
642 3345 874 3419 traditionum
889 3341 1140 3434 humanarum,
1156 3363 1190 3422 et
1342 3269 1377 3421 g.
1409 3345 1459 3420 Ut
1480 3369 1617 3438 semper
1638 3341 1811 3421 habemus
1834 3365 1992 3442 peccata,
2017 3351 2067 3424 ita
2090 3375 2230 3444 semper

199 3451 415 3523 monasticae
450 3449 713 3520 observationes
744 3470 818 3518 nou
853 3465 936 3521 suut
968 3445 1095 3550 λογικὴ
1126 3455 1191 3523 tu·
1240 3473 1329 3542 opus
1346 3444 1515 3520 habemus
1533 3448 1740 3520 remissione
1753 3464 1988 3542 peccatorum.

200 3549 315 3651 τρεία.
1342 3551 1379 3624 7.
1412 3545 1565 3644 Oportet
1579 3548 1687 3638 igitur
1702 3565 1872 3644 perpetuo
1887 3553 2091 3644 contingere
2101 3556 2230 3622 remis-

290 3650 365 3725 st.
397 3649 472 3724 Nee
486 3651 554 3722 alia
569 3651 745 3735 exercitia,
769 3672 835 3721 nec
849 3650 1089 3735 adflictiones,
1115 3653 1191 3723 sine
1242 3652 1379 3722 sionem
1394 3664 1632 3744 peccatorum,
1658 3653 1762 3724 etiam
1778 3677 1858 3724 cum
1882 3667 2023 3726 externa
2046 3655 2228 3726 malefacta

50 3817 55 3822 .
201 3757 329 3827 timore
347 3769 381 3826 et
396 3753 471 3824 sine
485 3749 555 3824 fide
575 3751 838 3824 misericordiae
852 3747 1006 3840 Christi,
1031 3768 1114 3826 sunt
1135 3776 1191 3825 sa-
1229 3777 1314 3824 -non
1331 3748 1535 3824 habeamus.

201 3853 342 3929 crificia.
767 3921 769 3926 .
1263 3919 1266 3926 .
1341 3853 1376 3926 S.
1408 3850 1543 3924 Errant
1555 3853 1699 3927 fanatici
1714 3848 1893 3942 homines,
1919 3853 2229 3952 quiChristianam

303 3955 366 4034 36.
407 3951 530 4027 Sancti
560 3952 599 4022 in
632 3953 740 4024 veteri
766 3951 994 4038 Testamento
1023 3959 1080 4029 usi
1109 3973 1191 4030 suut
1241 3956 1418 4036 iusticiam
1446 3967 1585 4026 tanturn
1607 3969 1772 4055 externos
1790 3981 1907 4030 mores
1929 3960 2050 4030 civiles
2072 3983 2146 4030 esse
2173 3964 2229 4029 iu-

202 4055 411 4132 reremoniis
446 4055 551 4146 legis,
599 4055 696 4128 velut
725 4053 982 4146 Sacramentis,
1024 4054 1093 4132 hoc
1129 4074 1191 4146 cst,
1239 4058 1370 4130 dicant.

201 4162 310 4252 signis
324 4159 437 4232 futuri
452 4151 606 4242 Christi,
629 4131 665 4228 iet
679 4157 933 4250 praestiterunt
948 4173 1117 4256 tanquam
1134 4185 1190 4232 sa·
1341 4156 1378 4229 9.
1407 4154 1557 4229 Publica
1573 4157 1791 4248 poenitentia
1806 4164 2045 4254 spectaculum
2059 4164 2139 4249 suit,
2154 4187 2226 4236 non

201 4264 329 4336 rrilicia
345 4252 601 4356 εὐχαριστικὰ,
624 4259 667 4340 ad
682 4261 945 4351 protestandam
962 4261 1066 4332 fidem
1080 4286 1189 4336 suam.
1237 4262 1307 4335 luit
1321 4258 1554 4357 poenitentia.

302 4364 364 4442 36.
394 4361 507 4435 Nemo
532 4355 639 4454 habet
661 4361 718 4432 ius
740 4363 949 4450 sacerdotii,
984 4364 1053 4436 nisi
1078 4362 1188 4438 aDeo
1342 4363 1400 4437 10.
1435 4359 1508 4432 Nee
1521 4382 1662 4434 neeesse
1677 4376 1729 4436 est
1744 4366 1904 4437 revocari
1925 4367 1963 4438 id
1986 4370 2226 4460 spectaculum

199 4473 334 4541 datum.
1050 4458 1056 4474 ’
1238 4465 1277 4536 in
1295 4461 1503 4538 Ecclesiam.

300 4563 362 4641 87.
405 4565 489 4638 ldeo
513 4587 619 4634 uerno
639 4575 751 4656 potest
781 4566 919 4656 placare
941 4565 1076 4654 Deum,
1118 4569 1188 4639 nisi
1340 4567 1399 4641 11.
1424 4563 1647 4637 Poenitentia
1664 4566 1807 4659 proprie
1820 4583 1871 4642 est
1883 4573 2062 4652 contritio.
2085 4595 2125 4642 ac
2142 4573 2224 4642 fides

95 4691 106 4708 ¹
199 4674 388 4745 autoritate
402 4667 544 4748 diviua,
570 4661 639 4738 hoc
657 4679 725 4751 est,
751 4667 818 4735 nisi
839 4681 872 4739 et
887 4671 1093 4741 mandatum
1110 4673 1187 4763 pla·
1235 4669 1275 4740 iu
1292 4667 1508 4740 contritione
1523 4665 1662 4756 erigens
1677 4683 1712 4744 et
1726 4671 1924 4742 consolans.

201 4773 325 4856 candi,
351 4787 385 4844 et
401 4768 672 4864 promissionem
692 4763 831 4842 habeat.
1339 4770 1398 4841 ts.
1430 4765 1759 4863 imprudentissime
1774 4771 1883 4844 locuti
1897 4787 1982 4846 sunt
1996 4771 2162 4846 Canones
2181 4777 2222 4842 de

24 4887 27 4896 ·
137 4933 141 4942 .
242 4959 245 4964 ¹
302 4873 364 4949 88.
396 4871 486 4944 Cum
501 4883 619 4944 autem
637 4893 703 4940 nos
724 4864 917 4942 habeamus
941 4872 1185 4944 testimouium
1235 4871 1472 4964 poenitentia,
1505 4871 1568 4965 qui
1591 4872 1728 4942 nullam
1749 4872 1802 4948 ihi
1823 4876 2040 4948 mentionem
2066 4877 2149 4948 bdei
2173 4878 2223 4946 le·

201 4977 238 5046 in
266 4974 465 5066 seripturis,
512 4973 608 5067 quod
638 4972 750 5044 simus
772 4971 998 5059 Sacerdotes,
1037 4989 1186 5049 testatur
1234 4988 1371 5046 cerunt.

46 5135 51 5142 .
198 5079 390 5170 scriptura,
416 5075 511 5170 quod
526 5076 582 5147 ius
597 5069 791 5146 habeamus
812 5072 976 5166 placandi
999 5089 1034 5148 et
1056 5081 1184 5150 orandi
1339 5077 1398 5151 13.
1428 5073 1499 5148 Sed
1516 5098 1561 5146 ue
1578 5095 1711 5144 novum
1731 5077 1857 5168 dogma
1874 5080 1919 5150 de
1933 5080 2002 5151 fide
2016 5082 2155 5152 adlsrre
2171 5081 2221 5148 vi·

197 5179 332 5260 Deum,
355 5201 417 5270 per
428 5170 611 5248 Christum
627 5175 731 5248 nobis
745 5178 928 5248 donatum.
1232 5180 1397 5264 deamur,
1421 5189 1515 5248 extat
1524 5175 1742 5249 Tertulliani
1760 5182 1943 5266 sententia,
1968 5207 2075 5277 quam
2089 5183 2220 5254 adscri-

299 5278 359 5352 59.
391 5276 470 5350 lloe
491 5277 548 5348 ius
565 5277 754 5350 maximam
779 5278 1059 5354 consolationem
1081 5281 1184 5358 affert
1231 5279 1316 5350 bere
1344 5303 1418 5352 oon
1441 5279 1637 5370 gravabor,
1669 5279 1754 5376 quia
1775 5283 1862 5354 dum
1884 5283 2133 5358 iusiurandum
2155 5281 2219 5356 Dei

197 5383 361 5456 omnibus
371 5379 447 5484 piis
462 5376 653 5451 mentibus.
1232 5395 1435 5476 exaggerat,
1460 5379 1608 5452 mirifice
1623 5382 1728 5474 erigit
1745 5383 1990 5459 conscientias.

394 5747 474 5768 *-
