4702 5826
217 291 291 380 no
569 263 573 270 ’
681 280 841 363 nucu
883 281 960 360 no
997 275 1205 363 causis
1242 283 1785 364 eurnssacrtonts.
1900 271 1902 274 ’
2180 287 2257 361 rso

218 465 268 536 ris
290 473 473 555 corrupta,
499 455 538 527 id
561 437 634 542 est,
658 469 795 528 mutata
815 455 854 526 in
875 456 1028 548 igneam.
1086 457 1209 550 Quare
1231 465 1236 548 1
1259 458 1462 531 berillitatis
1475 443 1685 546 natura,'nt
1705 455 1803 532 hunc
1823 457 1930 530 etiam
1954 458 2048 530 vitae
2066 458 2195 540 caloris
2218 470 2259 528 et

221 580 255 638 ει
287 587 378 659 quae
409 571 637 660 putrescunt,
679 557 832 628 lormam
864 583 1017 651 prorsus
1041 561 1210 633 amittunt
1260 561 1450 654 spirituum
1479 557 1685 633 thesaurum
1722 575 1867 652 cogatur
1899 559 2109 642 destituere,
2155 559 2258 655 qnod

100 683 101 688 ’
221 667 398 761 priorem,
432 682 689 754 progressuque
711 659 751 728 in
777 660 948 731 elementa
968 662 1210 733 resolvuntur.
1262 687 1341 733 cum
1357 663 1413 744 stt,
1439 675 1473 733 et
1488 663 1654 734 interitus
1672 687 1756 734 mox
1773 662 1951 758 seqnitur,
1977 675 2013 733 et
2034 676 2259 738 caeteronsm

221 768 262 841 si
279 780 404 838 natura
425 763 471 833 sit
494 775 638 854 gravata
657 774 719 832 aut
734 753 940 856 πληθώρᾳ,
967 775 1029 832 εει
1048 787 1212 856 κακοχυ-
1262 761 1455 835 humorum
1481 765 1747 857 corruptionem
1769 763 1995 857 praecessisse
2024 785 2165 835 necesse
2190 775 2262 840 est·

124 863 127 870 ’
223 864 313 964 ptis,
346 861 516 935 humores
537 877 723 954 gravantes
742 863 834 932 allici
858 865 1065 954 putredine,
1099 879 1135 936 et
1154 867 1211 935 in·
1263 865 1429 954 Intelligo
1444 879 1560 936 autem
1575 890 1640 957 per
1652 868 1861 957 sauguinem
1885 860 2073 935 humorem
2094 866 2144 936 sic
2166 888 2260 956 pros

135 1029 137 1039 ,
225 972 374 1042 rendere
390 967 525 1036 febrem
540 976 700 1057 possunt.
751 962 823 1035 Sed
840 962 942 1037 aliter
966 966 1006 1034 in
1026 962 1212 1062 πληθῶρᾳ
1263 969 1340 1061 prie
1354 968 1506 1053 dictum,
1531 967 1738 1039 distinctum
1757 966 1940 1060 areliquis
1954 965 2107 1060 quatuor
2124 963 2261 1037 humo-

226 1073 330 1143 aliter
350 1068 389 1138 in
407 1060 639 1161 κακοχυμίρ,
654 1061 710 1135 ¹ld
730 1063 911 1158 quomodo
934 1067 996 1139 fiat
1019 1068 1213 1159 explicahi-
1263 1069 1385 1154 ribus,
1428 1069 1491 1161 qui
1518 1069 1832 1161 temperatissimus
1860 1080 1896 1138 et
1922 1080 2071 1138 naturae
2102 1067 2261 1137 maxime

224 1195 317 1245 mus.
381 1165 500 1238 Massa
529 1167 722 1257 sanguinea
742 1189 831 1258 quac
851 1167 985 1239 virtute
1012 1164 1150 1261 hepatis
1171 1193 1212 1242 ex
1251 1171 1479 1242 ,conveniens
1494 1183 1556 1246 est.
1597 1167 1683 1260 Agit
1695 1193 1770 1241 uno
1789 1170 1986 1264 eodemque
1999 1170 2108 1239 modo
2126 1181 2261 1238 natura

227 1269 333 1368 thyio
357 1293 420 1362 per
443 1270 628 1341 mesaricas
648 1281 794 1338 attracto
819 1271 1044 1368 excoquitur,
1077 1286 1214 1346 constat
1264 1285 1445 1366 perpetuo.
1486 1271 1529 1342 ln
1544 1265 1729 1368 πληθῶρᾳ
1744 1273 1807 1342 ubi
1822 1271 1982 1342 coctione
1996 1294 2072 1341 non
2088 1282 2140 1340 εει
2155 1291 2264 1361 opus,

226 1371 440 1446 humoribus
461 1384 614 1465 quatuor
631 1369 788 1444 confusis
808 1370 903 1440 inter
919 1394 974 1458 se,
999 1386 1034 1443 et
1053 1373 1213 1465 singqu
1266 1375 1380 1445 utitur
1407 1377 1629 1465 separatione
1657 1375 1833 1466 primum,
1878 1373 2009 1443 deinde
2037 1372 2263 1465 expulsione,

227 1500 310 1548 rum
330 1469 530 1554 ichoribus,
557 1471 620 1565 qui
639 1483 679 1541 ut
694 1466 862 1554 humores
877 1472 945 1565 ipsi
961 1475 1056 1544 inter
1069 1499 1106 1545 se
1123 1501 1214 1569 quo·
1265 1475 1336 1545 nisi
1355 1470 1596 1568 prohibeatur.
1651 1473 1694 1544 ln
1717 1468 1930 1568 κακοχομίρ
1953 1497 2028 1544 uno
2050 1473 2264 1566 pluribusve

228 1575 450 1671 que'conlusi
461 1585 634 1643 vocantur
650 1569 755 1666 ὅρῤος
770 1585 804 1642 et
819 1569 978 1668 ὀρρῶδες
989 1571 1214 1672 περίττωμα.
1267 1575 1409 1646 viciosis
1427 1571 1638 1646 humoribus
1658 1577 1752 1646 vires
1772 1574 2004 1646 onerantibus
2020 1576 2137 1668 primo
2153 1597 2265 1666 expe·

227 1677 353 1772 Neque
374 1690 426 1747 est
441 1669 598 1769 ὀρρῶδες
617 1669 833 1769 περίττωμα
849 1677 947 1747 aliud
969 1701 1076 1770 quam
1096 1681 1216 1750 tennis
1266 1680 1359 1750 titur
1376 1679 1592 1763 coctionem,
1616 1702 1687 1771 qua
1702 1679 1775 1747 sive
1792 1672 1906 1761 nihil,
1931 1677 2006 1746 sive
2019 1675 2158 1770 aliquid
2173 1698 2264 1767 pro-

229 1801 346 1850 serosa
361 1792 396 1850 ει
411 1799 542 1872 aquosa
559 1775 802 1868 superfluitas,
827 1801 917 1869 quae
931 1780 976 1848 de
996 1792 1069 1850 tota
1086 1774 1216 1852 humo-
1266 1780 1380 1861 ficiat,
1405 1775 1551 1850 adhibet
1568 1780 1721 1850 secundo
1739 1770 2013 1871 separationem,
2037 1776 2147 1870 idque
2161 1779 2264 1871 qnod

230 1904 313 1950 rum
336 1901 449 1949 massa
472 1888 647 1971 separata,
689 1890 795 1970 atque
820 1880 866 1948 ad
888 1903 990 1951 renes
1013 1894 1158 1952 attracta
1182 1895 1217 1953 et
1268 1895 1415 1952 naturae
1433 1881 1516 1952 usui
1538 1895 1573 1951 et
1596 1881 1810 1951 conveniens
1832 1893 1884 1950 εει
1902 1879 2017 1964 elicit,
2043 1881 2196 1949 secernit
2220 1901 2264 1948 ae

233 1981 410 2074 percolata
423 1981 463 2050 lit
484 1980 609 2059 urina,
634 1976 707 2048 Nee
726 1979 858 2074 ἰχῶρες
880 1996 964 2052 sunt
991 1983 1089 2053 aliud
1111 2008 1216 2077 quam
1269 1981 1428 2075 reponit,
1470 1981 1647 2074 reliquum
1681 1981 1852 2052 viciosum
1887 1981 1944 2049 vel
1977 1979 2117 2063 abiicit,
2154 1994 2265 2070 atque

231 2083 413 2153 tenuiores
430 2093 465 2151 ct
482 2081 685 2174 aquosiores
706 2092 823 2171 partes
843 2080 1067 2172 singulorum
1090 2079 1218 2156 humo·
1271 2083 1420 2168 excutit,
1445 2084 1502 2151 vel
1527 2083 1558 2150 si
1578 2081 1680 2174 copia
1697 2094 1760 2152 sut
1778 2079 1917 2148 malicia
1940 2080 2152 2150 excrementi
2167 2079 2264 2150 victa

231 2207 332 2268 rum,
361 2206 558 2276 equorum
580 2181 731 2250 maxima
752 2196 850 2272 parte
871 2185 1000 2254 melior
1021 2209 1134 2256 massa
1159 2210 1219 2256 cx·
1271 2200 1332 2258 aut
1349 2184 1488 2254 viarum
1503 2182 1755 2254 interclusione
1780 2180 1949 2272 impedita
1965 2180 2126 2261 deficiat,
2151 2180 2264 2250 desti·

232 2296 422 2376 purgatur,
446 2282 626 2376 reliquum
643 2283 908 2372 cumsanguine
922 2285 961 2355 in
975 2309 1082 2356 venas
1097 2287 1219 2358 distri·
1271 2285 1352 2358 tuit.
1404 2284 1446 2355 ld
1462 2300 1661 2376 putrescere
1677 2305 1818 2354 necesse
1834 2296 1898 2354 cst.
1949 2279 2022 2352 Nec
2036 2283 2081 2352 de
2096 2281 2173 2351 ullo
2190 2305 2265 2354 un-

231 2386 373 2470 huitur‚
404 2384 469 2455 ubi
490 2383 644 2475 amplius
673 2385 850 2477 coquitur.
917 2385 959 2456 ln
989 2412 1029 2457 ea
1059 2390 1220 2459 coctione
1272 2411 1378 2480 quam
1397 2380 1546 2456 humore
1561 2387 1657 2479 quod
1673 2385 1809 2455 bonum
1824 2397 1876 2455 est
1891 2396 1927 2454 ει
1941 2383 2039 2472 attile,
2064 2382 2181 2475 primo
2197 2384 2264 2452 de-

233 2488 331 2580 qnod
348 2486 476 2555 melius
493 2498 562 2570 est,
587 2497 787 2556 reservatur
801 2488 987 2573 ad'usum,
1009 2492 1105 2582 quod
1123 2491 1221 2560 dete·
1273 2490 1374 2569 serit,
1400 2490 1460 2558 sed
1478 2502 1556 2580 post
1569 2499 1737 2557 tentatam
1756 2485 1950 2569 coctionem
1962 2484 2095 2580 ἰχῶρες
2108 2484 2265 2556 secludit

233 2589 309 2658 rius
325 2600 395 2674 est,
422 2586 472 2657 ita
494 2599 535 2656 ut
557 2609 622 2657 nec
637 2587 824 2680 percoqui,
850 2611 966 2679 neque
981 2590 1019 2657 in
1033 2613 1137 2660 usum
1152 2613 1222 2662 nu·
1273 2581 1399 2675 initio,
1431 2584 1468 2658 hi
1491 2590 1554 2659 ubi
1578 2601 1784 2680 putrescunt
1804 2601 1899 2658 extra
1920 2609 2027 2656 venas
2051 2587 2091 2654 in
2112 2586 2200 2655 laxis
2228 2599 2267 2657 et

233 2689 375 2761 tritioni
397 2687 623 2759 commodum
645 2687 803 2758 converti
823 2690 955 2780 possit,
977 2705 1103 2763 natura
1121 2691 1223 2763 fortis
1274 2692 1369 2760 cavis
1391 2691 1518 2783 spaciis
1540 2690 1830 2784 quibuscunque,
1861 2688 2060 2758 incendunt
2081 2683 2266 2780 πυρετούς

233 2789 340 2860 eiicit.
405 2787 598 2857 lmhecillis
618 2811 693 2856 non
717 2788 851 2878 integre
882 2805 1037 2867 evacuat.
1101 2791 1222 2882 Quare
1273 2787 1544 2870 διαλείπονταςε
1571 2791 1635 2860 ubi
1651 2791 1744 2859 intra
1767 2811 1873 2858 venas
1895 2784 2077 2883 πυρετοὺς
2098 2789 2267 2880 συνεχεῖς

234 2891 378 2962 tandem
391 2888 430 2959 id
444 2889 622 2974 lentescit,
646 2888 761 2958 aliove
776 2891 883 2960 modo
900 2893 1052 2964 afficitur
1067 2911 1129 2966 aut
1143 2917 1222 2965 cor·-
1275 2892 1320 2966 οὔ
1336 2889 1534 2985 διηνεκεῖς,
1558 2890 1622 2984 qni
1642 2891 1707 2961 etsi
1726 2913 1800 2960 nou
1814 2889 1984 2960 desinunt
2005 2890 2044 2983 in
2058 2884 2267 2983 ἀπυρεξίαν

233 2991 424 3084 rumpitur.
475 2988 572 3060 llinc
585 3001 646 3059 aut
663 2988 764 3082 copia
785 2991 1045 3074 redundantes,
1068 3007 1129 3064 aut
1144 3018 1222 3064 cor·
1273 2989 1433 3078 τέλειον,
1460 3006 1578 3064 tamen
1592 2993 1783 3078 εειείιιιιριΙ
1791 2992 2053 3085 aliquantulum
2072 3004 2108 3062 et
2128 3013 2194 3082 per
2207 2992 2267 3058 vi-

234 3093 335 3185 rupti
349 3093 489 3185 ἰχῶρες.
530 3087 622 3160 Cum
639 3113 722 3180 ergo
734 3086 905 3182 χυμῶσει
920 3093 1077 3164 conlecta
1093 3109 1128 3167 et
1142 3117 1225 3164 san·
1275 3117 1331 3166 ces
1352 3095 1617 3164 exacerbantur.
1684 3090 1877 3164 litantem
1902 3087 1972 3163 hoc
1999 3116 2081 3162 eum
2111 3105 2265 3185 uterque

235 3191 587 3286 guineapraecipuis
604 3191 904 3282 superfluitatibus
921 3209 1123 3285 expurgato,
1149 3221 1225 3265 me-
1275 3195 1372 3266 calor
1387 3209 1423 3267 et
1437 3191 1628 3265 humorum
1651 3208 1685 3266 ει
1706 3195 1863 3265 influens
1884 3217 1958 3264 non
1981 3207 2033 3265 cst
2056 3206 2266 3287 prostratus.

236 3296 309 3365 lior
329 3317 443 3365 massa
459 3316 538 3362 sero
554 3315 666 3385 aquen
691 3292 804 3363 diluta
829 3295 1011 3365 derivatur
1033 3321 1075 3366 ex
1097 3292 1223 3389 hepate
1275 3296 1329 3367 Ac
1344 3297 1460 3368 calore
1474 3311 1626 3390 utroque
1640 3309 1701 3366 aut
1714 3309 1905 3388 prostrato,
1930 3309 1993 3367 aut
2003 3296 2051 3366 ita
2068 3309 2267 3380 attenuato,

235 3398 275 3467 in
297 3418 425 3466 venam
448 3417 588 3474 cavam,
621 3394 830 3464 transfertur
851 3395 890 3464 in
911 3420 1013 3467 renes
1034 3400 1223 3492 praecipua
1274 3413 1315 3471 ut
1330 3401 1459 3468 frustra
1475 3399 1514 3467 in
1529 3399 1726 3468 coctionem
1742 3410 1776 3468 ct
1791 3398 2048 3488 separationem
2066 3396 2266 3482 incumbat,

234 3521 318 3592 pars
335 3497 422 3582 scri,
448 3520 538 3590 quae
555 3507 607 3565 est
621 3509 882 3566 excrementum
899 3521 940 3567 ex
955 3501 1073 3570 crudis
1089 3497 1223 3570 ichori-
1275 3502 1426 3591 putredo
1455 3522 1530 3568 non
1559 3498 1699 3594 ἰχῶρας
1725 3511 1864 3569 tantum
1887 3492 2101 3584 humorum,
2139 3499 2268 3570 sedet

235 3600 304 3670 bus
333 3599 494 3686 omnium
521 3589 713 3667 humorum
738 3599 942 3681 confusum,
982 3600 1136 3694 indeque
1160 3625 1224 3672 ceu
1275 3601 1507 3674 substantiam
1537 3601 1649 3692 ipsam
1677 3621 1784 3691 quam
1807 3599 1997 3670 imbecillis
2016 3599 2114 3670 calor
2136 3599 2266 3669 deien-

237 3701 315 3771 colo
330 3701 505 3771 transfusa
528 3699 719 3789 depellitur
737 3700 776 3767 in
800 3699 971 3786 vesicam,
1002 3715 1044 3772 ut
1064 3703 1225 3775 eiiciatur
1275 3706 1358 3774 dere
1382 3727 1401 3773 a
1423 3701 1652 3793 corruptione
1670 3699 1813 3794 nequit,
1838 3714 2004 3792 occupat,
2028 3699 2125 3771 Hinc
2145 3700 2266 3771 febres

236 3825 427 3892 ecorpore.
479 3798 522 3868 ln
538 3793 722 3895 πληθῶρᾳ
742 3813 781 3871 ut
798 3803 1007 3893 proportion
1046 3799 1224 3889 humores,
1276 3805 1440 3896 συνεχεῖς
1452 3798 1675 3897 διηνεκεῒςμ
1710 3794 1893 3881 παύοντες
1908 3801 1959 3882 εἰς
1973 3794 2176 3897 παρακμὴν
2191 3825 2266 3874 πυ·

236 3903 287 3972 sic
308 3915 343 3972 et
361 3904 494 3996 ἰχῶρες
506 3895 699 3969 humorum
716 3901 810 3972 aucti
827 3905 986 3974 redunda
1037 3960 1047 3991 ,
1073 3908 1133 3976 scd
1155 3907 1224 3975 mi·
1276 3899 1418 4004 perside]
1425 3956 1436 3990 ,
1463 3928 1553 4000 quos
1572 3897 1772 3998 κακοήθεις
1792 3915 1920 3974 vocant
1927 3956 1938 3989 ,
1969 3917 2005 3975 et
2027 3917 2199 3995 perpetuo
2222 3927 2265 3974 ex

235 4025 305 4074 nus
327 4003 450 4073 viciosi
474 4025 581 4096 qnam
606 4001 644 4070 in
670 3997 882 4098 κακοχυμίρ
901 4019 998 4078 sunt.
1049 4005 1170 4096 Quare
1193 4009 1223 4078 si
1276 4030 1403 4096 magno
1432 4007 1597 4077 incendio
1629 4000 1840 4090 humorum,
1878 4018 1912 4075 et
1939 4005 2106 4094 prostrati
2132 4003 2265 4074 caloris

236 4118 363 4176 natura
385 4103 490 4174 fortis
511 4115 580 4187 est,
605 4116 640 4173 ει
661 4103 773 4194 viget,
798 4118 948 4176 secretos
970 4134 990 4178 a
1012 4133 1124 4180 massa
1142 4134 1219 4180 san·
1276 4109 1504 4202 corruptione
1527 4120 1732 4178 nascuntur.
1784 4103 1875 4177 Cum
1897 4118 2016 4176 autem
2039 4104 2263 4194 singularum

234 4207 362 4297 guinea
384 4205 530 4298 depellit
551 4205 594 4273 ad
618 4229 737 4291 renes,
763 4201 830 4292 hos
845 4210 1033 4300 propulsos
1046 4234 1148 4281 renes
1166 4234 1222 4281 ar·
1276 4211 1430 4283 febrium
1455 4233 1575 4281 causes
1594 4209 1769 4300 explicare
1789 4203 1936 4298 lo'ngum
1958 4207 2020 4292 sit,
2051 4220 2087 4277 et
2106 4207 2264 4279 instituti

233 4308 372 4401 'ripiunt
387 4331 427 4378 ac
442 4306 628 4397 recipiunt.
660 4305 713 4377 'si
728 4302 769 4376 hi
787 4309 921 4379 maiore
938 4313 1039 4402 copia
1054 4313 1146 4383 vires
1162 4327 1224 4384 aut
1275 4313 1389 4384 nostri
1401 4336 1477 4382 non
1494 4311 1556 4398 sit,
1580 4310 1705 4380 desino
1719 4309 1894 4402 prolixius
1909 4302 1996 4380 haec
2010 4308 2193 4401 persequi,
2218 4309 2263 4378 dc

234 4423 414 4502 superant,
438 4420 673 4498 autgravuut,
697 4422 833 4500 separat
849 4431 909 4492 eos
924 4413 1069 4506 quidem
1084 4429 1224 4502 natura,
1275 4417 1407 4513 quibus
1431 4411 1501 4485 hoc
1521 4428 1641 4485 tenere
1658 4413 1744 4484 satis
1765 4423 1834 4496 est,
1874 4411 1971 4504 quod
1993 4409 2132 4501 negocii
2156 4423 2264 4501 caput

235 4513 296 4582 sed
311 4536 385 4582 non
399 4512 560 4602 expellit,
586 4511 683 4603 qnod
701 4511 801 4580 oneri
823 4515 1033 4587 succumbit.
1085 4515 1135 4588 lta
1160 4519 1224 4587 de-
1275 4533 1346 4605 est,
1377 4530 1540 4590 natnram
1563 4518 1675 4589 donec
1701 4513 1794 4603 viget
1818 4511 2006 4607 valetque,
2032 4511 2264 4582 nullius-un-

236 4613 349 4684 stituti
365 4627 510 4683 naturae
526 4611 771 4682 imbecillioris
785 4614 956 4702 regimine
970 4631 1177 4707 putrescunt
1189 4632 1224 4690 et
1275 4645 1381 4715 quarn
1396 4616 1560 4690 humoris
1577 4617 1665 4688 boni
1687 4614 1919 4686 substantiam
1934 4614 2051 4705 primo
2069 4613 2264 4684 destituere

234 4715 377 4784 febrem
391 4717 606 4794 accendunt,
649 4735 754 4806 quam
767 4708 940 4809 ’σύνεχον
960 4715 1055 4811 μετὰ
1077 4713 1224 4817 σήψεως
1275 4719 1457 4795 ichoribus
1480 4733 1515 4790 et
1535 4716 1764 4789 excrementis
1785 4716 1989 4800 asservatis,
2013 4728 2048 4785 et
2072 4739 2115 4786 eo
2131 4713 2263 4786 ordine

237 4828 375 4900 vocant,
400 4840 488 4909 quae
503 4815 572 4884 nisi
588 4813 798 4907 profligetur
812 4834 961 4903 mature,
984 4824 1134 4914 putredo
1149 4845 1223 4894 ser·
1275 4848 1376 4916 agere
1390 4845 1545 4914 semper,
1570 4821 1634 4914 qni
1657 4833 1709 4891 εει
1731 4819 1920 4910 expositus.
1972 4813 2023 4887 Ut
2038 4830 2263 4888 revertamur

238 4935 326 5006 pens
346 4919 490 4987 tandem
509 4930 545 4987 et
567 4912 735 4988 humores
757 4917 853 5008 ipsos
875 4921 1026 5000 invadit.
1089 4919 1223 4996 Evenit
1275 4951 1358 5018 ergo
1388 4928 1433 4997 ad
1460 4946 1581 4994 causas
1601 4919 1818 5015 putredinis,
1852 4915 2037 4990 Aristoteli
2059 4929 2093 4988 et
2117 4915 2262 4988 Galeno

237 5009 308 5084 hoc
318 5017 442 5103 etiam,
466 5041 546 5088 cum
560 5017 812 5111 impedimenta
828 5037 1008 5097 meatuum
1023 5027 1222 5119 expulsioni
1275 5016 1378 5101 cauis
1398 5021 1856 5120 putrefactionisprivativa
1873 5033 1925 5092 est
1938 5018 2120 5113 corruptio
2144 5017 2262 5090 nativi

236 5115 390 5190 θῧθῑθῦῑ·
751 5200 757 5212 ,
1223 5179 1224 5182 =
1274 5129 1419 5216 caloris,
1443 5127 1592 5220 positiva
1613 5125 1774 5218 proxima
1795 5124 1921 5213 igneus
1940 5121 2065 5207 calor,
2088 5121 2129 5190 in
2153 5141 2261 5215 quem

338 5217 411 5290 Nec
432 5219 472 5290 fit
502 5209 659 5312 σύνοχος
680 5237 721 5294 ut
746 5223 991 5299 existimarunt
1011 5221 1121 5323 aliqui
1143 5231 1221 5324 ipso
1273 5234 1415 5305 nativus
1437 5229 1666 5301 convertitur.
1730 5223 1896 5296 Mutatur
1915 5237 2032 5294 autem
2055 5224 2198 5294 nativos
2219 5221 2262 5290 in

233 5319 407 5408 sanguine
431 5334 663 5412 putrescente.
722 5322 913 5419 Nunquam
943 5329 1107 5400 enimin
1128 5335 1221 5405 vasis
1273 5337 1435 5427 igneum,
1460 5344 1536 5402 tum
1552 5329 1740 5400 destitutus
1762 5327 1890 5398 caloris
1911 5325 2093 5396 influentis
2114 5323 2261 5403 auxilio,

233 5422 423 5494 putredine
437 5421 580 5513 sangnis
593 5423 763 5511 aflicitur,
788 5428 859 5498 nisi
880 5453 922 5500 eo
938 5431 985 5503 sit
999 5433 1137 5505 redacta
1146 5434 1220 5526 ¹im·
1272 5451 1348 5509 tum
1364 5435 1624 5510 circumventus
1643 5443 1678 5504 et
1701 5449 1889 5524 oppressus
1911 5439 2087 5500 extraneo.
2142 5420 2261 5520 Atque
