4696 5820
230 263 308 344 ros
644 239 804 320 nucu
844 230 918 312 aa
949 227 1325 310 ronrrrrcun
1358 227 1703 310 annrrroua
1735 252 1819 313 sic.
1929 175 1938 182 ¹
2183 235 2265 312 eos

232 430 319 506 cbos
349 430 439 500 iuste
468 423 642 506 odissent,
675 413 906 504 intuebantur
936 406 1037 477 illam
1064 419 1217 477 vetarem
1265 403 1446 492 Christus,
1480 405 1752 478 similitudinem
1780 405 2014 500 imperiorum
2042 407 2262 505 sangradns

233 555 349 608 arcem
368 529 541 609 Romam,
566 534 601 592 et
622 514 810 590 autoritate
827 509 1039 583 Pontificum
1062 503 1219 602 peregri·
1267 523 1303 580 et
1340 509 1460 579 omnia
1500 509 1687 582 ambitiosa
1714 509 1927 596 certamina,
1961 519 2050 580 cum*
2075 509 2140 579 ait:
2184 507 2261 580 Vos

233 658 302 705 nos
316 653 413 722 reges
429 628 566 720 placare
582 621 781 724 studebant.
1268 621 1384 682 autem
1401 633 1476 679 non
1492 609 1553 681 sic.

336 747 466 821 Facilis
487 756 539 814 est
560 754 677 812 autern
701 750 735 806 et
757 731 939 823 perspicua
962 724 1126 797 refutatio
1143 721 1219 792 eius
1247 725 1248 728 ’
1369 723 1461 797 Cum
1484 739 1602 798 autem
1621 724 1660 796 in
1675 738 1801 796 natura
1817 721 1971 796 hnmana
1988 725 2035 795 sit
2049 720 2135 796 baec
2149 724 2263 809 labes,

236 849 432 933 mendacii,
451 845 545 938 quod
562 839 726 912 Romano
741 831 905 904 Pontifici
929 827 1077 918 imperia
1091 821 1219 894 mundi
1268 841 1310 899 nt
1340 827 1410 897 alta
1431 828 1672 917 concupiscat,
1703 828 1792 898 sicut
1812 827 1982 916 scriptam
2004 839 2072 897 est:
2106 823 2261 896 initium

207 943 374 1027 'inbuta
420 944 469 1017 Et
486 955 602 1014 extant
617 964 655 1010 ea
672 941 716 1007 de
731 933 909 1022 rescripta
925 943 1082 1019 tempore
1097 924 1220 994 Ludo-
1269 927 1403 1020 peccati
1429 929 1613 1018 superbia,
1654 929 1821 998 omnibus
1850 928 2069 1018 temporibus
2099 927 2263 1010 fuerunt,

236 1055 308 1124 vici
320 1047 451 1122 Bavari
466 1069 486 1115 ὃ
503 1042 625 1114 ῐῦῦῑῑὶὓ
639 1039 749 1120 edila,
771 1035 910 1125 fuitque
925 1027 1108 1117 diiigenlia
1124 1037 1219 1094 faula
1271 1043 1354 1098 sunt
1376 1042 1410 1098 et
1431 1043 1534 1099 eruut
1554 1023 1740 1098 horribilia
1757 1027 1992 1100 ambitionum
2009 1027 2202 1096 certamina
2219 1026 2263 1094 in

239 1157 279 1224 in
294 1149 448 1228 Occam,
470 1159 512 1217 nt
532 1163 735 1238 quanquam
757 1156 899 1226 graecae
921 1130 1061 1219 linguae
1077 1129 1220 1214 ignarus
1271 1125 1441 1200 Ecclesia.
1498 1128 1572 1198 Nec
1599 1142 1737 1198 tantum
1764 1129 1804 1196 in
1834 1129 1992 1221 imperiis
2020 1123 2104 1199 hoc·
2118 1126 2263 1210 accidit,

1271 1232 1366 1324 quod
1383 1229 1522 1330 scripsit
1538 1231 1657 1320 poeta:
1740 1251 1746 1264 ·

1383 1351 1513 1414 Patriam
1527 1365 1626 1413 tamen
1642 1355 1743 1414 obruit
1758 1355 1842 1414 oliui.

1388 1449 1491 1516 Gloria
1505 1473 1691 1536 paucorum,
1716 1455 1818 1516 laudas
1833 1456 1975 1537 titulique
1993 1453 2115 1536 cupido.

109 1277 115 1286 ·
238 1251 326 1336 fuit,
350 1263 469 1320 tamen
492 1242 680 1335 sumpserit
699 1262 719 1308 a
743 1235 855 1305 doctis
873 1254 993 1319 graeca
1008 1225 1220 1300 testimonia.

240 1352 381 1426 Recitat
400 1348 495 1419 enim
515 1347 560 1414 ad
579 1343 725 1412 verbum
740 1333 949 1406 sententiam
966 1325 1221 1423 Chrysostomi‚

241 1475 331 1548 quae
352 1463 444 1520 recte
467 1443 635 1516 discernit
655 1441 785 1529 regiam
807 1445 1030 1526 potestatem,
1062 1442 1096 1499 et
1113 1425 1222 1494 mini·

242 1553 389 1625 sterium
404 1544 608 1634 Evangelii,
634 1542 728 1634 quod
753 1536 802 1604 ait
821 1531 1054 1614 ministerium
1069 1551 1141 1598 esse
1156 1529 1223 1597 do·

242 1633 347 1726 cendi
366 1647 562 1721 doctrinam
584 1640 693 1712 aDeo
713 1636 898 1717 traditam,
919 1633 994 1701 sine
1009 1630 1134 1712 armis,
1158 1650 1223 1696 nec

242 1775 317 1826 esse
338 1761 541 1843 potestatem
563 1743 726 1834 cuiquam
750 1738 859 1807 dandi
879 1747 939 1803 aut
962 1729 1134 1823 eripiendi
1155 1730 1224 1797 im-

186 1921 189 1924 .
242 1829 359 1948 peria,
396 1861 458 1922 aut
485 1841 662 1917 condendi
687 1842 779 1930 leges
806 1838 850 1904 de
880 1834 1023 1925 politica
1051 1832 1224 1921 guberna-

244 1956 356 2027 tione.
406 1948 491 2022 Sint
515 1943 673 2016 distincti
701 1941 845 2030 gradus,
876 1948 918 2004 ut
946 1935 1035 2004 dixit
1059 1932 1103 2000 ad
1127 1927 1224 2001 Con·

244 2055 413 2130 cuntium
436 2047 686 2138 imperatorem
707 2042 746 2109 in
772 2037 917 2132 Synodo
937 2031 1134 2105 Leontinus
1154 2029 1226 2122 Ly-

244 2137 372 2226 dorum
393 2145 605 2242 Episcopus:
639 2140 742 2238 ἔτερα
763 2135 898 2212 διέπειν
920 2127 1073 2228 ταχθεὶς
1094 2127 1227 2226 ἑτέροις

246 2251 443 2348 ἐπιχειρεῖς.

348 2363 580 2457 Explodenda
600 2373 684 2430 suut
705 2355 812 2447 igitur
825 2352 1001 2424 Bonifatii
1024 2346 1227 2419 constitutio

247 2485 283 2546 et
310 2469 479 2540 similium
510 2485 682 2552 nugarum
715 2469 929 2542 commenta,
968 2473 1057 2542 quae
1085 2470 1229 2517 monar-

247 2569 363 2646 chiam
377 2565 557 2660 politicam
572 2561 737 2634 Romano
751 2555 927 2646 Episcopo
944 2552 1119 2622 tribuunt.

351 2683 459 2772 Quod
474 2702 557 2748 vero
574 2677 611 2744 id
628 2673 836 2744 confirmant
852 2664 920 2737 hoc
937 2681 1041 2760 typo,
1066 2662 1149 2756 quia
1162 2659 1229 2731 Pe-

248 2805 325 2864 trus
348 2781 491 2854 dixerit:
517 2773 608 2848 Ecce
630 2775 700 2844 dno
725 2769 833 2862 gladii
858 2764 933 2852 hic,
956 2767 994 2836 id
1010 2765 1139 2835 refutat
1155 2763 1229 2851 ipse

247 2886 442 2967 Dominus,
470 2891 592 2948 vetans
608 2873 754 2946 Petrum
776 2866 957 2962 praeliari,
983 2879 1017 2936 et
1039 2865 1148 2934 tristis
1173 2863 1230 2930 in-

249 2985 453 3080 terpretatio
483 2993 551 3063 est,
581 2999 662 3045 cum
691 2971 824 3064 inquit:
853 2967 946 3038 Satis
976 2979 1026 3034 est
1046 2967 1134 3032 duos
1157 2983 1230 3029 esse

250 3089 403 3182 gladios,
427 3083 465 3152 id
481 3093 549 3162 est,
574 3074 730 3165 geminos
745 3093 816 3140 esse
830 3065 964 3150 hostes,
987 3064 1129 3142 scilicet,
1155 3059 1230 3153 Ty-

249 3199 382 3262 radnos
396 3197 432 3255 et
446 3179 574 3271 impios
589 3175 775 3256 Doctores,
798 3162 971 3238 Ethnicos
987 3178 1021 3235 et
1038 3161 1197 3234 ludaeos.

353 3299 423 3373 Sed
438 3295 548 3389 aliqui
560 3291 679 3362 minus
692 3287 915 3378 impudentes
924 3284 1231 3352 fatentormouar-

251 3402 367 3480 chiam
382 3397 563 3494 politicam
578 3415 653 3462 non
669 3411 742 3458 esse
758 3386 922 3459 traditam
930 3383 1054 3465 Petro,
1078 3382 1139 3448 sed
1156 3378 1230 3447 dis-

1274 1577 1392 1652 Mnlto
1414 1580 1551 1672 saepius
1572 1577 1739 1650 Ecclesiis
1761 1594 1866 1650 nocet
1889 1578 2055 1664 ambitio,
2081 1600 2146 1647 nee
2167 1577 2265 1647 inter

1274 1683 1462 1774 applausus
1493 1681 1617 1773 populi
1646 1696 1780 1750 mentes
1806 1680 1922 1750 ebriae
1943 1679 2131 1749 dulcedine
2152 1677 2265 1746 falsae

1274 1783 1407 1874 gloriae
1428 1797 1615 1853 moventur
1636 1779 1704 1852 boc
1726 1782 1851 1852 divino
1867 1780 2035 1864 fulmine,
2062 1775 2265 1849 Abomina-

1275 1885 1325 1954 tio
1349 1898 1400 1955 est
1414 1881 1502 1968 Dei,
1527 1883 1696 1976 quicquid
1722 1897 1773 1953 est
1794 1883 1945 1952 sublime
1968 1904 2085 1951 coram
2100 1877 2265 1949 homini-

1275 1987 1359 2069 bus,
1383 2009 1424 2054 ac
1448 1983 1654 2075 pracsertim
1678 1983 1715 2051 in
1738 1982 2011 2070 gubernatione,
2037 2004 2119 2049 cum
2140 1977 2192 2046 ibi
2216 1977 2265 2047 sit

1276 2086 1429 2165 occasio,
1455 2085 1593 2153 facilius
1606 2103 1680 2152 sese
1695 2082 1847 2153 efferunt
1863 2079 2036 2153 homines.
2088 2076 2172 2148 ldeo
2191 2077 2266 2147 cito

1277 2187 1315 2253 in
1338 2181 1595 2255 sedeRomana
1619 2182 1775 2276 quaesita
1797 2197 1848 2252 est
1864 2181 2080 2261 dominatio,
2103 2202 2144 2249 ac
2158 2201 2267 2270 prae-

1278 2285 1358 2355 buit
1383 2286 1602 2354 occasionem
1633 2285 1811 2353 decretum
1833 2280 1989 2376 Synodi,
2023 2304 2112 2375 quae
2136 2275 2266 2349 Eccle-

1278 2387 1408 2455 sianrm
1448 2385 1701 2476 inspectionem
1740 2384 1780 2455 in
1813 2378 1962 2454 Oriente
2002 2380 2268 2450 commendavit

1280 2486 1539 2556 Alexandrinae
1556 2481 1751 2573 Ecclesiae,
1777 2484 1814 2552 iu
1823 2479 2019 2553 Occidente
2034 2506 2117 2551 vero
2125 2477 2267 2551 Roma·

1279 2611 1356 2661 nae.
1413 2585 1492 2657 Hoc
1521 2611 1600 2655 cum
1627 2597 1714 2654 esset
1739 2581 1898 2655 hnmano
1921 2583 1999 2652 iure
2020 2582 2269 2666 constitutum,

1278 2685 1463 2758 Romanus
1478 2687 1634 2757 Antiates
1653 2685 1772 2755 statim
1793 2698 1872 2776 post
1888 2683 2057 2754 Nicenam
2075 2681 2267 2776 Synodum

1279 2802 1374 2858 extra
1397 2782 1460 2856 has
1482 2800 1592 2858 ructas
1615 2786 1732 2874 egredi
1754 2807 1878 2868 ausus,
1904 2784 2024 2874 scipsit
2040 2785 2084 2855 ad
2101 2782 2268 2858 Orientis

1279 2887 1496 2978 Episcopus,
1529 2899 1571 2956 ut
1598 2883 1804 2955 aRomauo
1835 2883 2138 2954 confirmationem
2166 2895 2268 2974 pete-

1280 2999 1370 3057 rent.
1435 2981 1542 3055 Extat
1563 2985 1745 3077 responsio
1769 2985 1808 3053 in
1830 2979 2076 3065 Theodoreto‚
2108 2983 2172 3054 ubi
2196 3008 2269 3053 no-

1280 3087 1376 3156 mina
1398 3085 1635 3177 plurimorum
1655 3085 1867 3169 recitantur,
1892 3085 2095 3183 inter-quos
2112 3096 2145 3153 et
2162 3081 2268 3153 Basi-

1281 3187 1349 3256 lius
1371 3198 1443 3270 est,
1468 3186 1531 3278 qui
1546 3183 1750 3256 Romanurn
1767 3184 1973 3257 Pontificem
1984 3172 2145 3274 'graviter
2160 3209 2268 3254 accu-

1280 3301 1379 3369 sant,
1404 3287 1500 3378 qnod
1517 3287 1718 3356 servitutem
1729 3285 1895 3356 Ecclesiis
1909 3287 2091 3376 imponere
2107 3299 2268 3360 conetur.

1281 3383 1333 3458 Ea
1360 3383 1520 3477 Epistola
1558 3387 1696 3455 illustre
1733 3386 1976 3456 testimoninm
2016 3398 2067 3455 est
2107 3399 2269 3455 vetustae

125 4485 127 4490 ,
253 4408 436 4479 minantur
452 4421 592 4480 eorum,
611 4416 674 4462 vos
688 4403 807 4461 autem
823 4411 897 4457 non
913 4387 974 4461 sic.

250 3517 379 3601 putant
402 3501 495 3570 inter
512 3491 706 3584 Episcopus
732 3499 894 3579 oportere
909 3483 1061 3574 primum
1078 3479 1229 3570 aliquem
1280 3487 1499 3580 aequalitatis
1526 3483 1798 3576 Episcoporum.
1866 3485 1990 3556 Postea
2023 3500 2179 3557 secutum
2215 3499 2271 3556 est

253 3631 346 3687 esse,
375 3616 417 3673 ut
438 3601 484 3670 sit
508 3598 614 3678 ordo,
643 3603 678 3661 et
697 3601 737 3658 ot
758 3587 903 3670 sciatur,
935 3582 1015 3675 quis
1037 3599 1230 3650 convocare
1280 3603 1456 3658 certamen
1486 3586 1579 3654 inte,
1608 3584 1813 3655 Romanum
1844 3600 1878 3657 et
1901 3583 2272 3678 Constantinopolita-

252 3709 340 3782 alios
361 3705 406 3774 ad
429 3698 559 3770 indicia
583 3706 618 3764 et
639 3693 683 3760 ad
700 3687 863 3782 Synodos
886 3684 1019 3755 debeat.
1070 3679 1151 3749 Huc
1174 3700 1231 3748 ae·
1281 3709 1389 3771 num,
1423 3688 1461 3755 in
1488 3712 1559 3779 quo
1584 3683 1778 3772 Gregorius
1802 3685 2045 3757 crudelissimo
2068 3686 2270 3776 parricidae

252 3804 479 3880 commodant
493 3798 604 3866 dicta:
631 3791 690 3861 Tu
705 3787 886 3869 esPetrus,
911 3777 1231 3873 etsuperhancPe-
1281 3783 1419 3859 Phocae
1440 3788 1508 3857 suit
1527 3787 1689 3878 aequior,
1714 3786 1796 3876 quia
1820 3784 2025 3858 Romanum
2046 3783 2271 3878 Episcopum

254 3923 343 3980 tram
374 3898 563 3972 aedificabo
586 3889 779 3964 Ecclesiam
807 3909 933 3956 meam.
983 3881 1089 3952 Item:
1122 3877 1231 3948 Pasce
1281 3886 1447 3980 praetulit
1460 3883 1869 3976 Constantinopolitano.
1922 3886 1991 3958 Sed
2014 3901 2131 3957 tamen
2149 3888 2271 3958 videri

223 4028 338 4082 ·oves
360 4023 465 4071 meas.
515 3993 559 4066 lu
581 3988 637 4061 his
658 3988 776 4059 verbis
798 3989 880 4081 qnia
898 3984 1042 4055 Petrum
1057 3980 1232 4054 Dominus
1282 3990 1459 4059 modestus
1482 3987 1610 4070 voluit,
1635 4011 1709 4056 nou
1731 3987 1808 4057 vult
1832 4011 2033 4081 quenquam
2056 3987 2307 4068 dictatam,

254 4103 464 4198 ³¹¹⁰q⁰llurs
490 4097 591 4165 aiunl
613 4091 804 4184 praelatum
826 4109 899 4155 ⁰⁵⁵²
914 4083 1078 4169 melesii»,
1103 4094 1137 4151 ‘l
1153 4103 1232 4150 8ῡο-
1280 4082 1442 4181 pearata,
1469 4101 1505 4159 et
1520 4087 1673 4177 graviter
1687 4100 1823 4157 accusat
1838 4089 2067 4158 ambitionem
2084 4088 2269 4181 inquiens:

201 4236 202 4240 ’
253 4227 423 4279 ⁰²⁵⁸⁰f⁶¹¹¹
452 4196 548 4267 Pelii
578 4215 755 4263 ⁵¹¹¹¹¹ffl⁰¹¹¹
784 4183 1000 4277 EPl⁸⁰⁰P¹¹¹¹¹
1032 4205 1115 4254 ⁹⁵⁸⁸·
1190 4178 1230 4247 ld
1281 4187 1317 4260 Ο
1341 4203 1518 4280 tempora,
1549 4212 1571 4257 o
1593 4212 1724 4271 mores,
1750 4202 1906 4258 vastatur
1927 4189 2023 4258 orbis
2047 4202 2220 4259 terrarum
2245 4213 2270 4260 a

254 4329 395 4404 quoque
409 4301 581 4371 refutatur
596 4284 850 4361 dictoChristi:
871 4285 986 4376 Reges
1001 4280 1233 4373 gentiumdo-
1281 4291 1456 4372 barbaris,
1489 4290 1653 4358 delemur
1675 4291 1780 4358 urbes
1805 4302 1837 4357 ,p
1862 4291 2010 4380 templa,
2043 4289 2270 4361 trucidamur

1281 4415 1355 4461 non
1385 4391 1499 4460 solum
1530 4391 1700 4460 exercitus
1728 4389 1859 4469 nostri,
1895 4392 1954 4458 sed
1983 4391 2088 4459 etiarn
2120 4389 2270 4460 inermis

354 4519 619 4592 Removeautur
644 4532 665 4578 a
692 4504 889 4578 ministerio
912 4499 1097 4590 Evangelii
1121 4521 1234 4570 κακο-
1280 4492 1473 4563 mnltitudo
1502 4491 1540 4558 in
1569 4491 1737 4574 urbibus,
1770 4512 1889 4573 senes,
1920 4493 2038 4581 pueri,
2070 4505 2268 4576 matronae,

255 4617 392 4718 ζηλίαι,
416 4638 504 4712 qnae
520 4611 771 4684 transformant
785 4600 883 4676 hunc
898 4604 1050 4675 docendi
1065 4601 1233 4684 laborem,
1282 4593 1452 4682 virgines,
1478 4605 1695 4682 occupantur
1718 4590 1920 4680 provinciae
1938 4614 1958 4661 a
1976 4591 2172 4662 cultoribus
2184 4593 2268 4661 ido·

240 4725 319 4818 rqui
345 4719 470 4792 similis
495 4711 606 4784 estin
627 4707 813 4788 omnibus,
846 4705 885 4773 in
907 4703 1083 4795 politicam
1106 4713 1233 4790 poten·
1280 4695 1418 4776 lorum,
1451 4688 1513 4783 qui
1540 4690 1722 4760 barbarica
1746 4690 1842 4760 idola
1871 4691 2046 4764 collocant
2068 4692 2106 4759 in
2134 4693 2267 4782 templa

253 4826 340 4900 tiana
369 4832 429 4890 aut
456 4809 745 4886 antecellentiam.
796 4803 895 4874 ldem
921 4801 1153 4892 Evangelium
1182 4811 1234 4869 est
1281 4805 1418 4874 nostra,
1443 4791 1625 4861 trucidatis
1646 4791 1713 4881 piis
1739 4788 1996 4861 Sacerdotibus.
2048 4789 2091 4860 ln
2111 4786 2168 4860 his
2185 4805 2267 4861 tan-

254 4921 416 4996 omnjum
435 4929 526 4986 recte
542 4910 763 4990 docentium,
789 4918 822 4975 et
837 4905 997 4975 omnium
1017 4926 1100 4974 voce
1114 4899 1233 4969 efficax
1282 4893 1326 4963 tis
1356 4891 1611 4961 calamitatibus
1634 4905 1668 4961 et
1690 4891 1876 4962 doloribus
1900 4893 2039 4983 pionuu
2062 4905 2179 4962 tamen
2203 4895 2268 4962 de-

254 5036 308 5096 est
322 5015 495 5090 {magnei
513 5005 620 5108 λόγος
635 5007 768 5081 ,eterni
784 5005 902 5096 patri„
1281 4993 1448 5069 liciantur
1460 4987 1649 5083 Episcopi,
1675 5007 1710 5062 et
1733 4992 1897 5062 vanitatis
1920 4995 2066 5063 nomina
2088 5007 2266 5084 expetunt,

355 5129 477 5204 Unum
495 5137 599 5214 capua
612 5136 664 5193 ρει
678 5117 855 5192 Ecclesiae
869 5118 1038 5202 flliugnei
1051 5113 1233 5208 perficam,
1281 5108 1315 5162 et
1332 5115 1443 5163 novos
1459 5115 1498 5160 ac
1514 5087 1716 5182 prophanus
1730 5090 1852 5164 titulos
1871 5094 1938 5164 sibi
1952 5095 2126 5164 tribuunt.

255 5235 376 5312 omnia
394 5233 434 5300 in
449 5225 629 5297 omuibus.
678 5219 916 5294 Removeatur
931 5233 1129 5292 monstrosa
1145 5214 1234 5300 ligu.
1383 5223 1577 5313 Gregoriua
1606 5224 1768 5296 odiosum
1791 5253 1922 5302 nomen
1943 5229 2088 5314 vitavit,
2126 5229 2266 5320 princi.

253 5362 314 5423 ra,
339 5354 430 5429 quoe
452 5325 552 5402 addit
567 5324 718 5393 altemm
733 5334 848 5412 caput.
899 5319 1234 5406 Removetimperia
1281 5339 1403 5419 patum
1418 5339 1533 5398 rame„
1550 5327 1779 5403 nongbiecig
1884 5359 1886 5364 -
