4726 5828
120 261 167 332 ιι
241 309 246 314 .
628 251 895 332 uuonan
927 203 1519 354 ,umnmarn'unouac
1552 267 1637 336 aaa.
2097 268 2147 338 ra

120 426 204 522 quid
222 425 411 516 gloriosius
429 427 474 496 de
487 421 634 498 homine
655 425 727 497 dici
748 439 879 520 potest,
905 451 1011 523 quam
1029 449 1103 500 esse
1155 427 1272 498 larum
1304 426 1539 520 cupiditatum
1567 427 1640 498 sint
1660 429 1868 515 ministrae,
1900 445 1940 504 ut
1960 427 2143 526 Lycurgus

117 543 251 598 mentes
269 541 407 598 nostras
430 526 588 619 specula,
614 528 653 596 in
676 551 766 620 quae
784 529 911 620 sparsit
927 531 1103 616 Dauara·
1154 526 1324 599 concessit
1340 529 1532 612 adulteria,
1558 528 1587 597 si
1603 529 1743 601 adulter
1766 531 1941 623 paciscens
1964 555 2044 602 cum
2067 557 2143 604 ma·

118 629 195 698 dios
223 622 331 698 huius
359 651 441 698 suae
472 628 683 720 sapientiae,
728 630 958 702 monstrantis
982 632 1103 724 ipsum
1152 629 1240 715 rito,
1265 629 1491 720 permittente
1507 652 1569 713 eo,
1595 632 1771 702 frueretur
1786 633 1902 702 aliena
1921 634 2082 722 coniuge.

116 726 255 813 Deum,
282 741 317 798 et
334 749 469 797 summa
487 728 526 796 iu
541 752 583 799 eo
599 730 711 814 bona,
736 728 869 816 scilicet
890 729 1100 823 sapientiam
1254 729 1457 800 Secundum
1489 730 1645 800 officium
1675 745 1745 822 est,
1778 749 1818 805 ut
1841 733 2071 823 Magistratus
2095 737 2142 808 sit

116 843 151 900 et
165 828 363 900 iusticiam?
387 827 485 918 Quid
503 843 586 900 sunt
600 844 734 902 caetera
749 831 860 918 bona,
884 832 1003 926 qualia
1021 842 1104 902 suut
1152 843 1317 900 executor
1334 832 1451 920 legum
1467 829 1696 918 divinarum,
1721 857 1761 903 ac
1775 857 1895 904 severe
1911 835 2039 926 puniat
2054 858 2141 906 con·
2259 853 2266 874 ¹·

115 930 154 1000 iu
171 930 384 1021 pecudibus,
408 931 497 1014 vita,
522 931 651 1004 sanitas
666 955 874 1022 corporum,
898 946 934 1003 et
954 933 1103 1022 agilitas,
1153 943 1318 1003 tumaces.

115 1033 314 1122 voluptates
339 1030 378 1098 in
403 1031 554 1121 pabulo,
578 1046 686 1122 potu,
712 1033 929 1103 concubitu?
985 1031 1103 1102 Fateri
1255 1031 1440 1116 Tertium,
1465 1044 1506 1100 nt
1525 1054 1606 1104 suas
1623 1035 1792 1126 quasdam
1807 1032 1900 1122 leges
1915 1033 2041 1120 addat,
2065 1059 2141 1104 non

115 1153 256 1202 necesse
277 1144 344 1213 est,
369 1132 483 1202 maius
499 1134 634 1202 bonnm
650 1155 723 1203 esse
738 1133 945 1226 sapientiam
961 1147 995 1203 ct
1010 1134 1104 1202 inter
1153 1145 1349 1222 pugnantes
1372 1156 1451 1201 cum
1476 1133 1627 1218 divinis,
1661 1137 1721 1204 sed
1748 1158 1838 1228 quae
1859 1134 2142 1218 cirrumstantias
2195 1160 2201 1166 ·

114 1253 239 1302 omnes
254 1233 383 1318 gradus
398 1232 590 1322 sapientiae
604 1257 780 1304 summum
798 1257 889 1318 esse,
913 1232 1103 1304 discrimen
1154 1232 1291 1324 aliquas
1304 1234 1420 1320 legum
1441 1235 1660 1323 generalium
1677 1235 1932 1316 determinent,
1964 1236 2143 1326 probabili

113 1327 347 1402 honestorum
379 1346 414 1403 et
443 1334 620 1423 turpium,
659 1337 754 1428 quod
785 1333 941 1406 ostendit
966 1346 999 1403 et
1029 1355 1102 1402 esse
1153 1335 1310 1416 ratione,
1335 1347 1370 1404 et
1385 1333 1457 1406 sint
1478 1335 1695 1404 adminicula
1715 1338 1832 1425 legum
1854 1335 2075 1421 divinarum,
2100 1349 2142 1406 ut

113 1431 256 1512 Deum,
289 1447 323 1502 et
346 1431 461 1524 qualis
483 1434 548 1518 sit,
573 1448 608 1505 et
628 1457 701 1504 esse
722 1435 900 1506 vindicem
921 1435 1103 1508 scelerum.
1153 1457 1234 1503 cum
1249 1437 1378 1521 gradus
1395 1433 1649 1526 suppliciorum
1667 1437 1820 1509 ordinat.

115 1528 319 1622 Oportebat
330 1546 447 1602 autem
470 1557 536 1603 nos
560 1534 740 1608 intuentes
763 1537 803 1605 in
829 1536 934 1605 uobis
959 1530 1025 1606 bos
1045 1557 1103 1604 ra·
1256 1532 1452 1620 Quartum,
1477 1550 1518 1606 ut
1538 1536 1585 1605 sit
1597 1550 1763 1609 executor
1778 1559 1924 1606 suarum
1940 1534 2080 1624 legum,
2106 1547 2142 1604 et

113 1632 194 1702 dios
227 1633 420 1724 sapientiae
444 1629 533 1717 Dei,
571 1658 758 1726 agnoscere
789 1636 1031 1720 conditorem,
1069 1647 1103 1704 et
1154 1633 1280 1724 puniat
1293 1647 1525 1708 contumaees.

112 1754 235 1802 amare
250 1734 413 1802 ordinem
430 1736 475 1804 ab
488 1734 754 1826 ipso-sancitum
769 1750 805 1807 et
821 1758 887 1806 uos
904 1748 1104 1807 reverenter
1256 1731 1379 1826 ltaque
1401 1759 1481 1804 cum
1502 1731 1600 1806 Deus
1622 1736 1697 1826 ipse
1719 1737 1799 1806 fons
1829 1736 1876 1806 sit
1904 1735 2023 1824 legum
2042 1750 2078 1806 et
2098 1735 2144 1805 sit

113 1833 356 1917 ei-subiicere,
389 1847 423 1904 et
446 1834 685 1928 intrametas,
718 1859 806 1927 qrras
826 1837 931 1908 nobis
951 1835 1105 1905 circum-
1155 1847 1259 1903 arator
1273 1847 1308 1904 et
1321 1848 1548 1905 conservator
1562 1837 1698 1926 politici
1715 1836 1871 1920 ordinis,
1895 1837 1987 1907 sicut
2002 1835 2146 1928 sapien·

112 1935 236 2017 dedit,
262 1929 537 2010 noscobercere.
577 1937 645 2008 Sed
663 1933 752 2027 prob
770 1935 1105 2022 dolortristedissi-
1156 1935 1204 2004 tia
1228 1932 1294 2002 Dei
1315 1937 1409 2026 apud
1430 1935 1658 2006 Salomonem
1680 1937 1811 2030 inquit:
1855 1935 1923 2006 Per
1955 1959 2012 2004 me
2044 1957 2143 2024 reges
2229 2023 2230 2026 Ἴ

112 2035 221 2104 dium
238 2046 290 2104 est
303 2035 535 2124 cupiditatum
552 2049 587 2106 et
602 2033 709 2108 huius
727 2037 815 2106 lueis
837 2038 876 2106 iu
899 2051 1015 2108 ruente
1037 2031 1105 2106 bu·
1155 2048 1322 2124 regnant,
1354 2049 1389 2106 et
1407 2035 1540 2106 iudices
1564 2037 1656 2108 iusta
1676 2039 1890 2124 decernunt,
1915 2057 2144 2125 agnoscamus

112 2157 242 2217 mana,
266 2135 411 2203 etunde
428 2134 474 2204 sit
494 2150 611 2206 ortum
637 2133 703 2206 boc
722 2137 927 2223 dissidium,
951 2149 986 2208 et
1002 2138 1106 2230 quale
1158 2151 1193 2206 et
1210 2138 1320 2225 ipsam
1344 2135 1460 2222 legum
1487 2136 1695 2225 sapientiam
1719 2150 1754 2207 et
1770 2135 2041 2225 Magistratuum
2064 2158 2145 2224 gra-

113 2235 178 2319 sit,
204 2235 537 2306 oslenditdoctrina
555 2233 743 2306 Ecclesiae.
795 2236 866 2308 Sed
882 2252 998 2308 tamen
1021 2237 1106 2307 reli-
1156 2237 1224 2307 dus
1239 2232 1480 2306 beneficiaDei
1495 2259 1584 2320 csse,
1610 2251 1644 2306 et
1656 2252 1857 2309 reverenter
1871 2259 1936 2306 uos
1951 2235 2143 2326 sapientiae

114 2359 186 2428 qua
206 2334 311 2404 estin
329 2332 626 2408 nattrrabumana
649 2331 734 2408 baec
757 2339 920 2422 facultas,
945 2350 985 2408 ut
1008 2359 1107 2406 mens
1154 2333 1224 2412 Dei
1260 2349 1295 2406 et
1325 2336 1493 2424 legitimis
1523 2335 1789 2425 Magistratibus
1817 2336 2064 2419 subiiciamus,
2112 2350 2147 2402 et

111 2439 258 2506 frenare
279 2437 438 2506 membra
460 2435 589 2526 possit,
612 2451 654 2507 ut
676 2451 816 2508 externa
838 2437 1038 2510 obedientia
1062 2439 1104 2506 ad
1156 2435 1328 2518 sciamus,
1359 2438 1435 2507 sine
1457 2437 1530 2506 ulla
1552 2437 1773 2508 dubitatione
1795 2436 2052 2506 contumaciam
2080 2459 2148 2524 pu-

114 2537 230 2626 legem
246 2550 428 2624 congruat.
1158 2537 1253 2619 uiri,
1279 2537 1369 2608 sicut
1384 2536 1554 2608 Salomon
1571 2538 1703 2628 inquit:
1733 2537 1838 2604 'l'ime
1854 2535 2068 2624 Dominum,
2095 2535 2147 2604 illi

220 2633 313 2706 Cum
327 2651 443 2707 autem
458 2635 647 2708 velitDeus
661 2650 695 2709 et
708 2652 828 2710 notam
841 2662 914 2709 esse
929 2639 967 2707 iu
982 2657 1107 2726 genere
1160 2637 1229 2720 mi,
1261 2650 1296 2706 et
1311 2659 1449 2724 regern,
1475 2652 1509 2707 et
1523 2660 1603 2706 cum
1617 2637 1793 2706 seditiosis
1808 2660 1859 2720 ne,
1867 2636 1975 2706 facias
1993 2636 2147 2718 foedera,

115 2733 278 2808 humano
303 2732 394 2807 banc
417 2760 517 2808 suam
539 2737 746 2827 sapientiam
768 2753 803 2809 et
827 2739 986 2808 iusticias
1011 2737 1110 2805 ordi·
1160 2739 1244 2830 quia
1261 2737 1379 2807 subito
1396 2739 1514 2810 veniat
1528 2737 1693 2807 interitus
1709 2761 1843 2811 eorum.
2216 2801 2218 2808 a

115 2857 225 2922 nem,
249 2849 283 2908 et
299 2831 463 2907 homines
487 2839 520 2908 ei
540 2838 704 2918 obedire,
730 2839 891 2911 condidit
904 2833 1111 2919 Ecclesiam,
1264 2835 1361 2906 Haec
1375 2861 1458 2906 vera
1474 2839 1588 2908 oratio
1611 2840 1655 2906 de
1676 2838 1791 2925 legum
1807 2850 1841 2907 et
1857 2833 1994 2926 politici
2010 2830 2147 2904 ordinis

117 2939 157 3008 in
173 2961 247 3031 qua
264 2960 401 3028 semper
417 2959 537 3008 vocem
553 2939 669 3026 legum
690 2938 930 3023 conservavit,
961 2948 996 3006 et
1010 2935 1112 3006 addi·
1163 2936 1333 3026 dignitate
1359 2940 1469 3028 saepe}
1484 2940 1675 3030 repetenda
1697 2950 1766 3021 est,
1793 2951 1833 3006 ut
1857 2960 1936 3006 cum
1957 2934 2150 3024 cogitamus

117 3041 173 3110 dit
186 3038 368 3130 politicam
384 3039 678 3128 gubernationem
698 3051 732 3110 ct
749 3037 999 3128 Magistratus,
1023 3058 1112 3129 quos
1163 3038 1257 3127 leges
1273 3061 1346 3106 nou
1363 3059 1435 3108 esse
1450 3039 1589 3106 vincula
1607 3033 1764 3108 humano
1779 3036 1926 3106 consilio
1949 3034 2151 3122 excogitata,

118 3139 291 3212 instruxit
313 3141 558 3210 autoritateeet
580 3140 708 3222 armis,
726 3153 780 3210 »ut
802 3142 896 3230 leges
917 3139 956 3210 in
980 3136 1112 3229 populo
1164 3161 1229 3208 nec
1244 3137 1405 3227 imperita
1426 3152 1563 3209 tautum
1587 3133 1741 3206 bumana
1768 3137 1936 3223 violentia
1961 3134 2152 3204 constituta

118 3254 253 3315 sonent
271 3253 306 3310 et
328 3253 511 3325 meantur,
542 3253 577 3313 ct
604 3239 754 3330 puniant
778 3256 1015 3313 contumaces.
1064 3232 1114 3307 Et
1165 3262 1256 3323 esse,
1290 3240 1352 3308 sed
1376 3238 1468 3328 leges
1490 3262 1572 3308 vore
1595 3261 1667 3308 csse
1689 3238 1897 3327 sapientium
1919 3233 2005 3318 Ilei,
2039 3247 2074 3302 et
2095 3243 2151 3300 to-

119 3342 207 3434 quia
228 3343 285 3413 lex
314 3341 392 3412 sine
414 3341 619 3421 executione
640 3352 675 3409 et
699 3339 775 3410 sine
799 3342 923 3433 poenis
946 3343 1115 3411 adversus
1164 3354 1241 3411 tum
1268 3340 1430 3410 ordinem
1451 3339 1653 3430 politicum:
1692 3338 1936 3426 Magistratus,
1965 3330 2153 3424 praesidia,

117 3455 368 3522 contumaees,
393 3441 517 3514 inanis
531 3441 670 3513 sonitus
693 3453 765 3525 est,
790 3466 867 3512 non
886 3441 1001 3513 solum
1018 3462 1115 3510 com-
1167 3452 1379 3523 contractus,
1405 3438 1547 3522 iudicia,
1572 3461 1720 3528 poenas,
1746 3437 1848 3508 aDeo
1866 3435 2066 3504 institutum
2081 3453 2154 3500 esse

118 3542 312 3614 mandavit·
336 3560 471 3632 poenam
498 3541 783 3631 Magistratibus,
819 3544 879 3612 sed
913 3542 987 3632 ipse
1018 3539 1116 3612 Deus
1167 3553 1202 3612 et
1231 3540 1451 3623 conservari,
1492 3540 1689 3608 reverentia
1716 3538 1755 3606 iu
1778 3538 1906 3607 animis
1930 3535 2098 3604 excitetur
2120 3543 2156 3599 ct

118 3663 289 3736 praesens
304 3641 540 3734 inimperiis,
563 3666 628 3716 ,sua
641 3641 822 3730 vigilantia
845 3656 879 3714 et
900 3640 1037 3712 iusticia
1059 3663 1117 3711 re-
1168 3643 1405 3713 coubrmetur.
1455 3717 1457 3722 ,
1627 3703 1638 3716 ,

119 3740 234 3818 trabit
255 3755 376 3817 sontes
395 3746 443 3814 ad
462 3740 640 3818 horrenda
664 3743 856 3834 supplicia,
876 3744 984 3812 immo
999 3754 1035 3811 et
1050 3765 1117 3810 no-
1271 3740 1339 3812 Sed
1360 3740 1454 3810 dicat
1469 3738 1614 3831 aliquis:
1641 3737 1738 3828 Quid
1757 3735 1842 3810 haec
1856 3737 1971 3808 oratio
1989 3731 2157 3805 deDeca-

119 3849 206 3919 stris
235 3846 445 3940 corporibm
474 3845 610 3922 indidit
639 3842 879 3914 inevitabilem
909 3841 1120 3926 carnificem,
1168 3845 1249 3932 logo
1265 3840 1348 3910 facit
1362 3841 1405 3908 ad
1423 3835 1507 3910 haec
1522 3841 1650 3932 scripta
1668 3840 2001 3910 luriaconsultorum
2010 3835 2157 3926 Ulpiani

119 3950 268 4022 dolores
278 3951 536 4043 conscientiae,
560 3953 892 4047 quiomoessontas
906 3943 1119 4027 excruciant,
1170 3956 1230 4014 aut
1254 3939 1409 4026 Bartoli,
1439 3965 1503 4013 cur
1526 3942 1650 4010 misces
1675 3941 1795 4010 divina
1817 3935 2003 4018 humanis,
2037 3950 2071 4005 ct
2095 3958 2159 4004 eur

120 4065 162 4122 ut
181 4051 629 4141 conspiciamcdiscriroen
644 4054 738 4125 inter
759 4069 852 4126 recte
874 4056 965 4128 facta
989 4072 1023 4127 et
1041 4062 1119 4128 tur·
1140 4069 1148 4112 ¹
1170 4068 1248 4132 nult
1264 4043 1511 4128 dsslesefflsslul‘
1524 4043 1617 4132 1θὸθῦ
1626 4040 1763 4112 ΜῡῖδῑΡ
1806 4039 1909 4130 Hm,
1924 4036 2157 4155 ‘’bietii‘lsseffl

120 4151 193 4243 pia.
235 4149 303 4222 llis
318 4153 503 4224 doloribus
519 4155 778 4241 convincimur,
802 4171 843 4228 ut
859 4160 1032 4232 fateamur
1047 4181 1120 4228 esse
1170 4159 1317 4231 refutari
1334 4153 1473 4234 neciife
1490 4158 1556 4234 est«
1610 4141 1657 4249 U}
1673 4157 1828 4213 melem
1845 4152 1935 4215 “¹¹⁰³
1951 4156 2078 4230 Pilum
2097 4137 2160 4205 ἅθ’

121 4248 244 4325 Deum
259 4253 453 4343 sapientem
468 4269 502 4326 et
516 4256 670 4342 iustum,
695 4272 730 4330 et
745 4258 848 4339 velle,
873 4273 913 4330 ut
929 4259 1038 4329 simus
1053 4259 1120 4351 ipsi
1171 4264 1508 4346 monstrationibus,
1538 4263 1667 4356 partim
1691 4243 1937 4359 p'robabilimii
1959 4237 2161 4349 “¹¹¹⁰fflbu}

124 4356 341 4434 conformes,
365 4368 399 4426 et
415 4357 506 4427 iuste
522 4358 650 4449 punire
663 4372 899 4432 contumaees.
931 4359 1007 4428 lllis
1023 4383 1121 4439 vero,
1172 4387 1213 4433 er
1230 4365 1362 4435 divinis
1379 4367 1521 4436 noticiis
1545 4381 1721 4440 extructae
1745 4385 1844 4455 sunt,
1869 4385 1911 4442 nt
1925 4348 2161 4442 Aritbmetica‘

124 4456 291 4546 quisunt
306 4455 339 4526 ei
355 4459 571 4544 conformes,
594 4460 941 4530 communicatunrm
958 4483 1031 4530 esse
1047 4482 1120 4530 sese
1172 4489 1214 4534 ex
1235 4467 1437 4554 cognitione
1457 4469 1727 4557 proportionum
1750 4486 1888 4562 sumpta
1910 4486 1975 4542 est:
2010 4473 2059 4542 ita
2080 4471 2160 4542 Ro·

125 4567 160 4627 et
172 4577 238 4627 sna
254 4555 366 4628 honac
394 4556 529 4644 Vitam,
554 4559 782 4652 sapientiam,
808 4560 983 4634 iusticiam
1000 4575 1035 4630 et
1048 4562 1122 4632 lae-
1172 4587 1298 4634 manae
1313 4567 1406 4655 leges
1422 4590 1462 4636 ex
1481 4569 1623 4639 noticiis
1638 4574 1878 4657 naturalibus,
1902 4597 1991 4665 quae
2007 4587 2088 4644 sunt
2102 4596 2161 4642 ra-

125 4655 262 4730 ticiam.
313 4654 491 4731 Attribnit
507 4673 624 4734 autem
639 4660 865 4752 Magistratui
881 4658 947 4732 bos
969 4675 1123 4756 quatuor
1173 4666 1225 4735 dii
1242 4667 1434 4757 sapientiae
1451 4667 1612 4756 divinae,
1638 4672 1678 4739 in
1692 4673 1870 4762 Decalogo
1888 4673 2041 4744 breviter
2065 4697 2163 4744 com-

126 4757 261 4845 gradus
278 4758 490 4832 officiorum.
716 4801 719 4808 ·
1174 4760 1362 4858 prehensi,
1402 4771 1498 4838 bona
1523 4773 1772 4863 consequentia
1800 4775 1927 4842 ductae
1958 4789 2050 4848 sunt.
2115 4771 2164 4844 Et

231 4857 414 4946 Primum,
445 4875 486 4932 ut
507 4877 610 4934 sonet
632 4885 752 4934 vocem
775 4861 867 4951 legis'
888 4862 1052 4948 divinae,
1084 4862 1121 4933 id
1174 4889 1312 4959 semper
1333 4869 1401 4939 fuit
1427 4890 1485 4938 ars
1510 4865 1869 4958 iurisconsultorum,
1907 4897 2026 4944 causas
2044 4888 2164 4943 osten-

127 4955 378 5048 estDecalogi,
404 4984 465 5032 seu
478 4977 520 5035 ut
535 4962 909 5052 nominamus,=Isem's
922 4976 1070 5037 naturae
1083 4965 1123 5034 in
1174 4969 1258 5038 dere
1274 4993 1418 5041 suarum
1436 4971 1689 5042 sententiarum
1704 4975 1744 5042 iu
1762 4973 1835 5043 illis
1851 4975 2020 5045 fontibus.
2057 4971 2164 5042 Prae-

127 5080 260 5148 geuerc
275 5055 447 5134 humano.
501 5063 591 5136 Vult
613 5065 770 5156 conspici
790 5087 866 5134 sese
882 5063 980 5158 Dens
999 5065 1040 5135 iu
1060 5089 1124 5136 sua
1174 5080 1270 5140 terea
1283 5065 1349 5141 bae
1363 5069 1552 5142 autoritate
1568 5071 2100 5164 armavitDeusMagistratum,
2125 5085 2166 5142 ut

128 5159 221 5248 lego.
271 5157 376 5233 Hauc
400 5162 511 5252 igitur
535 5165 614 5237 vult
636 5165 790 5258 proponi
813 5177 848 5236 et
867 5188 1029 5236 normam
1051 5187 1124 5237 esse
1165 5169 1282 5240 *etiam
1303 5195 1384 5243 cum
1403 5173 1661 5244 demonstratio
1682 5176 1800 5257 deest,
1825 5187 1861 5246 et
1882 5175 1922 5243 in
1947 5173 2166 5244 decernendo

129 5259 297 5331 omnium
313 5263 565 5352 consiliorum,
588 5287 665 5336 non
680 5267 839 5338 vultnos
852 5265 985 5340 nostris
999 5267 1126 5358 imagi·
1175 5271 1400 5364 probabilem
1430 5272 1605 5342 rationu
1636 5277 1814 5370 sequitur,
1842 5297 1920 5344 ‘non
1953 5287 2167 5366 pugnantem

130 5361 341 5438 nationibus
356 5365 452 5458 regi,
473 5379 535 5440 aut
555 5366 778 5442 comminisci
798 5368 894 5460 leges
901 5420 913 5456 ,
937 5390 1028 5464 quae
1047 5391 1126 5441 ma-
1175 5393 1257 5444 cum
1287 5374 1365 5446 iure
1395 5370 1537 5444 divino:
1551 5387 1700 5522 *tarum
1726 5378 1783 5450 lex
1803 5377 1903 5450 bruas
1928 5373 1986 5452 sit.
2054 5372 2167 5466 ldque
