4726 5828
86 285 135 360 u
477 301 485 306 -
576 297 579 304 ·
671 211 831 360 nucu
869 269 947 356 oa
976 266 1312 350 occurrere
1343 269 1545 351 ancer.
2069 287 2120 364 ι,

189 451 290 530 Um,
314 465 366 524 ,a
389 463 506 529 ,mm
522 445 711 534 amnibus,
734 471 835 542 saepe
852 447 1077 542 multumque
1128 466 1215 537 pum
1238 445 1370 518 virtute
1392 457 1622 538 propagatam
1645 469 1735 536 esse,
1776 443 1875 525 Otho
1906 411 2029 530 tertius
2050 461 2114 553 qui

84 556 312 630 considerare
333 551 589 629 successionem
609 549 861 642 imperiorum,
897 550 1077 644 quomodo
1128 547 1217 618 adeo
1231 546 1396 618 excelluit
1409 545 1602 639 sapientia,
1630 563 1672 620 ut
1692 574 1824 622 nomeu
1846 554 1879 624 ei
1902 559 2114 634 attributum

70 657 184 734 Deus
206 649 415 730 custodierit
435 677 545 745 genus
565 645 783 734 humanum,
810 663 846 722 et
868 649 997 722 rexerit
1024 649 1077 720 le-
1126 647 1193 733 sit,
1218 647 1397 720 mirabilia
1420 648 1564 734 mundi,
1589 642 1683 724 banc
1697 650 1994 746 ,coniunctionem
2018 684 2113 734 novo

84 763 208 852 gibus,
241 773 276 830 et
302 753 556 848 compescuerit
578 768 752 848 tyrannos
776 766 810 826 et
836 751 993 823 latrones
1014 775 1078 844 per
1112 747 1276 820 consilio
1292 748 1460 820 munivit.

84 876 241 957 mutuor
255 852 493 942 monarchias,
510 854 696 948 sapientia,
722 853 853 925 virtute
868 868 903 925 et
916 853 1075 946 potentia
1226 845 1458 924 Adsentiente
1474 847 1641 924 Romano
1656 849 1829 927 Pontifice
1843 857 2045 949 constituit,
2069 878 2110 938 ut

83 963 295 1034 excellentes
320 959 359 1026 in
382 951 707 1048 generehumano,
743 978 891 1049 quarum
919 953 1076 1045 picturas
1127 950 1292 1044 deinceps
1314 975 1454 1042 semper
1475 953 1683 1026 coniunctae
1706 969 1821 1028 essent
1842 953 1942 1030 Italia
1962 975 1996 1034 et
2014 961 2109 1036 Ger-

81 1061 185 1134 Deus
198 1083 269 1132 esse
283 1059 390 1129 nobis
406 1058 592 1151 proposuit
608 1057 648 1126 iu
663 1053 832 1142 Daniele,
856 1077 946 1150 quae
959 1055 1076 1145 pictu-
1126 1053 1262 1138 mania,
1288 1066 1322 1124 et
1338 1067 1380 1125 ut
1394 1052 1433 1121 in
1445 1049 1639 1126 Germania
1654 1069 1786 1150 septem
1802 1058 2110 1160 essentPrincipcs

84 1188 146 1234 rae
162 1161 389 1252 distinguunt
403 1160 508 1237 etiam
525 1159 691 1228 virtutem
707 1171 741 1227 et
755 1159 934 1227 fortunam
951 1156 1075 1246 singu·
1123 1147 1315 1239 fflecrores,
1340 1151 1401 1248 qui
1417 1153 1728 1247 eligereutRegem
1740 1155 1993 1233 Germanicum
2001 1164 2109 1238 Prin-

83 1266 201 1334 lorum
218 1262 464 1353 imperiorum.
503 1259 621 1332 Simul
637 1274 753 1330 autem
771 1258 823 1328 ibi
838 1255 1073 1346 significatum
1123 1253 1236 1344 cipem
1253 1268 1376 1326 natum
1392 1254 1431 1324 in
1446 1255 1579 1328 familia
1590 1255 1815 1341 Germanica,
1835 1263 2107 1356 dominaturum

82 1379 151 1448 est,
177 1365 218 1432 in
237 1357 303 1432 hac
316 1377 454 1434 senecta
472 1361 599 1450 mundi
620 1359 700 1450 plus
713 1359 790 1428 iore
809 1357 1073 1442 confusionum,
1123 1352 1245 1426 Italiae
1276 1371 1310 1427 et
1333 1353 1564 1444 Germaniae,
1600 1371 1634 1428 et
1663 1359 1721 1428 cui
1747 1359 1963 1436 tribueretur
1981 1365 2106 1442 titulus

81 1489 192 1559 ιιιιιιιιι
215 1464 422 1550 ruitantes,
447 1475 640 1544 ettamen,
666 1454 1071 1547 doriecestgenushu-
1121 1453 1276 1527 Romani
1300 1454 1541 1548 Imperatoris.
1604 1456 1688 1550 Hoq
1711 1463 1891 1534 decretum
1913 1489 1984 1559 quo
2010 1492 2106 1543 anno

79 1588 252 1654 manum,
290 1586 399 1652 regna
426 1564 544 1656 aliqua
576 1559 692 1632 Deum
724 1573 945 1632 servaturum
986 1582 1071 1640 esse,
1121 1557 1252 1628 Iactum
1266 1558 1325 1643 sit,
1349 1582 1422 1628 non
1439 1572 1534 1629 certo
1549 1559 1711 1648 traditur,
1729 1563 1788 1632 sed
1806 1588 1880 1635 non
1896 1568 2008 1640 multo
2024 1583 2105 1643 ante

81 1691 173 1760 quae
190 1689 265 1758 quo
279 1665 427 1755 propior
439 1665 508 1733 erit
529 1660 611 1732 finis
625 1661 751 1730 mundi
760 1713 770 1746 ,
803 1676 908 1732 erunt
929 1661 1072 1748 langui·
1120 1671 1269 1728 mortem
1281 1654 1439 1730 Othonis
1453 1659 1546 1732 tertii
1562 1661 1692 1732 lactum
1708 1685 1779 1733 esse
1794 1680 1971 1740 narratur.
2006 1669 2105 1742 Scri-

80 1770 198 1840 diora.
250 1765 391 1836 Interea
407 1765 594 1833 maximam
606 1762 685 1832 t'ore
700 1761 895 1852 potentiam
909 1761 1072 1831 barbari·
1120 1759 1173 1830 bit
1187 1773 1303 1830 aretem
1316 1757 1564 1852 Urspergensis
1580 1763 1709 1852 dignus
1722 1763 1790 1835 lide
1796 1817 1810 1850 ,
1836 1782 2016 1841 mortuum
2029 1796 2104 1844 esse

80 1891 142 1940 cae
173 1865 360 1936 cuiusdam
387 1865 521 1955 gentis,
563 1885 653 1955 quae
677 1861 715 1932 in
737 1861 870 1931 divinis
894 1861 1072 1932 vaticiniis
1121 1855 1304 1930 Othonem
1325 1862 1469 1933 tertium
1484 1887 1579 1932 anno
1604 1863 1793 1935 millesimo
1813 1869 1947 1960 primo,
1974 1873 2102 1964 quinto

78 1969 292 2040 nominatur
314 1963 394 2054 Gog
415 1977 449 2034 et
471 1963 618 2053 Magog,
657 1986 763 2055 quam
787 1984 859 2030 esse
881 1959 1070 2034 Turcicam
1120 1955 1294 2032 Calendas
1305 1959 1500 2037 Februarii.
1536 1961 1695 2036 Blondus
1711 1965 1889 2038 decretum
1905 1965 2103 2046 deElecto·

79 2081 223 2159 gentem
240 2061 335 2134 nihil
351 2065 575 2146 dubitemus,
600 2086 689 2154 quae
707 2062 902 2133 manifestis
917 2062 1071 2133 miracu-
1120 2061 1220 2132 ribus
1235 2063 1366 2134 iactum
1380 2087 1453 2134 esse
1469 2064 1590 2136 scribit
1603 2065 1750 2136 biennio
1767 2082 1858 2140 ante.
1889 2065 1936 2142 Et
1952 2095 2102 2145 consen-

79 2171 127 2238 lis
151 2191 173 2238 a
197 2163 275 2237 Deo
297 2164 426 2234 reiecta
455 2177 490 2234 et
516 2164 680 2232 damnata
704 2175 767 2238 est.
827 2161 952 2232 Voluit
973 2163 1069 2232 enirn
1120 2175 1264 2234 laneum
1298 2177 1349 2236 est
1381 2164 1490 2235 inisse
1520 2165 1810 2239 deliberationem
1836 2193 1910 2241 non
1935 2173 2104 2252 subitam.

78 2265 182 2339 Deus
196 2289 264 2336 nos
280 2286 527 2353 praemonere,
552 2286 597 2331 ne
612 2261 700 2334 moti
715 2261 872 2353 potentia
890 2263 965 2333 eius
985 2286 1070 2356 gen·
1121 2261 1322 2334 Voluerunt
1337 2278 1455 2336 autem
1470 2278 1610 2337 autores
1633 2262 1740 2340 buius
1759 2265 1991 2361 pulcherrimi
2016 2301 2103 2350 con.

78 2371 148 2448 tis,
174 2366 378 2437 deficiamus
391 2363 436 2434 ab
450 2386 493 2432 ea
507 2363 690 2449 doctrina,
716 2385 906 2458 quaerore
923 2361 1070 2436 fiaiDei
1119 2362 1191 2432 silii
1211 2359 1306 2434 hunc
1325 2362 1576 2457 Imperatorem
1598 2389 1672 2438 non
1695 2366 1811 2440 soleam
1834 2395 1907 2444 esse
1923 2371 2044 2448 ltaliae
2067 2395 2102 2453 et

77 2469 188 2540 nobis
203 2465 413 2544 traditaest.
1121 2461 1334 2536 Germaniae
1359 2466 1596 2553 defensorem,
1638 2472 1698 2539 sed
1733 2471 1838 2540 etiam
1871 2477 2102 2569 praecipuum

187 2566 306 2639 Simul
326 2578 442 2636 autem
465 2563 697 2652 significatum
722 2577 793 2649 est,
832 2562 972 2635 Turcos
993 2587 1068 2637 non
1119 2564 1213 2634 inter
1227 2563 1342 2655 Reges
1357 2567 1492 2658 publici
1513 2567 1654 2639 consilii
1670 2568 1891 2662 Principem,
1914 2591 1948 2648 et
1960 2574 2101 2668 Regum

5 2723 6 2726 ,
77 2667 355 2740 habiturosesse
378 2658 621 2734 monarchiam
639 2688 759 2755 parem
776 2665 976 2757 prioribus,
1008 2667 1069 2736 sed
1119 2663 1270 2736 aliorum
1285 2664 1420 2738 Ducem
1438 2667 1624 2739 intuendo
1641 2670 1699 2762 pio
1723 2695 1896 2744 consensu
1919 2677 2101 2752 doctrinae

78 2772 155 2841 alia
180 2768 352 2862 quaedam
375 2788 481 2854 regna
504 2787 670 2834 mansura
692 2787 784 2850 esse,
810 2788 961 2856 quorum
984 2767 1069 2836 nul·
1118 2766 1311 2854 religionis,
1334 2781 1369 2837 et
1384 2768 1420 2836 iu
1437 2769 1918 2861 reprimendisBarbarorum
1932 2777 2103 2872 irruptio·

78 2874 162 2942 lum
188 2868 382 2962 potentiam
405 2861 550 2936 habebit
573 2889 693 2956 parem
718 2865 899 2956 prioribus
925 2867 1069 2961 monai-
1118 2865 1225 2936 nibus
1244 2867 1282 2935 in
1306 2868 1421 2936 vicina
1445 2891 1565 2957 regua.
1634 2873 1688 2940 Ad
1715 2868 1799 2942 haec
1824 2897 1961 2948 summa
1986 2881 2102 2956 officia

78 2969 187 3042 chiis.
237 2969 307 3040 Sed
324 2981 441 3040 tamen
458 2979 499 3036 ut
514 2966 634 3058 aliquo
659 2967 768 3035 modo
789 2967 881 3055 leges
905 2976 941 3036 et
962 2965 1069 3038 disci·
1117 2958 1216 3035 hrrnc
1232 2964 1485 3060 Imperatorem
1502 2968 1598 3040 velut
1616 2969 1654 3038 in
1671 2974 1849 3064 speculam
1870 2999 2045 3051 summam
2061 2983 2101 3056 in

78 3074 182 3166 plina
205 3081 477 3152 conserventur,
510 3067 664 3138 subinde
677 3064 775 3136 Deus
793 3066 918 3136 excitat
933 3063 1067 3156 Regem
1118 3087 1244 3163 genere
1260 3061 1418 3138 humano
1440 3071 1671 3147 collocarunt.
1722 3070 1776 3145 Ac
1795 3077 1973 3167 sapienter
1995 3081 2101 3157 insti-

77 3170 351 3244 antecellentem
380 3169 512 3239 virtute
542 3183 576 3238 et
597 3167 756 3261 potentia
784 3166 944 3237 caeteris:
988 3168 1068 3239 talis
1117 3179 1233 3238 tutum
1249 3181 1301 3238 est
1315 3169 1503 3260 collegium
1518 3167 1742 3260 Electorum,
1768 3189 1809 3246 ut
1830 3193 1963 3270 septem
1984 3199 2101 3260 essent

5 3341 6 3350 ,
77 3274 161 3346 Rex
193 3271 263 3343 fuit
282 3267 432 3341 Carolus
458 3267 612 3359 primus,
647 3268 709 3360 qui
738 3267 926 3337 dilacerata
958 3269 1068 3339 veteri
1118 3263 1318 3359 Principes,
1342 3269 1416 3340 sive
1431 3271 1591 3366 exemplo
1601 3270 1806 3362 Persarum,
1830 3279 1904 3351 sive
1913 3279 2100 3360 Laconico.

5 3357 7 3406 ³
78 3369 290 3446 monarchia
308 3369 490 3454 Romana,
520 3368 666 3438 caeteris
686 3365 845 3456 Regibus
867 3367 905 3435 in
924 3363 1067 3460 Europa
1116 3364 1208 3436 Nam
1221 3382 1256 3440 et
1271 3371 1363 3461 apud
1382 3369 1506 3442 Persas
1520 3373 1708 3444 consilium
1725 3397 1905 3450 summum
1928 3383 1997 3456 suit
2019 3401 2100 3478 port

77 3461 308 3553 antecelluit,
333 3471 450 3542 tenuit
464 3469 559 3539 enirn
574 3464 750 3552 Galliam,
775 3465 1005 3538 Germaniam
1033 3483 1068 3540 ct
1117 3491 1235 3558 regem
1269 3482 1401 3562 septem
1434 3472 1738 3546 nobilissimorum
1765 3474 1984 3576 Principum.
2051 3483 2100 3563 Et

75 3579 213 3647 bonam
230 3571 353 3642 ltaliae
370 3585 526 3664 partem,
551 3581 585 3638 et
602 3590 821 3659 compescere
835 3583 988 3638 caeteros
1003 3593 1066 3662 po·
1117 3570 1211 3661 apud
1243 3567 1540 3660 Lacedaemonios
1572 3569 1712 3664 Ephori
1751 3579 1896 3654 luerunt
1930 3585 2100 3682 quinque.

75 3690 183 3750 terat.
237 3673 357 3764 Quare
374 3695 454 3742 cum
468 3670 598 3764 prioris
619 3663 846 3738 monarchiae
861 3670 962 3761 quasi
983 3671 1069 3739 reli·
1116 3667 1246 3741 Noster
1267 3666 1359 3740 Saxo
1391 3673 1566 3764 sapienter
1591 3674 1685 3746 viros
1706 3681 1828 3750 doctos
1853 3695 1887 3752 et
1911 3685 2099 3766 bellatores

77 3779 185 3872 quias
200 3789 353 3863 teneret,
378 3795 511 3842 nomen
528 3769 631 3841 etiarn
651 3770 682 3838 ei
698 3766 856 3840 Romani
874 3767 1068 3860 Imperato-
1116 3770 1270 3855 miscuit,
1295 3772 1408 3844 tribus
1417 3767 1614 3868 Episcopis,
1638 3775 1874 3869 Mogunlino,
1887 3780 2101 3862 Treverensi

75 3881 129 3950 ris
145 3878 358 3948 attributum
374 3886 444 3958 est,
469 3886 505 3944 et
521 3870 702 3960 religionis
712 3865 952 3952 Christianae,
978 3895 1068 3963 qnae
1117 3883 1152 3942 et
1166 3869 1371 3942 Coloniensi
1392 3874 1556 3948 adiunxit
1578 3901 1619 3948 er
1643 3878 1920 3954 bellicosissimis
1934 3890 2099 3978 gentibus

78 3983 119 4050 in
143 3977 294 4070 imperio
307 3974 472 4047 Romano
491 3973 560 4042 iam
579 3984 768 4063 propagata
783 3981 875 4058 erat,
899 3985 934 4043 et
951 3971 1066 4060 legum
1117 3968 1320 4057 tresDuces,
1334 3967 1581 4062 Bohemicum,
1595 3977 1807 4052 Saxonicum
1823 3999 1856 4056 et
1864 3983 2100 4082 Marchicum,

77 4071 328 4154 Romanarum
341 4075 550 4168 praecipuus
565 4087 680 4142 custos
696 4071 774 4145 fuit.
1118 4085 1153 4143 et
1166 4073 1352 4143 adiunctos
1368 4073 1609 4148 estPalatinus
1619 4074 1757 4163 Rheni,
1784 4085 1841 4153 vel
1858 4088 1941 4179 quia
1957 4114 1976 4161 e
1990 4094 2098 4186 stirpe

185 4177 298 4250 Grata
321 4191 355 4246 et
375 4174 475 4245 utilis
497 4173 566 4242 luit
588 4185 674 4242 tunc
695 4173 881 4242 universae
901 4169 1067 4266 Europae
1117 4167 1238 4243 Caroli
1257 4175 1343 4264 fuit,
1367 4176 1423 4247 vel
1439 4190 1479 4248 ut
1493 4174 1615 4250 Rheni
1638 4181 1750 4272 ripam
1772 4187 1976 4260 continuam
2000 4196 2100 4288 quasi

79 4281 289 4357 coniunctio
320 4276 459 4359 ltaliae,
499 4271 639 4344 Galliae
672 4286 706 4342 et
729 4270 953 4372 Germaniae.
1019 4271 1069 4346 Et
1116 4273 1267 4344 limitem
1281 4271 1461 4347 Electores
1478 4293 1630 4372 quatuor
1644 4285 1877 4373 custodirent,
1899 4305 1937 4361 ut
1951 4292 2038 4364 alibi
2053 4297 2099 4365 li-

79 4388 156 4480 ipse
181 4381 331 4470 Carolus
365 4377 480 4448 voluit
505 4370 598 4444 hanc
624 4374 912 4445 coniunctionem
938 4375 1068 4446 dirrare
1116 4373 1238 4444 mitem
1254 4375 1460 4447 orientalem
1471 4393 1661 4453 tenuerunt
1676 4388 1813 4457 caeteri.
1838 4385 1880 4458 ln
1891 4386 1958 4463 hoc
1967 4392 2100 4474 Senatu

80 4491 125 4558 ad
149 4497 328 4577 posteros,
365 4475 601 4550 acLudovico
625 4475 698 4544 filio
718 4477 886 4545 tuendam
909 4475 1067 4550 tradidit.
1116 4475 1308 4570 aequalitas
1322 4475 1629 4567 estArithmctiea,
1654 4497 1792 4556 tantum
1808 4482 1877 4560 hoc
1889 4495 2099 4574 munusha·

80 4587 207 4658 Postea
225 4607 304 4656 curn
323 4579 464 4652 Galliae
481 4600 562 4669 pars
575 4575 697 4646 avulsa
713 4592 783 4660 est,
807 4587 924 4645 tamen
943 4575 1066 4647 Italiae
1116 4578 1176 4649 het
1192 4579 1376 4670 proprium
1393 4578 1647 4671 Mogontiuus,
1671 4601 1711 4655 ut
1726 4602 1879 4660 caeteros
1896 4615 2076 4678 convocet,

80 4705 114 4761 et
132 4685 348 4757 Germaniae
366 4677 653 4752 coniunctionem
679 4676 901 4748 retinuerunt
924 4677 993 4746 viri
1012 4701 1067 4748 sa-
1219 4675 1289 4748 Hic
1308 4677 1461 4751 Senatus
1484 4697 1517 4754 et
1541 4684 1639 4774 eligit
1661 4683 1931 4778 Imperatorem,
1955 4709 1990 4770 et
2010 4701 2040 4772 si
2060 4705 2099 4777 fit

81 4793 223 4884 pientes
240 4801 275 4856 et
298 4781 517 4873 magnanimi
541 4777 708 4849 Saronici
729 4775 913 4868 Principes
934 4775 1062 4848 Henri-
1117 4791 1308 4872 tyrannus,
1343 4795 1406 4852 aut
1428 4777 1538 4855 bostis
1561 4809 1662 4856 verae
1683 4790 1865 4860 doctrinae
1890 4798 2038 4872 traditae
2059 4806 2097 4878 in

82 4915 165 4974 eus,
192 4883 294 4958 Otho
314 4885 473 4976 primus,
498 4873 599 4951 Otho
622 4878 797 4950 secundus
818 4891 853 4949 et
869 4873 971 4948 Otho
995 4893 1066 4949 ter·
1118 4879 1306 4974 symbolis,
1336 4881 1540 4974 Apostolico
1563 4900 1597 4957 et
1621 4883 1775 4974 Niceno,
1808 4891 1912 4985 eripit
1935 4900 1967 4970 ei
1988 4902 2100 5000 impe.

81 4995 167 5064 tius.
232 4981 282 5058 Et
309 4986 394 5078 quia
422 4983 537 5074 reipsa
567 4981 637 5050 iam
665 4990 885 5068 compertum
907 4994 980 5051 erat
1000 4975 1067 5050 hoc
1117 4979 1223 5054 rium.
1274 4979 1451 5056 Necfiunt
1466 4986 1602 5059 decreta
1621 5013 1641 5058 a
1662 4989 1737 5058 solo
1756 4987 1991 5090 Imperatore,
2023 5011 2099 5084 sine

82 5092 330 5186 qualecunque
353 5085 542 5175 imperium
568 5081 636 5152 iam
657 5079 809 5151 salutare
827 5078 935 5150 fuisse
949 5077 1068 5151 Euro-
1117 5080 1372 5173 adprobatione
1393 5085 1553 5179 plurium
1577 5112 1616 5158 er
1639 5082 1706 5157 hoc
1725 5087 1875 5177 Senatu,
1909 5104 1970 5195 qui
1995 5110 2100 5183 etiam

5 5219 6 5228 ι
84 5218 168 5287 pao,
202 5189 371 5280 depulsos
396 5207 472 5255 esse
490 5183 660 5253 barbaros
676 5178 869 5250 Saracenos
891 5181 937 5250 ab
953 5174 1067 5268 Italia,
1118 5182 1157 5250 in
1173 5183 1406 5256 conventibus
1422 5188 1504 5260 lacit
1519 5182 1796 5286 προβούλευμα,
1824 5199 1952 5294 dequo
1968 5207 2098 5284 deinde

87 5286 522 5373 aGerrnaniaHungaros
546 5279 776 5370 etflenetos,
807 5281 895 5350 etin
910 5276 966 5352 his
983 5283 1068 5373 ipsis
1118 5281 1318 5354 deliberant
1340 5288 1466 5356 caeteri
1489 5285 1690 5383 Principes,
1724 5313 1803 5365 curn
1828 5301 1958 5392 quibus
1981 5325 2098 5396 postea

83 5395 250 5487 gentibus
279 5388 487 5476 religionem
509 5379 748 5454 Christianam
779 5376 905 5452 horum
930 5381 1070 5454 Princi-
1117 5383 1319 5454 communis
1341 5386 1381 5458 fit
1401 5383 1616 5479 suffragatio.
1666 5391 1768 5469 Sicut
1782 5395 1934 5472 Athenis
1949 5404 2099 5484 Senatus

134 5501 317 5568 Mensura.
340 5493 443 5560 Oeen.
470 5483 647 5584 Ilouxll.
1565 5489 1590 5562 6
1831 5485 1848 5510 '
1940 5486 1948 5499 “
