4726 5828
93 288 171 362 tas
254 321 257 326 ·
806 275 965 360 DECL.
998 271 1074 354 DE
1105 271 1414 356 cortttJtttO.
2039 292 2112 367 134

91 481 167 530 non
201 456 375 550 pertinet,
409 469 525 527 tamen
558 467 754 526 memorato
781 452 985 546 dignissima
1016 463 1076 522 est.
1124 450 1239 543 regio,
1263 473 1337 520 uon
1354 461 1446 521 aetas
1470 449 1541 520 ulla
1558 450 1668 522 severi
1685 453 1808 525 iudicii
1824 459 2009 550 exemplis,
2034 485 2108 535 non

91 559 334 647 Interrogatus
357 559 452 646 enim
475 581 579 649 quem
604 569 742 648 caperet
764 556 917 626 fructum
941 552 1077 644 praeci·
1126 556 1252 624 domus
1267 551 1340 622 ulla
1359 565 1463 622 caret.

91 685 203 752 prtum
228 655 334 728 huius
360 671 477 727 tantae
500 657 652 746 gloriae,
675 669 708 728 et
731 680 848 727 rerum
873 677 943 724 ase
965 667 1077 744 gesta·
1227 652 1434 723 lntueamur
1452 668 1567 723 autem
1592 649 1786 725 horrendas
1811 657 2002 730 libidinum
2020 687 2105 756 poe.

91 787 189 842 uem,
217 760 418 850 respondit:
454 757 689 828 Huncuuum
713 771 748 828 et
770 753 1077 839 iucundissimum,
1126 776 1189 824 uas
1205 767 1369 848 tanquam
1386 755 1572 824 conciones
1589 757 1631 823 de
1649 757 1804 827 castitate
1819 773 1854 828 et
1875 761 2011 833 iusticia
2027 764 2105 852 Dei,
2167 825 2179 845 ,

91 865 187 956 quod
205 875 367 953 parentes
381 883 463 929 suae
478 859 637 946 virtutis,
660 873 694 930 et
709 859 841 949 gloriae
856 868 1076 948 spectatores,
1127 869 1160 926 et
1183 855 1382 926 testimonia
1405 856 1596 924 volontatis
1628 858 1787 944 divinae,
1819 861 1875 930 cui
1905 881 2105 938 reverenter

90 979 127 1034 et
141 963 394 1055 approbatores
411 957 565 1033 baberet.
1127 957 1351 1038 obediamus,
1378 969 1409 1024 et
1426 957 1575 1025 sciamus
1596 981 1676 1026 eum
1700 954 1764 1028 hac
1781 963 1978 1034 obedientia
1995 967 2033 1036 in
2051 969 2104 1037 le-

181 1061 298 1133 Multo
313 1057 373 1130 hic
389 1063 623 1153 praestantior
640 1075 673 1132 ct
693 1057 851 1158 foelicior
865 1061 954 1130 duce
967 1057 1075 1149 Spar·
1126 1057 1249 1148 gitimo
1268 1071 1301 1126 et
1320 1072 1414 1126 casto
1431 1057 1596 1146 coniugio
1618 1059 1685 1128 coli
1700 1062 1807 1145 velle,
1833 1077 1866 1133 et
1880 1065 2003 1136 maiori
2019 1092 2102 1139 cura

91 1183 176 1238 taso
192 1161 386 1247 Pausania,
409 1163 469 1253 qni
490 1176 636 1234 matrem
653 1185 726 1231 non
749 1185 832 1232 suae
856 1160 989 1244 laudis,
1015 1159 1073 1229 sed
1126 1159 1276 1229 vitemus
1302 1153 1389 1226 baec
1414 1159 1542 1226 scelera
1563 1175 1597 1229 et
1617 1160 1849 1248 calamitates,
1873 1190 1962 1258 quae
1978 1168 2103 1240 ordine

90 1263 327 1356 turpitudinis
339 1277 374 1332 et
388 1263 554 1332 infamiae
568 1265 805 1355 spectatricem
822 1255 958 1333 babuit.
984 1259 1075 1331 Cum
1126 1260 1299 1330 divinitus
1314 1259 1619 1349 sancito'pollntos
1632 1277 1838 1354 sequuntur.

90 1367 184 1438 enim
202 1362 394 1458 Byzantio,
420 1385 509 1456 quae
530 1388 626 1458 nunc
641 1363 970 1455 Constantinopolis
985 1359 1076 1430 dici·
1228 1359 1364 1452 Sparsit
1386 1357 1482 1431 Deus
1506 1362 1610 1430 etiam
1640 1362 1677 1430 in
1707 1365 1898 1435 animantia
1920 1367 2102 1460 ¹quaedam

92 1482 162 1550 tnr,
186 1465 399 1556 praefectus,
421 1460 557 1534 bonesti
574 1466 660 1536 einis
675 1465 783 1535 filiam
801 1465 835 1532 vi
850 1478 984 1552 raptam
1000 1476 1075 1532 stu·
1126 1458 1337 1533 simulachra
1353 1461 1520 1532 eastitatis
1534 1461 1744 1552 coniugalis,
1770 1479 1809 1535 ut
1825 1467 2007 1539 columbae
2028 1495 2102 1542 non
2142 1499 2149 1509 ·

89 1578 238 1661 presset,
263 1578 299 1632 et
316 1578 433 1656 postea
451 1565 689 1650 interfecisset,
710 1567 747 1633 in
761 1567 894 1635 somnis
911 1565 942 1633 ei
960 1565 1074 1650 imago
1126 1564 1337 1655 copulantur
1366 1562 1550 1655 pluribus,
1589 1588 1704 1658 neque
1734 1569 1899 1637 deserunt
1927 1571 2103 1661 coniuges,

88 1690 241 1762 poenam
267 1660 336 1734 hoc
356 1665 530 1736 versiculo
544 1667 703 1736 minitata
728 1679 793 1736 est:
820 1669 953 1758 Στεῒχε
972 1660 1076 1754 δίκης
1126 1666 1195 1736 uisi
1216 1665 1305 1734 alter
1328 1663 1457 1735 viduus
1477 1676 1539 1734 aut
1562 1665 1667 1734 vidua
1695 1665 1763 1736 fiat.
1823 1665 1919 1738 Haec
1946 1671 2102 1745 fortassis

90 1763 211 1842 ἆσσον
245 1759 348 1856 μάλα
386 1760 433 1858 δὴ
468 1761 586 1838 κακὸν
619 1759 803 1859 ἀνδράσιν
837 1763 957 1860 ὕβρις.
1016 1762 1072 1835 Ad
1126 1767 1243 1860 aliqua
1257 1785 1358 1835 causa
1375 1779 1445 1866 est,
1470 1788 1533 1835 cur
1556 1766 1595 1833 in
1612 1767 1686 1856 lege
1702 1765 1813 1836 Musis
1833 1792 2023 1859 puerperae
2039 1799 2104 1865 par

89 1891 242 1964 poenam
268 1887 437 1956 propera,
470 1889 635 1956 magnum
665 1868 793 1936 iniuria
820 1869 988 1936 murnum
1014 1877 1076 1938 est.
1126 1868 1369 1938 columbarum
1394 1865 1449 1934 vel
1475 1879 1653 1936 turturum
1676 1864 1752 1937 Deo
1775 1868 1934 1942 offerant.
1992 1868 2040 1945 Et
2063 1875 2101 1943 in

91 1971 219 2040 Postea
236 1965 446 2061 Byzantium
468 1970 577 2037 eiecto
601 1965 772 2038 Pausania
794 1991 831 2036 se
845 1963 1075 2038 Atheniensi·
1125 1968 1324 2060 sapientum
1347 1966 1493 2058 picturis
1512 1967 1695 2036 columbae
1710 1992 1851 2037 currum
1871 1969 2016 2041 Veneris
2031 1988 2104 2044 tra-

90 2075 157 2142 bus
181 2067 343 2138 subiecit.
398 2065 474 2158 lpse
495 2093 579 2136 vero
594 2091 795 2161 quanquam
817 2069 921 2137 initio
943 2067 1075 2156 glorio-
1126 2065 1208 2138 here
1231 2068 1430 2156 linguntur,
1454 2067 1536 2160 quia
1555 2067 1748 2138 foecundae
1767 2083 1867 2154 sunt,
1893 2082 1926 2144 et
1947 2074 2102 2164 coniugii

89 2173 250 2244 sissimus
271 2168 403 2250 fuerat,
428 2181 463 2237 ct
480 2167 708 2238 Mardonium
732 2172 774 2238 ad
797 2169 1074 2260 plateasvictum
1125 2172 1201 2240 iura
1225 2182 1375 2239 servant.
1426 2166 1591 2238 Tuentur
1612 2169 1688 2238 iura
1712 2171 1868 2260 coniugii
1891 2171 1994 2241 ctiam
2008 2172 2132 2270 Ceyx.
2218 2213 2227 2220 -

89 2299 130 2342 ex
153 2269 306 2340 Graecia
332 2270 531 2357 pepulerat,
557 2283 676 2339 tamm
700 2270 842 2338 nefariis
867 2267 1076 2339 libidinibus
1126 2287 1159 2342 et
1181 2267 1363 2363 Halcyon,
1397 2269 1441 2338 de
1471 2269 1599 2362 quibus
1629 2269 1789 2342 scribunt
1817 2271 1926 2342 altero
1956 2275 2103 2364 coniuge

90 2389 124 2444 et
157 2371 239 2440 aliis
270 2369 463 2438 sceleribus
496 2371 667 2460 pollutus,
708 2386 826 2459 postea
859 2371 951 2438 fame
985 2369 1076 2437 mori
1125 2386 1284 2454 mortuo,
1318 2371 1467 2440 alterum
1501 2369 1684 2462 pracluctu
1714 2370 1881 2462 extingui.
1938 2372 2104 2445 Ciconioe

6 2473 7 2512 l
91 2486 232 2544 coactus
252 2485 315 2540 est.
365 2467 456 2539 Cum
478 2471 573 2538 enim
594 2473 781 2542 damnatus
800 2472 844 2541 ab
862 2467 1016 2561 Ephoris
1038 2473 1076 2537 iu
1125 2471 1248 2543 rostris
1271 2471 1437 2541 occidunt
1456 2470 1646 2540 adulteros.
1706 2469 1858 2566 Aquilae
1882 2495 1965 2544 suos
1988 2478 2105 2566 pullos

92 2574 260 2644 sacellum
283 2569 437 2641 Palladis
460 2572 689 2661 profugisset,
714 2575 810 2642 unde
834 2595 913 2642 eum
940 2565 1075 2640 extrahi
1126 2575 1165 2642 in
1196 2572 1306 2643 solem
1333 2573 1520 2642 adversum
1549 2585 1748 2663 exponunt,
1786 2573 2023 2663 explorantes,
2057 2603 2104 2647 au

92 2699 167 2746 non
203 2674 351 2755 licebat,
389 2673 508 2740 sacelli
539 2674 632 2740 fores
665 2673 844 2763 lapidibus
878 2673 1076 2740 obstructae
1126 2673 1262 2766 proprii
1283 2673 1340 2741 vel
1359 2671 1470 2763 spurii
1492 2671 1574 2748 siut,
1624 2669 1720 2742 Haec
1744 2673 1884 2762 vestigia
1906 2671 2002 2744 Deus
2022 2677 2104 2748 ideo

12 2807 18 2820 ·
92 2787 189 2858 suot,
215 2787 251 2844 et
265 2785 377 2842 mater
390 2773 500 2861 ipsius
516 2768 658 2860 Argelia
672 2773 826 2865 primum
842 2773 997 2862 lapidem
1013 2771 1077 2839 ad·
1126 2775 1163 2843 in
1179 2787 1322 2846 naturas
1343 2773 1575 2844 animantium
1591 2772 1788 2864 impressit,
1814 2788 1854 2844 ut
1870 2797 1935 2844 nos
1951 2780 1994 2844 ad
2019 2779 2105 2847 casti

91 2875 225 2970 posuit.
275 2871 331 2942 lbi
346 2873 436 2942 fame
455 2872 627 2942 extinctus
642 2889 703 2944 est.
857 2923 860 2932 ,
1126 2873 1281 2964 coniugii
1296 2876 1401 2944 decus
1416 2875 1589 2944 tuendum
1604 2873 1809 2960 invitarent,
1829 2887 1862 2946 ct
1876 2897 1896 2945 a
1910 2878 2103 2968 vagis'libi-

195 2973 316 3046 Multa
338 2995 475 3065 possem
491 2975 649 3044 virorum
674 2973 844 3064 ingeniis,
867 2971 1027 3044 doctrina
1044 2985 1078 3042 et
1126 2976 1271 3046 dinibus
1286 2977 1511 3046 deterrerent.

92 3077 285 3150 nobilitate
301 3075 553 3165 praestantium
569 3076 725 3165 exempla
742 3090 857 3144 vetera
871 3087 905 3143 et
925 3072 1077 3143 recentia
1228 3075 1297 3149 Sed
1313 3075 1440 3146 accedo
1462 3077 1605 3146 taudem
1624 3077 1666 3147 ad
1683 3077 2000 3170 splendidissimam
2017 3103 2105 3151 cou-

93 3199 388 3262 eommemorarc‚
412 3178 541 3267 quibus
556 3177 700 3246 exitium
719 3199 825 3264 vagae
845 3176 1010 3246 libidines
1025 3189 1079 3244 at·
1127 3178 1216 3269 ingii
1236 3176 1493 3258 laudationem,
1517 3201 1608 3270 quae
1627 3175 1773 3250 aPaulo
1788 3179 1927 3270 copiose
1950 3180 2106 3253 illustra-

93 3283 266 3352 tulerunt.
325 3273 496 3349 Fortassis
519 3277 628 3369 aliqui
652 3299 750 3346 senes
772 3271 887 3346 adhoc
909 3275 1078 3344 memine-
1129 3293 1197 3352 tur.
1249 3273 1313 3348 Est
1327 3276 1421 3345 enim
1438 3277 1640 3374 coniugium
1656 3279 1771 3368 imago
1794 3281 1890 3352 illios
1905 3282 2105 3352 admirandi

92 3396 179 3452 runt
200 3390 399 3449 conventus
414 3375 654 3461 Coloniensis,
680 3377 789 3446 coacti
804 3381 849 3445 ab
865 3375 1079 3465 imperatore
1128 3379 1300 3456 foederis,
1331 3400 1402 3471 quo
1424 3371 1587 3450 Christus
1608 3379 1678 3449 sibi
1699 3376 1891 3452 Ecclesiam
1914 3383 2106 3471 copulavit,

93 3481 357 3561 Maximillam.
374 3502 469 3546 ³¹¹¹¹⁰
481 3474 590 3550 1505·
607 3480 653 3546 ad
669 3501 786 3571 quem,
801 3501 880 3546 sum
895 3477 956 3544 alif
974 3475 1079 3544 Prin·
1128 3501 1168 3548 ac
1183 3476 1474 3549 commonefactio
1488 3479 1684 3550 desummo
1699 3495 1733 3552 et
1747 3481 1975 3551 inenarrabili
1987 3504 2105 3553 amore

94 3586 188 3674 cipes
204 3580 331 3658 multi,
356 3594 433 3650 tum
449 3602 534 3647 vero
548 3577 653 3648 etiam
672 3578 817 3648 lacobus
830 3571 993 3646 Marchio
1009 3572 1080 3644 Ba·
1127 3577 1209 3660 Dei,
1234 3602 1304 3672 quo
1319 3600 1481 3670 sponsam
1496 3604 1594 3650 suam
1608 3576 1801 3650 Ecclesiam
1819 3583 2072 3674 complectitur.

7 3679 8 3690 ἢ
93 3684 235 3765 densis,
270 3695 303 3750 et
328 3677 524 3768 Episcopus
549 3677 772 3748 Trevirensis
797 3678 956 3757 accessit,
980 3676 1080 3746 euius
1230 3679 1363 3764 Lucere
1379 3692 1496 3750 autem
1511 3680 1604 3751 inter
1624 3703 1790 3772 sponsum
1814 3696 1850 3752 et
1862 3705 2045 3772 sponsam,
2071 3698 2107 3756 ct

94 3801 235 3856 tantum
263 3780 331 3850 fnit
360 3781 561 3868 ingenium,
595 3792 760 3871 tantaque
785 3777 1007 3870 eloquentia,
1040 3790 1080 3848 ut
1131 3781 1289 3852 inomni
1314 3781 1372 3870 pio
1397 3803 1437 3850 ac
1459 3799 1553 3853 casto
1577 3783 1740 3872 coniugio
1764 3777 1850 3852 haec
1871 3786 2104 3877 quinquede-

94 3889 192 3960 idem
207 3881 347 3972 Legatis
364 3881 552 3968 pontificiis
567 3877 712 3962 Latine,
740 3877 961 3948 Germanicis
986 3877 1079 3948 Ger·
1129 3883 1226 3956 beist.
1276 3879 1398 3950 Primo
1414 3904 1514 3953 amor
1531 3896 1691 3967 mutuus,
1716 3905 1837 3967 verus,
1861 3886 2004 3972 ardeus,
2029 3887 2105 3956 siu-

95 3985 254 4066 manicc,
282 3981 430 4052 Gallicis
458 3979 615 4064 Gallice,
642 3979 786 4050 Venetis
809 3977 928 4049 ltalice
955 4003 1080 4067 magna
1129 4007 1249 4066 cerus,
1280 3981 1414 4067 attavis,
1447 3979 1538 4052 nibil
1570 3977 1704 4054 hahens
1726 3985 1980 4072 simulationis,
2012 3983 2106 4056 nihil

95 4111 178 4158 cum
196 4085 301 4152 lande
324 4097 356 4154 et
381 4080 612 4153 admiratione
630 4080 862 4172 responderit.
914 4077 947 4149 ls
963 4094 1080 4171 postea
1130 4083 1356 4174 suspicionis,
1381 4077 1472 4151 nihil
1496 4084 1726 4164 morositatis,
1752 4084 1986 4174 diffidentiae,
2009 4087 2107 4159 fasti-

93 4211 160 4281 per
187 4185 302 4276 ripam
329 4178 450 4254 Rheni
470 4185 680 4266 ascendens,
713 4180 959 4254 Confidentiae
981 4205 1001 4249 a
1022 4206 1082 4253 su·
1130 4187 1204 4267 dii,
1229 4182 1431 4274 superbiae,
1457 4185 1496 4252 in
1512 4210 1582 4277 quo
1604 4207 1722 4255 amore
1738 4197 1862 4256 mutuo
1876 4190 2106 4282 acquiescant,

94 4304 174 4362 ture
196 4288 351 4380 quodam
376 4279 615 4375 deprehensus
639 4286 732 4374 apud
763 4283 947 4374 coniugem
971 4280 1082 4351 inter·
1132 4302 1166 4357 et
1193 4301 1340 4378 uterque
1368 4285 1453 4355 velit
1476 4284 1578 4354 alteri
1608 4285 1699 4355 bene
1726 4307 1811 4359 esse.
1861 4284 1999 4357 Deinde
2022 4287 2107 4358 fides

94 4393 211 4462 fectus
233 4401 294 4456 est.
345 4383 579 4455 Meminimus
603 4383 706 4455 etiam
728 4383 902 4456 Comitem
927 4383 1084 4472 ingenio,
1132 4385 1336 4474 coniugalis.
1387 4380 1511 4456 Postea
1534 4385 1679 4456 societas
1693 4388 1853 4458 omnium
1878 4390 2108 4460 bonorumet
2234 4425 2238 4448 .-

98 4489 320 4573 eruditione,
353 4487 547 4567 industria,
580 4500 615 4558 et
637 4486 705 4555 fide
729 4486 767 4556 in
795 4487 901 4556 rebus
922 4483 1084 4574 gerendis
1132 4511 1401 4568 aerumnarum,
1427 4499 1502 4556 tum
1519 4487 1707 4577 generatio.
1745 4486 1927 4560 Postremo
1942 4479 2109 4560 defensio.

96 4591 328 4663 excellentem
347 4588 385 4657 in
402 4587 511 4658 simili
527 4609 642 4658 casua
664 4587 847 4656 scriniario
868 4610 932 4657 suo
946 4585 1083 4655 confos-
1233 4585 1310 4657 Hae
1331 4587 1488 4681 quinque
1509 4611 1583 4668 res,
1608 4611 1695 4682 quas
1711 4589 1838 4661 merito
1861 4612 1987 4660 nervos
2005 4603 2108 4682 atque

97 4717 181 4764 sum
205 4688 390 4762 interiisses
451 4686 591 4760 Scimus
612 4701 742 4782 quanta
770 4689 877 4759 fuerit
900 4683 1083 4775 Dalbnrgii
1134 4705 1230 4762 anus
1246 4687 1401 4776 coniugii
1423 4689 1609 4758 nominare
1624 4711 1829 4780 possumus,
1854 4691 1893 4758 in
1908 4691 1980 4760 blio
1994 4686 2062 4761 Dei
2074 4703 2112 4761 et

98 4792 333 4881 vangionum
366 4783 552 4879 Episcopi,
590 4790 651 4882 qui
680 4784 876 4882 liudolpho
899 4787 1085 4876 Agricolae
1135 4789 1290 4862 Ecclesia
1315 4789 1423 4858 simili
1450 4792 1590 4860 foedere
1616 4790 1785 4883 copulatis
1815 4791 2033 4882 potissimum
2058 4793 2113 4862 lu·

98 4891 288 4964 familiaris
302 4890 388 4974 fuit,
413 4889 572 4960 doctrina
586 4913 626 4962 ac
640 4888 839 4982 eloquentia
856 4902 891 4958 et
907 4888 1086 4958 autoritas.
1136 4905 1277 4962 tentet
1307 4891 1583 4982 conspiciuntur.
1635 4889 1684 4964 Ut
1708 4887 1804 4958 cuim
1827 4887 2005 4963 ceddam
2029 4896 2115 4964 dor·

102 4995 137 5065 ls
155 4992 411 5080 Heidelbergae
435 4991 473 5058 io
497 4993 600 5060 aedes
623 4991 802 5061 adulterae
823 4989 1025 5080 ingrediens
1048 4989 1087 5058 in
1117 4991 1278 5080 ,mientis
1299 4989 1406 5062 latere
1428 4989 1791 5074 aedificaturmulier,
1816 5017 2000 5087 quaecum
2016 4996 2115 5064 sitos

102 5097 229 5166 cellam
247 5093 397 5176 decidit,
423 5115 463 5160 ac
485 5091 602 5162 statim
626 5089 797 5161 extinctus
816 5104 878 5161 est.
929 5089 996 5161 Sed
1016 5103 1087 5162 tam
1138 5117 1179 5162 ex
1194 5092 1429 5179 ossibuseius,
1455 5106 1582 5163 etcaro
1598 5094 1762 5160 decarne
1778 5092 1866 5180 eius,
1890 5097 1938 5166 its
1953 5109 2045 5164 arcte
2061 5093 2116 5166 itti

104 5197 223 5267 tristes
252 5215 474 5265 summorum
500 5191 658 5261 virorum
685 5191 848 5262 interitus
877 5190 1089 5276 meminisse,
1138 5193 1342 5284 copulatur,
1366 5206 1406 5264 ut
1420 5193 1491 5264 sint
1508 5213 1578 5263 una
1593 5213 1685 5273 caro,
1709 5190 1862 5288 ideoque
1876 5195 2118 5266 ardentissime

105 5293 228 5366 bos-ret
244 5295 402 5376 animus,
427 5295 595 5386 luctuque
610 5292 748 5382 refugit.
799 5290 920 5380 Quare
940 5310 1013 5362 uon
1032 5313 1090 5360 rc-
1140 5317 1213 5364 sese
1227 5308 1351 5365 mutuo
1367 5307 1533 5384 tauquam
1555 5292 1687 5383 seipsos
1703 5291 1871 5385 diligant,
1894 5297 1995 5368 itaer
2014 5296 2121 5365 latere

107 5397 225 5468 citabo
246 5395 361 5488 plura
420 5393 613 5467 verissime
635 5392 750 5480 enirn,
783 5415 857 5466 nou
879 5394 981 5478 urbs,
1013 5415 1088 5464 non
1137 5391 1272 5468 Christi
1288 5391 1580 5468 obdormiscentis
1593 5394 1633 5464 in
1649 5391 1751 5468 cruce
1767 5409 1956 5490 promanat
1971 5395 2123 5485 sanguis,

1461 5483 1517 5562 90
