4706 5818
199 149 327 280 ‘1027‘
450 179 661 262 scaram
687 173 765 251 ru.
792 169 908 248 rma.
931 130 1159 255 annisa.
1183 153 1329 234 anor.
1357 155 1424 232 rr
1446 153 1643 232 auitos.
1669 150 1991 231 seraranan.
2131 154 2242 228 rosa

217 372 420 446 Ptolemeus
437 354 561 428 scribit
582 347 740 420 Henetus
760 367 833 414 esse
855 339 1044 412 maximam
1064 347 1205 427 gentem

220 464 428 548 Sarmatiae.
487 452 767 544 Compleverunt
795 443 889 513 euim
921 463 1046 530 magna
1080 435 1207 530 spacia,

221 596 312 669 qnae
338 587 435 636 nunc
464 557 699 628 nominantur
718 545 850 620 Russia
873 557 908 613 et
928 539 1093 612 Polonia.
1147 535 1206 604 ln-

223 683 267 746 de
298 683 334 741 ει
364 668 409 736 ad
433 663 532 731 littus
558 653 667 725 maris
690 647 819 720 Baltici
850 643 953 714 effusi
975 655 1079 724 sunt,
1112 637 1208 706 unde

223 769 397 848 Ptolemei
414 780 573 853 tempore
595 773 726 824 nornen
746 748 815 820 fuit
834 747 1002 818 usitatum
1024 742 1123 811 sinus
1137 735 1210 805 Ve-

225 874 345 948 netici.
586 939 589 944 ,
859 941 862 948 ’

327 985 469 1056 Nomen
494 968 627 1046 Heneti
656 989 801 1059 prorsus
833 979 875 1035 ut
905 973 1007 1032 sonat
1040 955 1213 1047 significat

229 1087 402 1165 Hebraeis
420 1074 648 1168 vagabundos
663 1091 724 1138 seu
741 1061 930 1159 νόμαὸας,
958 1061 1032 1155 qui'
1045 1061 1114 1128 late
1130 1081 1213 1147 pro.

230 1197 421 1265 cesserunt.
477 1177 557 1248 Non
596 1184 759 1261 poterant
794 1182 910 1238 autem
947 1165 1024 1234 sine
1054 1158 1215 1239 consilio,

230 1289 370 1366 iusticia
392 1297 426 1354 et
447 1275 658 1350 fortitudine
682 1285 755 1342 tam
772 1272 843 1340 late
865 1263 1043 1358 dominari
1061 1275 1094 1330 ει
1109 1281 1216 1347 regna

233 1391 457 1466 constituere.
516 1375 614 1447 Haec
636 1373 682 1442 de
704 1383 877 1443 vetustate
901 1382 936 1442 et
959 1367 1089 1436 virtute
1103 1359 1217 1451 gentis

232 1493 390 1564 Henetac
408 1480 689 1556 considerentur.

333 1603 496 1694 Cumque
511 1596 654 1684 linguae
673 1588 876 1658 discernant
892 1596 1033 1674 gentes,
1053 1599 1219 1668 compre·

229 1710 354 1782 heudo
388 1697 624 1794 appellatione
651 1689 872 1760 Henetorum
906 1687 1088 1762 nationes,
1130 1701 1221 1772 quae

236 1813 396 1899 linguam
418 1802 588 1881 retinent,
612 1793 715 1864 cuius
740 1786 847 1860 hodie
867 1808 951 1856 usus
969 1799 1021 1854 est
1037 1783 1132 1874 apud
1148 1780 1221 1850 He-

237 1927 338 1983 netos
352 1904 498 1997 ‘sparsos
519 1901 564 1968 ad
595 1896 714 1966 sinum
736 1890 844 1959 maris
865 1886 1063 1968 Adriatici,
1097 1881 1160 1974 qui
1189 1892 1224 1949 et

238 2037 335 2083 nunc
365 2003 591 2096 appellantur
619 1993 759 2064 Veneti.
819 1989 991 2062 Retinent
1020 2007 1152 2052 nomen
1189 1993 1225 2049 et

237 2110 371 2183 Heneti
394 2104 433 2174 in
456 2103 576 2174 littore
600 2097 735 2166 Arctoo
760 2093 881 2180 lingua
905 2089 967 2158 illa
991 2086 1108 2155 vicina
1133 2081 1225 2152 mari

241 2207 416 2284 Adriatici
435 2214 582 2274 mentes.

260 2394 262 2406 ‚
343 2341 557 2432 Quanquam
578 2343 697 2400 autem
725 2326 765 2393 in
790 2321 949 2392 dialectis
974 2319 1098 2408 exigua
1120 2315 1226 2385 dissi-

244 2447 410 2519 militudo
426 2451 497 2508 ests
522 2447 641 2502 tamen
656 2427 803 2496 eandem
817 2447 890 2493 esse
911 2421 1085 2511 originem
1100 2413 1227 2486 harum

229 2547 400 2640 gentium
428 2547 703 2609 consentaneum
726 2539 799 2606 est,
827 2523 1006 2617 Illyricae,
1039 2517 1229 2588 Polonicae

245 2664 278 2720 et
291 2641 513 2721 Boiemicae,
539 2648 572 2704 et
597 2642 801 2702 nostrorum
823 2621 1064 2706 Henetorum,
1086 2634 1122 2689 et
1141 2616 1230 2688 alibi

244 2744 468 2842 loquentium
482 2736 605 2807 eadem
623 2732 760 2820 lingua.

346 2872 608 2948 Nominabatur
621 2879 738 2937 autem
751 2861 840 2932 olim
857 2871 929 2930 tota
946 2855 1043 2946 regio
1058 2853 1096 2922 in
1112 2852 1232 2922 littore

248 2986 348 3056 sinus
361 2973 538 3048 Adriatici
553 2959 727 3050 Venetia,
759 2961 923 3030 videlicet
937 2958 1027 3027 circa
1045 2952 1231 3024 Patavium

248 3100 283 3155 et
303 3076 537 3162 Vincentiam.
588 3065 636 3139 Et
650 3060 973 3154 scribitflPolybius,
1000 3057 1040 3124 in
1055 3081 1095 3124 eo
1113 3056 1233 3125 littore

250 3185 354 3254 aliam
373 3199 447 3246 esse
461 3174 641 3260 linguam,
667 3188 772 3262 quam
792 3162 838 3230 sit
851 3159 938 3228 alibi
956 3159 995 3225 in
1011 3154 1125 3230 ltalia.

351 3309 442 3383 Cum
465 3284 583 3376 autem
607 3293 729 3370 Attila
749 3295 928 3375 obsideret
948 3288 1175 3382 Aquileiam,
1197 3294 1235 3353 et

251 3435 395 3504 magnas
418 3406 631 3478 vastationes
653 3401 690 3468 in
714 3396 843 3467 vicinia
864 3393 1012 3478 faceret,
1039 3387 1142 3457 multi
1167 3381 1234 3454 ho·

251 3518 365 3588 mines
380 3509 518 3581 nobiles
530 3517 564 3574 et
580 3498 722 3574 honesti
736 3509 916 3590 sperantes
930 3515 970 3561 se
992 3504 1086 3560 tutos
1103 3489 1177 3556 iore
1195 3485 1233 3552 in

170 3646 175 3652 ·
252 3617 374 3710 aquis,
398 3619 619 3700 occuparunt
634 3601 673 3672 in
688 3600 806 3672 vicino
822 3595 911 3666 mari
927 3593 1063 3674 locum,
1090 3589 1152 3683 qui
1170 3587 1235 3656 ad-

252 3716 490 3790 huc'vocatur
508 3703 626 3780 Risus
646 3705 739 3772 altus
762 3713 799 3769 et
820 3695 995 3767 cumulata
1020 3713 1144 3775 arena,
1170 3690 1235 3756 do-

253 3841 333 3892 mos
348 3821 591 3890 extruxerunt,
617 3818 651 3874 et
665 3803 747 3873 urbi
763 3823 896 3869 nomen
912 3791 955 3867 V
953 3790 1089 3864 caeliae
1109 3812 1130 3860 a
1147 3789 1235 3858 uici-

238 3943 301 3989 ·na
315 3917 458 4005 regione
473 3908 690 3977 indiderunt·

244 4049 248 4054 ’
317 4041 322 4051 ’
358 4041 565 4118 inchoatam
581 4061 656 4110 esse
671 4031 947 4108 aedificationem
963 3995 1123 4099 scrihdnt
1142 4047 1236 4094 anno

175 4165 179 4172 ’
254 4149 429 4226 Martiani
451 4145 577 4226 tertio,
606 4139 771 4210 videlicet
792 4155 889 4203 auno
905 4125 1042 4202 Christi
1061 4126 1237 4221 ,quadrin-

254 4253 449 4346 gentesimo
470 4241 722 4336 septuagesimo
745 4249 853 4318 sexto.
905 4233 958 4301 Ac
972 4229 1144 4320 singulari
1164 4229 1240 4297 ioe-

242 4351 389 4426 'licitate
413 4349 498 4420 urbs
522 4347 609 4416 adeo
634 4340 760 4423 crevit,
789 4351 830 4408 ut
852 4333 973 4404 multis
988 4331 1115 4402 seculis
1135 4329 1239 4400 unica

257 4455 403 4527 urbium
416 4447 554 4538 Regina
569 4445 610 4515 in
625 4455 699 4514 toto
712 4461 840 4530 genere
855 4431 1010 4505 humano
1027 4431 1238 4502 antecellens

258 4554 403 4628 caeteris
420 4548 585 4622 omnibus
600 4547 713 4616 forma
727 4537 994 4630 gubernationis
1011 4535 1155 4625 optima,
1179 4553 1240 4600 ex·

258 4656 421 4728 cellentia
438 4652 589 4735 artium,
611 4658 647 4716 et
663 4642 775 4734 gloria
792 4663 909 4710 rerum
922 4650 1112 4727 gestarum.

245 4867 250 4879 ,
358 4787 462 4860 Anni
481 4797 568 4858 vsunt
588 4793 703 4853 autem
727 4778 772 4846 ab
796 4768 1024 4843 ‘inchoatione
1045 4791 1157 4864 usque
1177 4767 1240 4836 ad·
1261 4799 1262 4802 ¹

260 4891 357 4966 bunc
385 4911 519 4958 antrum
537 4881 675 4956 Christi
699 4875 807 4950 1559.
829 4873 937 4944 mille
966 4872 1142 4963 octogiuta
1162 4883 1240 4942 tres.

261 4993 335 5066 Tot
356 4991 460 5062 annis
484 5005 666 5080 nunquam
691 4981 730 5049 in
747 4975 887 5078 externi
909 4971 1019 5046 hostis
1035 4985 1240 5065 potestatem

260 5095 378 5175 venit,
410 5087 475 5158 etsi
500 5089 611 5157 multa
639 5083 733 5154 bella
762 5077 859 5150 varia
889 5077 1032 5146 fortuna
1053 5075 1177 5170 gessit,
1201 5071 1242 5138 'in

261 5197 392 5288 quibus
414 5209 516 5278 saepe
538 5187 664 5254 victrix
685 5181 876 5254 multarum
904 5177 1102 5249 'insularum
1126 5189 1158 5245 et
1181 5196 1241 5246 ur-

260 5297 360 5366 bium
376 5291 519 5364 domina
536 5286 702 5354 factaest.
797 5311 800 5318 ¹

1394 330 1473 402 De·
1494 327 1678 424 synodo
1710 325 2099 402 chalcedonensi.

1358 480 1467 552 Anno
1485 481 1638 551 secundo
1653 476 1823 549 Martiani
1840 477 2006 572 Synodus
2023 476 2190 547 convenit
2204 477 2247 544 in

1257 583 1346 656 urbe
1371 574 1622 664 Chalcedone,
1654 603 1743 672 quae
1763 597 1789 648 ‘e
1818 581 1963 668 regione
1990 576 2153 672 Byzantii
2175 577 2249 646 sita

1259 700 1328 769 est,
1356 684 1394 753 in
1417 707 1486 776 qua
1512 681 1665 752 sexcenti
1686 694 1720 750 et
1742 681 1888 770 triginta
1909 679 2079 772 Episcopi
2101 681 2251 749 fuerunt

1260 785 1375 857 edicto
1404 777 1602 856 Maeliani
1635 781 1856 872 imperatoris
1887 780 2088 866 convocati,
2120 777 2183 873 qui
2215 793 2252 848 et

1261 889 1336 978 ipse
1355 885 1588 978 disputationi
1609 883 1792 967 interfuit,
1819 905 1864 951 ne
1884 880 2060 952 seditiosis
2084 879 2254 952 tumulti-

1263 991 1330 1060 bus
1353 987 1499 1057 iacultas
1524 983 1668 1055 dicendi
1691 983 1884 1054 sententias
1904 981 2151 1074 impediretur.
2202 975 2254 1048 Ει

1264 1089 1371 1159 verba
1395 1085 1567 1157 Martiani
1588 1085 1785 1154 recitantur
1814 1083 1970 1156 distinct.
1992 1082 2074 1156 96.:
2107 1079 2182 1150 Nos
2206 1082 2254 1148 ad

1266 1189 1544 1261 confirmandam
1559 1187 1677 1274 iidem,
1703 1209 1778 1255 non
1793 1187 1838 1254 ad
1854 1185 2108 1253 ostendendam
2124 1195 2256 1274 poten·

1265 1293 1351 1362 tiar'n
1368 1284 1772 1380 exemplo'Constantini
1790 1283 2013 1376 imperatoris
2033 1284 2084 1376 pii
2103 1281 2255 1376 Synodo
2330 1299 2332 1318 ι

1267 1394 1435 1466 interesse
1463 1389 1647 1472 volumus,
1680 1402 1720 1460 ut
1749 1387 1894 1457 inventa
1926 1384 2073 1456 veritate
2103 1381 2255 1451 dissidia

1268 1493 1453 1566 tollantur.

1370 1605 1514 1680 Dictum
1547 1619 1600 1676 est
1630 1619 1747 1676 autem
1779 1626 1886 1696 supra
1918 1627 1993 1674 non
2027 1603 2141 1672 multo
2173 1615 2258 1672 ante

1269 1707 1466 1783 Theodosii
1504 1707 1650 1778 secundi
1689 1718 1840 1775 mortem
1879 1716 2108 1776 convocatam
2147 1701 2258 1771 fuisse

1273 1811 1457 1908 Synodum
1473 1809 1618 1876 alteram
1636 1809 1680 1876 ad
1700 1800 1902 1898 Ephesum,
1926 1828 2016 1898 quae
2032 1815 2176 1895 propter
2191 1825 2259 1870 ne·

1273 1938 1349 1983 cem
1371 1909 1536 1981 Flaviani
1557 1922 1594 1979 et
1614 1906 1700 1977 alias
1725 1907 1915 1977 seditiones
1932 1907 1985 1975 ihi
2007 1918 2122 1975 motas
2138 1901 2261 1972 nomi-

1274 2028 1380 2084 natur
1396 2005 1569 2103 λῃστρικὴ
1585 2007 1764 2100 Synodus.
1797 2005 1944 2076 ibicum
1959 1999 2132 2100 Eutychis
2149 2001 2261 2072 factio

1275 2111 1463 2203 impediret
1483 2107 1739 2198 cognitionem,
1774 2118 1962 2177 creverunt
1988 2105 2106 2196 postea
2123 2103 2263 2173 discor-

1276 2215 1366 2284 diae.
1402 2209 1527 2282 Statim
1545 2208 1653 2298 igitur
1669 2206 1866 2278 Martianus
1882 2220 1961 2298 post
1977 2217 2129 2274 mortem
2138 2197 2263 2272 Theo·

1277 2313 1370 2383 dosii
1385 2309 1581 2382 doctrinam
1597 2303 1770 2404 Eutychis
1786 2305 1947 2398 cognosci
1965 2304 2089 2390 voluit,
2115 2316 2150 2373 et
2166 2303 2262 2397 piam

1275 2411 1504 2484 concordiam
1520 2408 1668 2490 restitui.

1293 2618 1297 2624 Ι
1381 2527 1466 2602 Fuit
1494 2520 1685 2622 Eutyches
1719 2520 1915 2596 monachus
1948 2519 2264 2612 Constantinopoli

1278 2657 1322 2704 eo
1352 2643 1527 2722 tempore,
1557 2651 1630 2722 quo
1654 2625 1725 2700 tuit
1752 2625 1805 2695 ibi
1833 2619 2031 2716 Episcopus
2049 2617 2264 2712 Nestorius,

1278 2756 1386 2827 quem
1405 2755 1486 2802 cnm
1500 2731 1710 2800 damnatum
1725 2747 1798 2796 esse
1811 2726 1934 2810 sciret,
1958 2725 2059 2818 quod
2070 2725 2265 2797 contende·

1282 2848 1338 2904 rat
1350 2827 1463 2932 λόγον
1478 2843 1616 2902 tantum
1632 2828 1773 2900 affuisse
1788 2819 2079 2898 hominiChristo
2095 2837 2266 2918 tanquam

1281 2933 1437 3014 socium,
1463 2945 1503 3004 ut
1523 2929 1627 3001 affuit
1648 2926 1753 3000 Elias
1775 2940 1813 2998 et
1831 2927 1911 2998 aliis
1928 2925 2075 3010 sanctis,
2099 2925 2175 3017 ipse
2189 2920 2268 2994 Eu-

1283 3029 1404 3130 tyches
1426 3045 1545 3123 postea
1565 3033 1611 3100 ad
1632 3029 1845 3100 contrariam
1866 3021 2088 3122 hyperbolen
2101 3025 2266 3116 delapsus

1281 3132 1529 3204 confusionem
1544 3143 1753 3200 naturarum
1765 3127 1883 3198 finxit:
1906 3125 2006 3198 Dixit
2019 3139 2182 3198 naturam
2196 3120 2268 3196 hu·

1283 3257 1425 3304 manam
1454 3253 1658 3302 conversam
1683 3250 1760 3298 esse,
1792 3229 1831 3296 in
1860 3220 1986 3326 λόγον.
2036 3225 2112 3296 Nec
2139 3226 2269 3296 tribuit

1284 3333 1515 3426 proprietates
1537 3353 1617 3402 suas
1647 3329 1775 3423 cuique
1798 3341 1963 3422 naturae:
1994 3329 2060 3398 sed
2083 3325 2269 3399 contendit

1284 3431 1352 3508 ,τὸν
1375 3427 1690 3530 λόγονἰηοειυιιιη
1714 3452 1806 3513 esse,
1832 3441 1867 3501 et
1886 3439 2052 3498 naturam
2075 3420 2266 3496 humanam

1285 3559 1359 3605 esse
1372 3535 1484 3626 ipsam
1503 3535 1572 3604 τοῦ
1587 3523 1703 3628 λόγου
1718 3543 1893 3601 naturam.
1945 3526 2110 3624 Denique
2123 3527 2269 3596 uuiver-

1286 3659 1361 3706 sam
1375 3633 1575 3705 doctrinam
1589 3625 1767 3704 Ecclesiae
1781 3633 1825 3702 de
1840 3627 2163 3702 communicatione
2179 3628 2271 3698 idio-

1287 3750 1423 3810 matum
1452 3733 1594 3808 delevit.
1650 3727 1784 3803 Extant
1813 3745 1891 3801 acta
1913 3729 2051 3826 Synodi
2082 3730 2181 3821 apud
2207 3727 2271 3799 Ni-

1286 3833 1491 3930 ‚cephorum

1392 3951 1487 4026 Utile
1508 3963 1561 4024 est
1582 3964 1699 4021 autem
1720 3949 1789 4042 piis
1810 3963 1930 4022 tenere
1946 3946 2089 4040 aliquas
2115 3946 2273 4018 illustres

1289 4056 1516 4128 refutationes
1529 4075 1714 4136 errorum,
1740 4073 1830 4144 quae
1852 4062 1935 4120 sunt
1948 4060 2109 4120 accurate
2124 4049 2274 4140 scriptae

1290 4183 1309 4230 a
1326 4152 1572 4235 Theodoreto,
1596 4153 1659 4246 qui
1673 4176 1756 4223 eum
1772 4152 1811 4220 in
1828 4149 1995 4246 synodo,
2019 4172 2112 4242 quae
2128 4152 2273 4242 λῃστρι-

1285 4255 1335 4352 κὴ
1353 4257 1580 4339 nominatur,
1609 4253 1726 4324 officio
1755 4249 1924 4344 Episcopi
1951 4249 2083 4322 iniuste
2104 4249 2274 4341 spoliatus

1291 4371 1397 4439 esset,
1425 4356 1582 4426 nuncin
1602 4349 1888 4426 Chalcedonensi
1915 4353 2100 4424 restitutus
2126 4363 2190 4423 est.
2242 4348 2274 4419 ls

1292 4474 1384 4532 recte
1398 4457 1520 4529 scribit
1536 4458 1624 4528 duas
1636 4457 1674 4524 in
1689 4451 1832 4528 Christo
1851 4466 1936 4532 nato
1959 4475 2001 4524 ex
2016 4451 2154 4542 virgine
2171 4463 2273 4522 natu-

1290 4585 1346 4632 rss
1369 4581 1462 4646 esse,
1493 4551 1628 4657 λόγον,
1660 4569 1696 4628 ει
1717 4567 1933 4647 assumptam
1957 4566 2119 4625 naturam
2146 4545 2277 4622 huma·

1292 4687 1389 4745 narn,
1420 4675 1456 4733 et
1483 4673 1659 4752 utranque
1695 4660 1846 4729 retinere
1882 4680 1980 4728 suam
2012 4652 2277 4746 proprietatem,

1292 4789 1357 4837 nec
1372 4763 1569 4833 faciendam
1583 4783 1658 4830 esse
1675 4759 1917 4828 confusionem
1930 4769 2153 4840 naturarum.
2184 4751 2278 4823 Vere

1292 4879 1420 4940 natura
1442 4860 1598 4932 humana
1613 4873 1663 4932 cst
1679 4881 1752 4926 nou
1770 4873 1964 4950 spectrum,
1988 4867 2200 4944 assumptas
2216 4847 2278 4924 λό-

1283 4991 1370 5067 γῳ,
1398 4988 1463 5035 uec
1487 4977 1539 5034 est
1559 4965 1634 5052 ipsa
1650 4971 1777 5030 natura
1798 4972 1975 5049 assumpta
1991 4947 2212 5054 τοῦλόγου,
2239 4965 2277 5024 ut

1275 5125 1277 5128 -
1294 5083 1329 5140 ει
1350 5065 1475 5162 Petrus
1497 5062 1657 5134 distinxit
1678 5073 1822 5134 naturas
1838 5063 1880 5134 d.
1896 5058 1972 5132 Pet.
1987 5055 2038 5128 b:
2064 5051 2157 5127 Cum
2173 5050 2278 5126 Chri·

1294 5183 1369 5241 stus
1384 5189 1504 5263 passus
1518 5166 1565 5239 sit
1576 5185 1642 5254 pro
1653 5163 1757 5233 nobis
1770 5185 1886 5233 carne.
1918 5157 1966 5234 Et
1980 5161 2019 5229 in
2029 5157 2128 5230 Actis
2144 5157 2276 5248 cap.2.:

1295 5270 1378 5343 Non
1399 5267 1520 5340 relicta
1541 5277 1592 5337 est
1612 5266 1730 5336 anima
1758 5263 1833 5361 eius
1858 5262 2079 5360 ininferna,
2110 5279 2275 5352 neccaro
