4696 5820
206 165 304 276 aaa
729 193 891 274 nucu
929 189 1009 274 nn
1048 193 1368 282 oaneonto
1406 193 1705 286 rourauo.
1792 255 1794 264 ·
2166 215 2250 294 sao

214 383 371 442 extrema
390 373 527 438 acne'cta
551 389 710 459 egressus
730 369 1026 460 septuagesimum
1042 393 1198 456 annum,
1258 389 1521 470 praeceptorem
1536 378 1671 474 aptium
1684 380 1864 464 meritum,
1878 396 1913 456 11
1929 395 1963 456 te
1980 383 2104 456 1111111
2119 387 2249 460 aalma

213 496 295 544 eum
312 494 402 554 sese,
424 466 618 540 Ecclesiam
634 483 670 542 et
685 471 860 542 lamiliam
885 471 1046 566 quotidie
1066 475 1199 544 arden·
1255 491 1447 552 1111111111
1467 480 1554 557 scio.
1604 479 1713 572 Quod
1733 506 1818 555 vero
1833 486 1878 554 ad
1898 507 2046 556 eramen
2063 501 2098 558 et
2117 489 2250 582 dispu-

214 571 363 645 tissimis
384 571 547 662 precibus
566 571 641 642 utto
667 570 735 644 Dei
763 575 1045 646 commendaret:
1077 585 1200 650 tamen
1256 577 1430 651 tationem
1444 582 1584 666 attinet,
1600 585 1816 658 satisfactum
1832 607 1906 656 esse
1922 589 1989 658 scis
2004 588 2248 678 legibusAca-

214 699 297 746 cum
317 673 411 747 vires
436 675 596 765 corporis
616 686 729 747 aetate
749 673 862 764 magis
875 697 982 768 quam
995 675 1123 746 morbo
1136 675 1201 746 de·
1255 680 1404 758 demine.
1454 683 1577 775 Quare
1590 709 1672 758 cnm
1686 687 1727 758 in
1741 681 1809 758 bac
1823 687 1968 779 publiea
1991 689 2185 762 testimonii
2208 708 2248 764 et

213 777 394 861 fecissent,
425 775 565 867 placide
592 774 751 852 decessit,
800 773 875 846 Nec
898 773 1102 848 dubitamus
1118 799 1201 848 eum
1253 783 1385 872 gradus
1403 783 1674 860 renunciatione
1689 787 1795 860 etiarn
1816 800 1877 860 tua
1892 789 2065 862 autoritas
2076 794 2248 864 accedere

215 881 308 949 inter
321 872 388 948 laos
403 897 496 958 esse,
523 877 712 970 dequibus
733 875 954 952 dictumest:
978 875 1081 951 Beati
1102 899 1202 950 mor·
1255 884 1399 966 debeat,
1419 901 1623 960 reverenter
1643 912 1664 960 a
1685 903 1721 962 te
1742 901 1824 982 peto
1847 891 1988 982 collegii
2003 892 2136 979 nostri,
2159 917 2247 964 meo

217 978 286 1065 tui,
314 978 377 1072 qui
393 976 432 1046 in
449 975 606 1049 Domino
622 977 839 1050 moriuntur.
1254 999 1290 1056 et
1305 985 1411 1056 amici
1425 987 1594 1078 nomine,
1617 988 1883 1084 utM.Crsparo
1898 991 2054 1065 Peucero
2068 997 2247 1066 concedas

316 1079 416 1150 Haeo
447 1080 492 1149 de
515 1077 678 1152 Pontano
705 1078 851 1150 brevius
882 1093 919 1150 et
949 1079 1091 1152 tenuius
1115 1078 1202 1164 diri,
1252 1086 1475 1171 facultatem,
1506 1111 1565 1176 ae,
1596 1105 1638 1165 ut
1659 1105 1788 1164 vocant
1812 1092 1992 1164 licentiam
2023 1095 2248 1188 suscipiendi

216 1204 323 1276 quam
345 1181 519 1253 virtutum
541 1181 654 1272 ipsius
676 1182 784 1250 decus
803 1191 973 1250 meretur:
996 1183 1058 1254 sed
1081 1180 1201 1252 iudico
1254 1188 1403 1278 gradum
1428 1201 1463 1260 et
1487 1187 1643 1282 insignia
1667 1193 1823 1265 doctoris
1852 1194 1892 1263 in
1914 1208 1987 1266 arte
2014 1197 2171 1282 medica,
2201 1197 2246 1269 id

215 1285 305 1355 utile
327 1304 402 1353 esse
423 1281 601 1352 iuventuti
632 1277 798 1352 honestas
831 1281 1003 1370 imagines
1029 1282 1203 1374 plurimas
1254 1289 1492 1380 gratissimum
1515 1293 1665 1384 collegio
1685 1307 1808 1366 nostro
1830 1295 1916 1378 erit,
1948 1307 1984 1367 et
2005 1294 2180 1388 optimum
2196 1321 2246 1368 ac

134 1397 141 1411 '
214 1383 371 1469 intueri,
397 1396 432 1455 et
451 1384 649 1477 pleramque
674 1379 844 1455 historiae
864 1383 1059 1456 multarum
1079 1405 1201 1456 rerum
1254 1391 1498 1463 doctissimum
1512 1395 1629 1465 virum
1644 1394 1840 1468 immortali
1858 1395 2028 1466 beneficio
2052 1399 2098 1468 set
2113 1421 2247 1491 perpe-

215 1486 414 1560 doetrinam
436 1484 629 1555 continent.
1254 1505 1352 1565 tuam
1372 1493 1633 1572 observantiam
1652 1509 1688 1571 ct
1708 1497 1962 1588 gratitudinem
1983 1497 2054 1570 tibi
2070 1500 2246 1573 devinxe-

318 1581 502 1658 Adhortor
524 1600 641 1657 autem
666 1585 842 1672 iuniores,
867 1599 1010 1659 utrum
1033 1580 1201 1676 talethi·
1253 1595 1316 1666 ris.
1367 1592 1466 1675 Dixi,

216 1688 343 1762 storias
358 1689 481 1778 legunt
495 1681 739 1772 velandum,
766 1689 919 1778 cogitent
935 1687 1047 1758 lilium
1064 1687 1133 1761 Dei
1145 1710 1201 1758 se-

217 1792 302 1862 dere
315 1789 364 1861 ad'
375 1791 533 1861 dextram
554 1789 684 1880 patris,
710 1801 744 1858 et
768 1792 851 1860 dare
873 1784 1202 1875 donahominibus,
1254 1799 1381 1818 ·“··“·

217 1906 252 1964 11
266 1890 395 1982 gratim
408 1890 441 1961 ei
458 1904 582 1980 agant,
606 1892 702 1984 quod
717 1890 855 1984 aliquos
873 1893 934 1962 dat
950 1893 1119 1962 salutares
1135 1913 1201 1982 gu·
1252 1933 1309 2004 No
1342 1931 1414 2011 175

216 1994 441 2077 bernatores,
466 2004 500 2061 et
522 2006 642 2083 petant
669 2016 704 2061 se
729 2009 870 2086 quoque
885 2015 1017 2082 organa
1032 1991 1201 2062 salutaria
1261 2029 1432 2060 m

217 2119 238 2166 a
253 2095 328 2165 lilio
343 2093 412 2166 Dei
425 2092 521 2175 lieri,
544 2115 652 2186 seque
667 2095 855 2186 praebeant
876 2094 1024 2184 remiges
1039 2093 1119 2164 Deo
1134 2116 1202 2183 gu-

217 2195 385 2267 bernanti
404 2216 480 2264 non
502 2195 665 2283 ignavos,
697 2218 737 2264 ac
759 2195 920 2268 doctrina
946 2217 983 2266 sc
1012 2195 1202 2281 instruant,
1310 2177 1586 2294 &plicatio
1607 2179 1883 2296 Aphort'mi
1908 2178 2069 2273 XLII.
2098 2199 2182 2273 ele.

219 2309 255 2369 et
271 2299 318 2366 ad
333 2289 500 2365 honestos
513 2318 599 2366 usus
614 2309 835 2387 praeparent.
879 2295 1071 2392 Sciantquc
1084 2292 1201 2368 Deum

218 2397 312 2468 velle
332 2389 400 2466 hac
422 2395 605 2486 diligentia
637 2398 718 2472 coli.
769 2395 819 2469 Et
846 2411 1055 2470 execrentur
1084 2398 1202 2467 mani·
1322 2389 1354 2442 ¹¹¹
1374 2386 1603 2472 ‘l‘¹¹³⁰⁰·,T·‚T·
1622 2407 1649 2462 t·
1668 2391 1718 2446 ¹⁹⁶
1735 2409 1815 2478 ‘tt-2
1841 2396 1915 2464 apua
1933 2393 2061 2454 [timet.
2081 2395 2117 2460 ¹¹·
2136 2414 2164 2470 t’·
2181 2395 2246 2456 ²⁴⁵·

220 2493 306 2569 rhea
331 2509 366 2568 et
386 2495 600 2569 antinomica
623 2500 853 2571 deliramenta
874 2500 1037 2586 illorum,
1063 2500 1126 2592 qui
1138 2522 1203 2568 vo·
1356 2467 1382 2510 ἰ
1395 2474 1423 2510 ¹¹¹
1442 2456 1620 2514 ⁰⁹⁸¹¹⁰⁸¹¹³¹¹⁸
1639 2473 1782 2534 ‘'mm''
1800 2481 1828 2535 Ρ·
1848 2468 1910 2520 ²¹⁰⁹

220 2598 428 2671 ciierantur:
454 2596 1093 2691 111111111111111111111111111,
1120 2623 1200 2671 cum
1253 2635 1312 2706 ὦ.
1337 2632 1468 2707 'gean-⁰
1500 2635 1535 2706 A
1557 2631 1712 2710 hon-m·
1743 2639 1855 2710 ΗΜ
1897 2643 2005 2714 pm·
2053 2639 2220 2715 munda

221 2700 366 2794 quidem
394 2713 493 2770 tanta
517 2701 563 2771 sit
589 2722 711 2770 eorum
737 2701 912 2786 amentia,
949 2700 1101 2795 utquid
1131 2702 1204 2774 sint
1309 2653 1337 2726 p
1529 2656 1557 2729 p
1645 2689 1865 2831 ‘Momm‘
1908 2719 1912 2726 ·
1991 2663 2025 2716 ω
2222 2665 2246 2716 ⁶

219 2799 437 2894 bonaupera
451 2813 486 2874 et
501 2802 610 2883 mala,
636 2825 710 2872 non
725 2802 936 2893 intelligant
987 2797 1066 2874 Oro
1084 2814 1203 2875 autem
1844 2785 1858 2812 ’
2040 2863 2042 2874 .

220 2899 335 2976 atium
347 2900 435 2985 Dei,
460 2915 578 2977 utnos
592 2904 765 2993 gubernet
778 2919 812 2976 et
834 2917 1005 2996 protegat.
1055 2902 1163 2976 Dixi·
1257 2886 1470 2976 cumbum
1491 2926 1692 2976 comessum
1715 2920 1870 2979 vestrum
1893 2909 2005 2982 oculis
2028 2908 2172 2984 intueor
2187 2916 2245 2984 vi-

1257 3004 1290 3072 ri
1306 3003 1512 3089 clarissimi,
1538 3004 1679 3088 virtute,
1704 3010 1925 3095 eruditione,
1946 3011 2117 3102 dignitate
2134 3027 2244 3110 atque

543 3143 602 3209 Pr
612 3159 636 3210 a
646 3159 666 3209 e
673 3159 692 3208 3
701 3141 854 3209 enum·
863 3115 913 3209 os
1257 3105 1494 3196 amplitudine
1509 3121 1735 3197 praestantes,
1749 3112 1862 3204 deque
1877 3113 2062 3184 excellenti
2079 3117 2246 3188 doctrina

508 3219 511 3233 ·
1258 3221 1393 3292 vestra,
1417 3220 1452 3277 et
1474 3229 1551 3276 mea
1573 3231 1710 3278 mecum
1729 3212 1845 3302 cogito
1866 3213 2133 3301 imbecillitate,
2162 3218 2245 3288 ani-

324 3316 528 3391 Clarissime
561 3315 605 3392 D.
637 3314 792 3401 Ductor,
837 3327 872 3388 et
900 3313 1206 3402 Vicecancellarie,
1257 3309 1439 3378 madverte
1454 3307 1592 3379 dicturo
1608 3305 1696 3379 mihi
1717 3314 1889 3405 quaedam
1912 3308 1980 3384 boc
2002 3314 2040 3384 in
2064 3317 2143 3388 loco
2166 3344 2243 3389 non

223 3417 435 3513 Praeceptor
455 3419 691 3490 observande:
719 3415 857 3489 Veritas
874 3417 949 3509 ipsa
963 3419 1030 3488 sibi
1046 3419 1207 3489 testimo·
1257 3422 1330 3481 itm
1357 3411 1570 3494 tilessiiosses
1612 3435 1717 3504 quam
1745 3414 1878 3486 favoris
1907 3427 1942 3486 et
1974 3418 2244 3492 benevolentiae

223 3524 326 3594 nium
343 3521 470 3595 tribuit
486 3522 629 3613 ubique,
650 3517 948 3615 inquitGalcnus.
1000 3517 1081 3588 Nou
1097 3519 1207 3609 igitur
1258 3524 1393 3581 vestrae
1415 3512 1543 3582 studiis
1565 3533 1654 3603 opus
1679 3535 1764 3588 esse.
1815 3511 1916 3604 Quae
1941 3519 2088 3613 quidem
2110 3534 2244 3592 utnon

223 3623 262 3694 in
278 3624 474 3717 praesentia
490 3623 594 3711 longa
613 3621 951 3690 commemoratione
972 3631 1075 3704 utar,
1108 3620 1206 3713 quod
1257 3612 1447 3684 difficulter
1462 3609 1549 3682 mihi
1565 3617 1758 3703 praestetis,
1774 3617 1846 3686 dun
1865 3642 1928 3689 vos
1942 3643 2084 3692 movere
2098 3623 2244 3695 dehent.

223 3724 264 3794 in
280 3725 386 3796 rebus
398 3724 574 3812 ambiguis
589 3735 623 3792 et
640 3723 770 3811 ignotis
785 3721 862 3790 lieri
878 3722 976 3794 solet.
1002 3718 1094 3791 Nota
1110 3721 1205 3790 enim
1256 3711 1349 3782 Nam
1371 3737 1486 3807 neque
1515 3715 1653 3806 privato
1682 3717 1832 3786 coneilio
1862 3714 1926 3787 has
1953 3723 2094 3792 dicendi
2127 3738 2246 3814 partes

224 3837 277 3896 est
289 3819 398 3896 huius
414 3825 517 3895 amici
534 3825 646 3893 nostri
658 3821 707 3892 M.
717 3821 862 3913 Caspari
878 3821 1023 3893 Peuceri
1042 3821 1203 3894 doctrina
1257 3816 1412 3907 sumpsi,
1436 3817 1495 3885 sed
1511 3817 1680 3887 mandato
1701 3829 1735 3887 et
1758 3819 1946 3891 autoritate
1970 3823 2108 3912 legum,
2133 3849 2243 3919 quam

222 3949 299 3997 non
311 3920 397 3997 huic
413 3932 552 3998 tantum
568 3923 798 4005 Academiae,
824 3925 883 3995 sed
906 3921 1205 4018 totiGermaniac
1258 3916 1375 3987 colere
1389 3931 1423 3987 et
1437 3917 1529 3987 tueri
1547 3920 1645 3987 decet
1662 3941 1805 3999 omnes,
1832 3922 1896 4013 qui
1912 3945 2009 4006 eam,
2034 3924 2071 3992 in
2094 3949 2164 4018 qua
2186 3926 2243 3995 vi-

224 4040 260 4100 et
282 4025 409 4098 exteris
432 4048 573 4120 quoque
594 4024 811 4100 nationibus.
875 4023 1022 4122 Morum
1052 4048 1137 4096 vero
1168 4039 1204 4098 et
1257 4031 1359 4100 tunt,
1383 4013 1656 4109 Rempuhlicam
1671 4032 1910 4092 conservatam
1925 4025 2086 4116 eupiunt,
2111 4040 2243 4099 etcum

107 4165 112 4184 ·
224 4128 318 4200 vitae
333 4123 499 4199 honestas
515 4111 680 4198 omnibus
702 4127 808 4196 nobis
830 4126 1032 4213 notissima,
1057 4130 1101 4198 de
1123 4127 1206 4221 qui·
1257 4118 1516 4214 tranquillitate
1531 4142 1572 4190 ac
1587 4119 1778 4210 dignitate,
1799 4121 1986 4198 florentem
2004 4140 2039 4199 et
2059 4129 2242 4199 stabilem:

224 4227 292 4300 bus
308 4223 540 4322 quodbocin
558 4228 636 4299 loco
651 4227 931 4320 paucioradico,
964 4228 999 4298 id
1015 4228 1205 4320 iaeiopro-
1257 4244 1373 4316 neque
1400 4222 1558 4313 exemplo
1582 4214 1652 4292 boc
1679 4245 1774 4295 novo
1795 4223 1906 4312 lario,
1942 4228 2005 4297 aed
2034 4228 2243 4321 obtempero
2331 4293 2332 4298 ,

223 4344 304 4422 pter
319 4329 431 4424 ipsius
442 4329 649 4401 modestiam
663 4343 698 4400 et
714 4329 972 4406 verecundiam.
1004 4327 1093 4398 Nam
1108 4332 1206 4425 quod
1258 4323 1519 4395 laudatissimae
1540 4324 1808 4411 consuetudini,
1839 4349 1930 4421 quae
1952 4326 2104 4419 sapienti
2125 4332 2244 4403 maie-

226 4426 495 4520 deAmphiarao
504 4425 700 4526 Aeschylus
710 4431 818 4504 dixit:
845 4427 890 4504 οὐ
905 4426 1032 4503 δοκεῖν
1044 4429 1206 4526 ἄριστος,
1256 4449 1338 4496 rum
1354 4424 1504 4496 consilio
1521 4424 1742 4510 introducta,
1772 4440 1807 4498 ei
1826 4453 1844 4497 a
1860 4427 1983 4500 mullis
2006 4441 2088 4502 anie
2108 4455 2166 4500 me
2183 4457 2243 4504 ce·

226 4529 300 4606 ἀλλ’
327 4528 420 4607 εἶναι
443 4529 562 4618 θέλει,
603 4557 645 4603 eo
671 4533 791 4603 animo
816 4545 850 4603 et
877 4533 992 4624 ipsum
1025 4555 1099 4603 esse
1121 4534 1205 4614 scio,
1257 4528 1410 4614 lebrata,
1435 4541 1470 4598 et
1485 4529 1561 4620 ipso
1576 4530 1822 4602 commendata
1837 4530 1953 4601 iructu
1976 4544 2010 4602 et
2035 4534 2244 4606 necessitate

224 4637 361 4709 mavult
375 4657 447 4707 esse
462 4636 595 4720 honus,
619 4657 719 4725 mage
733 4659 839 4728 quam
856 4635 972 4705 bonus
986 4656 1060 4704 esse
1076 4633 1202 4708 videri.
1258 4651 1395 4720 semper
1416 4624 1487 4699 hue
1506 4650 1618 4723 usquc
1642 4629 1765 4718 viguit.
1820 4630 1883 4711 Me
1900 4649 1984 4702 veru
2001 4633 2105 4704 etiarn
2121 4657 2243 4706 recor·

195 4763 199 4778 ¹
323 4735 551 4809 lntercedunt
573 4749 690 4807 autem
713 4748 747 4806 11
768 4736 857 4806 aliae
878 4737 1103 4827 gravissimae
1123 4759 1206 4809 cau·
1237 4731 1355 4802 'datio
1395 4731 1704 4826 consideratioque
1737 4755 1896 4803 summae
1934 4727 2168 4806 humanitatis
2208 4753 2242 4809 et

221 4859 296 4922 sae,
319 4849 425 4931 atque
438 4835 659 4908 necessitudo
674 4849 784 4921 vetus,
805 4849 845 4909 ut
859 4837 976 4929 ipsum
993 4860 1206 4932 quocunque
1257 4831 1445 4925 aequitatis
1462 4848 1616 4918 vestrae,
1641 4858 1711 4926 qua
1725 4857 1766 4904 ex
1784 4830 1850 4905 boc
1865 4836 1942 4925 ipro
1964 4834 2042 4906 loco
2064 4837 2206 4909 auditos
2224 4863 2242 4908 a

225 4951 382 5036 tempore
405 4938 525 5008 iuvare
547 4951 582 5010 11
604 4961 733 5008 ornare
755 4940 961 5025 debeamus,
986 4941 1081 5034 quod
1105 4951 1146 5010 ut
1160 4940 1206 5008 li·
1256 4935 1359 5006 vobis
1378 4949 1461 5006 ante
1479 4959 1536 5006 me
1559 4938 1745 5030 plerosque
1770 4935 1935 5017 memini,
1960 4935 1999 5004 in
2021 4959 2117 5030 spem
2145 4939 2241 5030 opti·

223 5037 562 5125 bentiusiaciamus,
584 5040 690 5110 etiam
706 5039 816 5130 pietas
840 5063 920 5131 erga
945 5053 1204 5132 praeceptorem
1256 5061 1350 5108 mam
1376 5051 1530 5109 erectum
1553 5038 1756 5122 confirmat,
1798 5051 1837 5109 ut
1867 5037 2015 5107 eandem
2039 5059 2104 5128 ego
2124 5041 2240 5112 multo

209 5163 290 5212 ,nos
320 5135 540 5213 adhortatur.
599 5137 748 5212 Gaudeo
778 5141 889 5233 igitur
919 5142 1081 5236 praeberi
1114 5138 1206 5211 mihi
1257 5141 1402 5232 magica
1422 5141 1523 5211 vobis
1540 5138 1750 5232 aequitatem
1768 5149 1955 5230 expectem,
1981 5163 2086 5233 quam
2100 5133 2241 5212 exhibi-

223 5244 503 5338 qualemcunque
518 5242 737 5313 occasionem
760 5244 994 5316 declarandae
1016 5243 1207 5334 gratitudi·
1257 5256 1328 5316 tam
1351 5241 1432 5312 aliis
1455 5241 1640 5326 recordor,
1673 5240 1736 5335 qui
1762 5243 1799 5312 io
1825 5239 2030 5312 dulcissima
2057 5241 2239 5314 vobiscum

223 5342 280 5417 uis
303 5359 338 5420 et
356 5345 600 5419 observantiae
623 5367 704 5419 cum
719 5367 801 5438 erga
817 5347 956 5442 iprum,
980 5359 1056 5420 tum
1071 5359 1107 5421 et
1121 5368 1204 5439 erga
1257 5345 1453 5420 multomm
1469 5363 1645 5446 annorum
1659 5343 1911 5418 coniunctione
1935 5355 1971 5416 et
1984 5344 2240 5427 consuetudine

2061 1947 2238 2066 &Q
