4696 5820
49 295 113 382 ili

48 467 131 544 Talis
147 457 271 555 liogoa'
285 453 472 556 praecipue
495 460 709 536 intfleclesia·
723 460 907 536 horribilis
922 490 1002 557 per·
1040 466 1043 476 ’

45 572 137 640 uicies
149 581 205 650 est,¹
219 565 293 634 sive
307 566 467 636 comnlto
482 565 581 636 ludat
594 567 792 658 praestigiis
804 563 1001 658 sophisma*

44 687 123 754 turn,
142 681 179 738 ut
195 669 353 736 lecerunt
368 677 403 736 et
420 665 555 737 iaciunt
571 668 677 738 multi
691 663 902 758 blasphemi,
926 667 1010 737 sive

43 771 162 840 inscitia
185 763 322 859 spargat
346 766 540 857 improprie
560 768 676 853 dicta,
701 793 796 862 quae
810 769 1000 838 dissimiles

42 871 206 963 opiniones
228 869 267 936 in
286 867 414 936 animis
428 867 647 938 audientium
663 869 816 960 pariunt.
867 867 1001 938 Merui-

42 974 141 1040 nimus
161 981 193 1038 et
214 967 363 1038 dissidia
384 980 419 1038 et
434 969 645 1040 laxationem
661 970 869 1062 disciplinae
884 991 926 1039 ex
943 965 1000 1039 his

41 1069 207 1164 paradoxis
221 1081 335 1138 ortam
353 1079 442 1138 etse:

79 1169 202 1241 Omnia
223 1171 315 1240 fiunt
330 1168 537 1243 necessario.

78 1270 243 1344 Voluntas
264 1263 358 1338 nillil
382 1271 473 1360 agit,
513 1270 573 1340 sed
601 1281 739 1340 tanturn
762 1270 901 1363 rapitur
924 1291 998 1339 non

119 1372 230 1440 solum
246 1371 284 1438 in
303 1371 408 1439 bonis
425 1370 634 1456 actionibus,
652 1372 711 1440 sed
723 1371 877 1444 etiamin
886 1373 998 1442 malis.
1040 1367 1046 1382 '

77 1470 210 1542 Summa
228 1491 286 1540 ars
303 1484 355 1540 est
366 1465 670 1557 Christianorum,
694 1473 830 1542 saeuire
849 1474 971 1563 legem.

77 1571 162 1642 Deus
178 1593 214 1639 se
229 1571 431 1641 immediate
454 1572 702 1648 communicas.

78 1667 228 1742 Christus
247 1671 412 1742 iustificat
424 1694 488 1764 per
506 1672 678 1742 accidens.

76 1770 167 1844 Unde
190 1783 434 1864 contemptum
459 1772 642 1844 doctrinae
666 1786 835 1844 extruunt
861 1769 998 1846 ἔνθου-

117 1865 274 1946 sedocus.

79 1970 156 2042 Sunt
177 1972 265 2042 insti
287 1969 402 2044 renati
427 1973 533 2044 etiarn
555 1996 636 2044 cum
661 1971 702 2044 iu
722 1973 853 2045 scelera
873 1983 996 2044 contra

118 2072 372 2142 muniendam
389 2087 511 2144 ruunt.

51 2166 92 2238 sn
103 2195 167 2241 non
185 2172 346 2240 delector
363 2167 428 2240 hac
442 2173 786 2244 commemoratione.
837 2171 994 2242 Tantum

52 2293 121 2358 puta
142 2270 303 2364 exempla
328 2273 457 2353 recito,
482 2285 524 2344 ut
548 2273 707 2363 cogitetis
722 2285 895 2364 quantum
910 2273 994 2342 mali

55 2371 88 2452 a,
113 2395 272 2464 spargere
299 2374 451 2442 absurda
478 2386 541 2443 aut
567 2373 731 2464 ambigua
760 2373 874 2459 dicta,
914 2398 993 2444 cum

57 2472 151 2560 pidem
173 2475 212 2541 in
238 2473 374 2564 populo
392 2473 497 2562 longe
510 2472 661 2544 maiores
676 2473 865 2564 adplausus
880 2475 995 2544 cicant

58 2569 89 2638 ile
100 2567 273 2667 θαύματα
295 2566 472 2666 ῥημάτων
492 2595 599 2667 qoam
616 2588 709 2644 recte
727 2587 763 2642 et
777 2575 920 2664 proprie
935 2575 991 2643 di·

61 2683 96 2754 ts,
110 2675 190 2746 sicut
203 2687 238 2744 et
253 2667 485 2766 Thucydides
500 2696 581 2742 suos
594 2675 690 2742 cives
705 2674 887 2760 obiurgat,
913 2698 992 2742 cum

63 2773 98 2854 it,
115 2797 165 2844 eos
178 2773 340 2844 fastidire
355 2775 500 2857 usitata,
523 2787 559 2843 et
571 2773 695 2842 mirari
708 2773 872 2841 absurda.
922 2771 993 2842 sed

117 2879 234 2943 Fallitur
247 2893 280 2942 et
293 2881 373 2940 l'allit
387 2884 472 2960 vulgi
487 2885 540 2962 qui
554 2881 664 2962 pendet
680 2883 716 2940 ab
742 2900 803 2939 ore.

66 2965 136 3042 lain
150 2972 281 3044 scholis
301 2975 489 3065 praecipue
503 2976 602 3044 decet
623 2974 784 3044 custodes
809 2992 883 3040 esse
898 2972 994 3042 veri·

67 3071 111 3144 aas.
151 3074 257 3146 Tales
271 3088 314 3146 ut
327 3073 424 3159 sitis,
448 3097 588 3144 necesm
604 3087 653 3146 est
670 3099 733 3144 vos
752 3074 911 3165 primum
937 3096 992 3142 res

69 3185 112 3240 acte
123 3177 265 3261 discere,
294 3176 424 3246 deinde
439 3170 609 3246 adhihere
622 3177 773 3246 formam
791 3175 991 3265 exponendi

70 3265 169 3344 laneam
185 3290 218 3347 et
232 3276 373 3351 utilem.

119 3373 176 3446 Nec
197 3378 306 3465 longa
332 3375 572 3464 disputatione
603 3397 693 3464 opus
718 3376 762 3443 de
783 3373 921 3442 delectu
939 3375 989 3442 'in

73 3469 123 3542 tiu
139 3477 324 3549 discendis.
373 3475 467 3548 Nota
487 3477 582 3546 enim
603 3487 686 3545 suut
700 3475 761 3544 illa
777 3489 895 3545 vetera
910 3467 992 3544 orass

74 3571 117 3640 uls:

93 3671 170 3746 leno
183 3678 355 3771 eloquens
371 3699 444 3746 esse
459 3687 575 3766 potest
598 3673 636 3743 in
651 3699 692 3744 eo
708 3675 804 3767 quod
820 3674 941 3759 uenit,

95 3772 231 3871 Quodque
247 3801 376 3870 parum
392 3779 493 3848 novit
507 3801 613 3847 nemo
629 3777 755 3846 docere
773 3787 899 3866 potest.

96 3869 239 3972 tubaque
254 3879 455 3970 praevisam
474 3901 548 3946 rem
566 3901 640 3946 non
656 3877 768 3946 invita
797 3875 965 3968 sequitur.

104 3974 194 4065 'proh
214 3982 338 4062 dolor,
369 3980 562 4050 multorum
589 3973 674 4047 haec
694 3991 747 4048 est
767 3978 911 4064 arrdacia
935 3976 989 4044 vel

92 4165 94 4176 Ι
126 4079 147 4145 ia
162 4083 292 4168 potius,
318 4091 353 4146 et
367 4080 405 4146 in
423 4075 589 4148 Ecclesiis
605 4092 638 4148 et
653 4079 691 4148 in
712 4079 822 4162 aulis,
848 4078 988 4168 prolite-

92 4176 317 4260 ‹cDoctores,
357 4177 510 4261 ludices,
536 4177 709 4248 Censores
734 4179 777 4246 iis
804 4182 847 4247 de
875 4179 991 4263 rebius,

109 4299 292 4376 tuunquaru
309 4277 582 4372 inquisiverunt.
632 4278 707 4348 Alii
723 4279 882 4348 fascinati
900 4292 989 4346 tem-

103 4401 141 4444 ¹a
160 4399 215 4454 aut
238 4377 485 4452 multitudinis
506 4401 699 4462 consensu,
732 4375 798 4446 hoc
822 4375 988 4464 magistro

102 4483 163 4550 uenti
180 4481 377 4577 τρέπονται
394 4474 452 4551 ἐπὶ
469 4473 517 4550 τὰ
541 4472 688 4569 ἑτοιμά,
715 4492 755 4548 ut
771 4472 989 4547 'l'hucidides

106 4577 149 4666 nit,
166 4585 219 4654 alii
234 4586 384 4654 scientes
398 4581 630 4650 adsentantur
647 4601 707 4646 seu
730 4577 913 4671 gynaeceis
928 4600 989 4646 seu

102 4671 128 4758 ”³⁵1
144 4708 277 4774 quorum
303 4683 464 4754 serviunt
484 4678 695 4763 adfectibus,
720 4691 760 4748 ut
782 4678 989 4767 potentiam,

132 4793 152 4848 et
163 4788 353 4878 voluptates
365 4806 445 4854 suas
462 4792 620 4869 augeant,
646 4773 684 4848 hi
700 4802 773 4849 non
793 4791 917 4868 petunt
933 4803 989 4848 re-

131 4881 295 4956 doctrinam
313 4911 353 4956 ex
377 4882 660 4953 resistentibus.
713 4882 782 4950 Sed
801 4903 908 4950 unam
924 4875 987 4948 ha-

113 4985 163 5049 ¹2¹
187 4989 311 5058 culinis
342 4985 572 5066 sententiam,
603 5003 693 5076 quae
723 4994 831 5051 totam
863 5004 987 5050 eorum

112 5073 266 5176 *lusophiam
289 5087 534 5174 complectitur

117 5163 206 5272 iupa,
228 5188 343 5262 Cocus
362 5185 500 5260 domini
517 5183 621 5254 debet
635 5177 764 5252 habere
786 5183 918 5271 gulam.

125 5276 266 5382 licumque
286 5285 422 5358 indocti
445 5286 489 5353 ad
512 5277 603 5352 hanc
630 5305 740 5354 unam
767 5307 881 5351 arcem
899 5307 986 5352 con·

130 5395 167 5458 ut
204 5389 292 5464 Cum
313 5402 431 5462 anatem
455 5381 551 5456 Deus
583 5405 645 5452 vos
675 5386 720 5455 ad
743 5407 845 5455 veros
868 5382 985 5455 fontes

510 283 693 384 autnon·
720 284 988 371 ns‘cnra
1020 263 1176 370 anan
1208 271 1550 384 nooouuot·

1963 291 2041 368 sta

1052 465 1238 538 doctr-ime
1266 463 1528 554 cognoscendos
1556 459 1753 542 meaverit,
1792 447 1898 532 oliicii
1928 463 2037 533 vestri

1053 587 1225 636 memores
1242 566 1328 650 sitis,
1353 578 1388 636 et
1401 558 1506 633 intira
1519 563 1565 633 sit
1580 563 1715 654 pectori
1730 575 1764 632 et
1779 563 1890 635 menti
1904 563 2036 634 tristis·

1051 669 1141 738 sims
1159 667 1405 752 comminatio,
1430 667 1554 758 inqua
1570 663 1667 734 Deus
1682 663 1817 757 inquit:

1102 779 1197 874 Quia
1221 782 1404 854 scientiam
1428 781 1607 872 repulisti,
1631 778 1799 870 repellam
1821 791 1874 865 te,
1898 799 1945 849 ne
1968 777 2036 851 Sa·

1153 879 1309 954 cerdotio
1325 907 1404 952 meo
1427 881 1595 972 fungaris.

1049 999 1144 1072 ‘Volo
1160 1012 1276 1070 autem
1292 1001 1337 1068 ad
1356 1022 1472 1068 veram
1489 997 1726 1087 cognitionem
1743 994 1888 1086 adiungi
1912 1019 2033 1067 curam

1051 1116 1085 1174 et
1100 1101 1258 1173 studium
1274 1113 1367 1171 recte
1382 1099 1572 1192 loquendi,
1595 1112 1636 1168 ut
1658 1122 1775 1167 rerum
1791 1097 1960 1190 expositio
1975 1097 2033 1168 lu-

1051 1227 1133 1273 men
1152 1197 1279 1272 habeat
1300 1213 1334 1270 et
1350 1213 1443 1271 recte
1458 1199 1609 1288 intelligi
1631 1199 1754 1292 possit.

1153 1336 1252 1427 Quid
1274 1337 1404 1409 refert?
1428 1335 1588 1428 inquies,
1613 1359 1684 1427 quo
1707 1357 1834 1425 genere
1860 1335 2032 1422 sermonis

1050 1453 1212 1525 utamur,
1248 1450 1363 1530 potest
1386 1438 1508 1506 eadem
1528 1437 1702 1506 sententia
1727 1450 1762 1518 et
1781 1436 1877 1506 bona
1899 1429 2033 1528 phrasi,

1050 1555 1086 1614 et
1110 1538 1326 1610 soloecismis
1355 1536 1494 1623 efferri,
1520 1549 1565 1606 ‘et
1586 1549 1710 1607 notum
1732 1550 1783 1607 est
1806 1536 1897 1605 illud
1920 1550 2032 1621 vetus,

1049 1636 1263 1714 Anacharsis
1284 1637 1469 1710 soloecizet
1491 1632 1662 1720 Athenis,
1686 1635 1799 1708 Solon
1820 1636 1859 1706 iu
1876 1630 2033 1730 scythia.

1048 1741 1130 1814 Scio
1147 1756 1182 1812 et
1197 1741 1301 1812 doleo
1323 1739 1453 1810 multos
1471 1738 1647 1828 ignaviam
1667 1761 1767 1813 suam
1789 1759 1971 1822 excusare,
1996 1750 2033 1808 et

1048 1843 1256 1912 confirmare
1276 1835 1343 1910 hac
1363 1840 1545 1910 barbarica
1568 1839 1812 1928 persuasione,
1836 1839 1933 1932 quod
1955 1859 2031 1908 noo

1048 1956 1231 2016 mutentur
1252 1940 1446 2012 sententiae
1466 1939 1691 2018 soloecismis.

1095 2153 1117 2187 ο
1148 2069 1226 2163 Ego
1245 2097 1329 2144 vero
1347 2095 1428 2143 cum
1450 2073 1495 2142 de
1521 2095 1605 2142 cura
1628 2084 1721 2141 recte
1742 2069 1913 2162 loquendi
1936 2069 2030 2156 dico,

1046 2197 1120 2244 non
1136 2189 1271 2246 tanturn
1289 2173 1538 2265 proprietatem
1554 2196 1692 2250 vorsum,
1720 2184 1753 2241 et
1766 2171 2028 2260 grammaticam

1046 2278 1236 2346 verborum
1262 2275 1559 2344 constructionem
1582 2273 1743 2364 postulo,
1770 2295 1970 2364 quanquam
1995 2283 2030 2343 et

1046 2372 1133 2446 haec
1160 2397 1286 2463 magna
1313 2389 1415 2458 sunt,
1447 2376 1507 2444 sed
1537 2374 1723 2444 consilium
1747 2373 1785 2440 iu
1803 2372 1974 2460 eligendis
1995 2385 2031 2443 et

1046 2477 1301 2547 distribuendis
1325 2475 1503 2558 materiis,
1534 2488 1569 2544 et
1594 2475 1632 2542 in
1656 2475 1764 2543 totius
1788 2472 2031 2562 explicationis

1047 2577 1204 2648 aedificio
1235 2600 1297 2646 seu
1319 2577 1416 2656 idea,
1450 2576 1488 2643 in
1520 2576 1633 2645 forma
1660 2573 1817 2662 integrae
1846 2573 2030 2658 orationis,

1046 2692 1080 2748 et
1102 2679 1449 2767 circumspectionem
1480 2675 1521 2743 in
1543 2674 1697 2744 vitandis
1721 2673 1905 2768 Syrtibus,
1938 2697 2029 2764 quae

1045 2778 1218 2846 discentes
1238 2778 1471 2868 impediturae
1492 2799 1578 2846 esse.
1637 2775 1739 2844 lianc
1763 2797 1884 2844 curam
1904 2775 1966 2867 qui
1989 2775 2028 2842 in

1045 2877 1205 2945 docendo
1218 2899 1293 2945 non
1309 2872 1490 2957 adhibent,
1514 2877 1575 2943 sed
1591 2889 1723 2944 temere
1735 2876 1812 2945 sine
1829 2874 2028 2946 distinctio-

1045 2999 1106 3059 ne,
1133 2977 1210 3044 sine
1230 2977 1357 3044 ordine
1382 2975 1571 3044 effundunt
1597 2975 1770 3067 quidquid
1794 2997 1832 3043 se
1847 2975 1968 3054 offert,
1993 2989 2029 3046 et

1046 3077 1193 3147 miscent
1209 3077 1319 3146 mulla
1336 3077 1482 3159 soloeca,
1508 3068 1636 3145 horum
1652 3073 1768 3145 oratio
1782 3097 1856 3143 non
1873 3076 2029 3146 ostendit

1046 3201 1123 3262 res,
1149 3179 1208 3246 sed
1226 3178 1409 3262 obscurat,
1432 3176 1553 3245 obruit
1569 3189 1603 3246 et
1617 3176 1822 3265 corrumpit.
1873 3174 2027 3246 Prodest

1045 3278 1188 3369 aliquis,
1222 3277 1382 3370 quamvis
1410 3279 1523 3346 audax
1553 3289 1586 3346 et
1612 3277 1818 3367 impudens,
1850 3276 1913 3368 qni
1933 3277 2027 3350 ausit

1045 3379 1172 3462 dicere,
1198 3401 1236 3446 se
1251 3379 1448 3466 intelligere
1463 3376 1559 3448 Scoti
1577 3390 1611 3445 et
1625 3377 1794 3444 similium
1811 3396 2026 3451 sermonum.

1043 3475 1179 3545 Deinde
1197 3479 1544 3570 praeterquamquod
1564 3499 1705 3546 resnou
1720 3477 1967 3564 intelliguntur
1981 3478 2028 3547 ab

941 3601 948 3608 ·
1043 3577 1277 3658 auditoribus,
1301 3579 1338 3647 in
1358 3578 1421 3646 illo
1436 3590 1574 3646 oratore
1590 3578 1699 3646 mnnita
1717 3578 1807 3646 vicia
1820 3590 2027 3661 nascuntur,

1043 3679 1256 3768 negligentia
1273 3679 1312 3746 in
1330 3701 1447 3747 cerrum
1465 3677 1759 3761 consideratione,
1784 3677 1952 3757 audacis,
1967 3677 2026 3746 iu·
2147 3751 2156 3761 ,

1044 3779 1172 3859 tilitas,
1203 3779 1443 3867 impudentia:
1468 3779 1606 3868 fingunt
1627 3799 1685 3847 res
1708 3799 1797 3869 quse
1821 3771 1914 3846 nihil
1929 3789 2026 3858 suot,

1043 3893 1082 3949 ut
1106 3881 1205 3969 lingit
1230 3869 1356 3950 Scotus
1379 3879 1591 3948 universalia
1611 3879 1738 3959 realia,
1771 3891 1832 3949 aut
1853 3892 1895 3949 ut
1914 3875 2025 3948 Stoici

1044 3982 1200 4051 adiectus
1216 3981 1354 4068 lingunt
1370 4003 1442 4048 esse
1460 3979 1665 4071 opiniones,
1691 3974 1864 4050 Monachi
1877 3992 1912 4050 et
1928 3980 2026 4049 comi

1043 4081 1151 4150 menti
1180 4093 1281 4164 sunt,
1314 4093 1348 4151 et
1372 4081 1700 4164 stabiliunt-idola,
1733 4103 1814 4152 cum
1845 4080 2026 4151 somniant

1043 4181 1235 4253 accidentia
1259 4182 1337 4251 sine
1358 4181 1534 4264 subiecto,
1554 4203 1595 4248 ex
1611 4203 1682 4272 quo
1708 4180 1940 4250 deliramento
1954 4178 2022 4247 ulia

1043 4278 1228 4362 horribilia
1252 4280 1434 4351 mendacia
1449 4280 1571 4350 ‚multa
1594 4293 1710 4350 secuta
1733 4294 1835 4362 sunt,
1870 4302 2023 4372 qnorum

1042 4383 1176 4453 semina
1199 4395 1291 4452 certe
1314 4384 1462 4452 fuerunt
1482 4381 1652 4471 vocabula
1667 4403 1759 4449 nova
1775 4375 1869 4462 nihil
1888 4378 2024 4468 signid-
2091 4385 2106 4410 ⁸

1042 4483 1169 4553 cantia.
1219 4481 1357 4553 Deinde
1381 4495 1511 4573 quamn
1532 4494 1582 4550 est
1604 4501 1723 4550 rerum
1745 4479 1905 4550 conlusio
1927 4479 2024 4568 apud

1041 4580 1219 4673 Papistas,
1243 4607 1323 4652 cum
1349 4604 1423 4649 non
1445 4582 1651 4652 discernunt
1673 4581 1785 4670 legem
1806 4593 1842 4650 et
1858 4575 2023 4668 Erauge

1042 4682 1148 4764 lium,
1174 4685 1268 4775 apud
1285 4679 1510 4766 Antinomos‚
1537 4704 1617 4752 cum
1634 4705 1708 4751 non
1722 4682 1928 4750 discernunt
1941 4701 2023 4769 poce

1041 4796 1114 4853 cata
1132 4799 1254 4854 contra
1269 4782 1518 4853 conscientiam
1534 4783 1578 4852 ab
1591 4783 1661 4851 alio
1677 4801 1813 4868 genere.
1840 4777 1892 4850 lta
1907 4778 2023 4868 negli-

1040 4897 1162 4971 genter
1183 4886 1385 4977 loquentes,
1421 4907 1540 4955 rerum
1569 4879 1884 4951 considerationem
1916 4879 2021 4951 etiam
2129 4923 2134 4928 -

1039 4983 1230 5065 abiiciunt,
1257 4997 1290 5054 ct
1313 4985 1403 5054 fiunt
1424 4997 1579 5054 oratores
1595 4982 1713 5050 futiles
1738 4993 1772 5050 el
1790 4981 2024 5071 impudentes,

1040 5083 1102 5176 qui
1126 5096 1212 5154 tunc
1233 5085 1320 5176 plus
1338 5096 1484 5167 nocent,
1508 5107 1586 5152 cum
1610 5093 1780 5171 appetunt
1802 5081 2022 5174 eloquentiae

1037 5183 1192 5269 laudern,
1216 5197 1424 5254 scurrantur
1440 5184 1478 5252 in
1490 5182 1732 5264 concionibus,
1756 5195 1790 5251 et
1805 5183 1932 5253 ludunt
1955 5177 2022 5273 hy·

1038 5283 1214 5374 perbolis,
1241 5284 1387 5367 ironiis,
1410 5295 1444 5354 el
1465 5283 1544 5354 aliis
1559 5282 1698 5375 figuris,
1722 5284 1854 5378 quibus
1869 5282 2021 5352 delecta-

1038 5395 1101 5456 tur
1114 5383 1256 5457 indocta
1272 5384 1477 5464 multitudo.
