4706 5818
31 367 33 374 ,
103 301 188 382 ωε]
394 309 399 314 ·
489 317 494 324 ’
604 271 1546 374 ·.1.uu1tousoouoau10u1s.rans11.
2011 297 2110 376 aoaa

31 427 32 438 ἵ
101 468 260 544 flammeis
274 466 389 548 oculis
403 461 605 540 minitantis
614 463 697 556 ipsi.
721 461 850 539 Subito
865 463 976 554 igitur
987 483 1073 534 con·
1227 449 1391 530 Offendit
1406 469 1523 528 autern
1547 455 1743 532 Gottorusu
1756 461 1956 537 voluntates
1970 469 2109 548 duabus

101 584 263 648 ,gemam
279 581 314 642 es
329 581 483 644 uenena
498 566 653 644 iussisse
678 565 869 640 iniectum
892 561 1074 646 collocari,
1124 559 1246 629 rebus:
1280 557 1503 630 institutione
1524 559 1607 647 lilii,
1630 585 1736 655 quem
1760 563 1880 638 literas
1904 570 2022 640 doceri
2043 597 2107 642 vo-

100 670 303 749 esaccersito
317 667 463 746 Medico
485 663 546 744 El
569 661 649 742 t'ds'o
671 666 831 739 narravit
856 663 979 736 amicis
1001 675 1073 736 ter-
1120 659 1211 744 luit,
1236 669 1272 728 et
1287 658 1444 744 iusticia,
1470 684 1540 754 qua
1554 661 1734 734 licentiam
1752 668 1882 737 ducum
1898 682 1932 740 et
1949 671 2106 744 militum

99 771 231 844 ribilem
251 772 353 843 illam
373 690 578 863 Symmachi
599 768 750 860 speeiem
773 779 1014 858 conspectam,
1038 775 1073 834 ει
1121 754 1348 843 cohercebat,
1381 781 1427 828 ne
1448 761 1541 832 cives
1564 762 1604 832 in
1624 761 1726 838 ltalia
1745 765 1893 838 'iniuriis
1914 771 2103 846 allicerent.

98 872 131 942 in
146 872 384 963 deploratione
394 869 533 940 sceleris
546 869 601 940 sui
610 870 717 960 paulo
732 880 814 959 post
825 867 1000 939 extinctus
1009 877 1071 938 est.
1119 857 1286 932 Permisit
1313 874 1430 932 aulem
1458 875 1588 946 maier,
1619 878 1661 938 ⁰1
1685 865 1759 936 filio
1788 879 1860 940 ires
1883 893 1925 939 0¹
1948 868 2104 946 Gollitfs

1118 960 1341 1051 principibus
1369 961 1660 1054 praeficerentur,
1690 967 1755 1059 qui
1781 980 1816 1039 et
1842 971 2102 1046 adolescentem

1118 1063 1162 1132 ad
1198 1061 1366 1134 militaria
1394 1063 1558 1134 exercitia
1590 1067 1864 1154 assuefacerent,
1895 1086 1930 1142 et
1952 1075 2100 1146 consilia
2155 1111 2171 1128 s

1116 1161 1260 1252 publica
1277 1175 1448 1252 regerent.
1474 1161 1524 1233 Hi
1539 1163 1621 1254 plus
1635 1163 1796 1238 licentiae
1810 1169 1849 1240 in
1866 1172 1945 1244 ocio
1962 1186 1998 1246 et
2011 1177 2099 1246 ado-

1060 1271 1071 1306 ’
1116 1261 1263 1336 lescenti
1278 1277 1314 1334 et
1330 1263 1504 1335 militibus
1521 1265 1770 1355 permiserunt.
1804 1267 1877 1340 Sed
1895 1275 2098 1347 adolescens

1116 1363 1203 1434 dum
1233 1363 1475 1456 voluptatibus
1499 1365 1680 1456 indulget,
1708 1382 1873 1441 mortuus
1895 1387 1965 1461 est,
2000 1391 2098 1466 post-

190 1447 322 1524 Extant
344 1447 474 1546 scripta
488 1446 606 1522 Bodtii
627 1449 672 1520 de
696 1445 894 1538 praecipuis
911 1447 1069 1542 discipli·
1116 1487 1222 1557 quarn
1257 1487 1378 1535 annos·
1401 1477 1480 1536 octo
1511 1489 1590 1536 cum
1613 1481 1723 1539 matre
1747 1471 1919 1560 regnavit.
1983 1474 2098 1550 Mater

94 1550 154 1632 113⁸,
177 1575 217 1624 ex
233 1552 364 1646 quibus
379 1549 530 1622 iudicari
546 1561 671 1644 potest,
685 1547 795 1620 fuisse
812 1571 892 1665 eum
905 1549 1067 1620 omnium
1118 1563 1253 1644 deinde¹
1271 1577 1341 1636 tres
1358 1565 1441 1635 illos
1460 1567 1714 1656 gubernatores
1734 1569 1799 1640 filii
1822 1571 1972 1644 interfici
1996 1599 2099 1650 eura-

93 1645 349 1733 Romanorum.
376 1675 528 1746 quorum
545 1651 682 1744 reliqua
699 1661 782 1720 ⁸1¹¹st
803 1663 931 1740 ⁸⁶1¹Pl²
946 1649 1067 1724 erudi·
1115 1663 1185 1748 vit,
1211 1677 1247 1736 et
1260 1680 1300 1738 ut
1315 1688 1351 1736 se
1365 1665 1536 1752 muniret,
1559 1665 1786 1740 Theodatum
1801 1669 1953 1744 Gottum
1966 1674 2035 1747 sibi
2050 1682 2096 1751 ad

94 1750 270 1824 tissimum.
321 1749 380 1822 Ad
398 1745 466 1820 hoc
481 1752 588 1844 decus
600 1748 740 1821 addidit
758 1762 793 1822 ει
807 1772 910 1820 verae
933 1749 1063 1821 doctri·
1113 1765 1213 1854 regni
1228 1767 1428 1838 societatem
1443 1768 1624 1851 adiunxit,
1649 1782 1684 1841 et
1705 1794 1786 1842 cum
1808 1771 2004 1848 Iustiniana
2028 1778 2098 1850 im..

92 1873 151 1922 nae
170 1854 213 1922 de
233 1849 309 1923 Deo
333 1851 608 1944 professionem,
633 1863 667 1921 et
696 1849 834 1921 ulililtr
854 1850 994 1941 πῐῑρῦὶῐ
1020 1851 1065 1921 de
1114 1879 1276 1954 peratore
1309 1868 1435 1938 foedus
1456 1867 1551 1940 iacit.
1610 1867 1784 1943 Praetulit
1805 1887 1925 1946 autem
1950 1882 2095 1952 caeteris

93 1951 287 2022 discrimine
300 1965 448 2024 naturae
462 1965 497 2023 et
511 1975 692 2044 personae.
732 1945 782 2021 Et
797 1943 965 2022 hortandi
982 1961 1065 2022 sunt
1114 1962 1375 2038 Amatmumha
1409 1961 1504 2038 hunc
1527 1963 1773 2060 Theodatum,
1805 1977 1902 2068 quod
1933 1989 1970 2048 et
1989 1965 2094 2052 „aius

93 2053 255 2138 studiosi,
287 2065 329 2126 ut
349 2054 425 2124 eius
447 2052 559 2146 libros
589 2053 721 2158 legant.
772 2047 967 2142 Coniugem
989 2052 1065 2123 eius
1114 2079 1190 2136 erat
1209 2091 1251 2136 ex
1268 2063 1475 2138 Amallreda
1495 2090 1616 2140 sorore
1640 2067 1878 2162 Theodorici,
1901 2089 1936 2148 et
1957 2095 2094 2154 rexerat

91 2149 187 2224 filiam
196 2148 402 2246 Symmachi
415 2151 739 2242 teribill'rocopiffi
749 2150 891 2220 T⁰li¹²¹0
907 2165 1064 2239 “impore
1111 2166 1338 2254 Hetrnriam,
1362 2181 1397 2238 et
1418 2168 1683 2243 existimabatur
1708 2187 1853 2264 propter
1882 2177 1998 2248 studia
2027 2182 2094 2251 do·

91 2249 174 2322 inter
193 2264 349 2324 caeteros
373 2252 554 2322 mendicos
573 2250 747 2324 Patricius
770 2247 904 2320 victum
926 2249 1065 2318 mendi·
1112 2266 1325 2352 minarum,
1366 2268 1448 2358 quia
1472 2265 1677 2342 Platonicus
1709 2267 1835 2345 habeti
1859 2278 1993 2364 voluit,
2017 2281 2093 2353 fore

90 2354 191 2424 cando
209 2353 401 2444 collegisse.
452 2349 561 2424 Hunc
575 2365 693 2427 autem
708 2343 1062 2445 Symmachumffib'·
1111 2365 1255 2436 iustior:
1281 2367 1342 2436 sed
1361 2365 1467 2456 longe
1481 2389 1556 2436 eam
1571 2367 1844 2462 leiellitopinio.
1893 2376 1985 2448 Nam
2004 2403 2093 2450 ava-

90 2451 125 2520 tii
154 2475 313 2523 socerum
337 2453 451 2532 multo
477 2453 712 2523 recentiorem
735 2472 808 2538 esse
836 2449 948 2520 lector
977 2451 1064 2522 ⁵23³!
1112 2464 1198 2536 ricia
1223 2465 1361 2556 generis
1391 2465 1614 2538 nobilitatem
1637 2468 1676 2538 in
1703 2493 1744 2539 eo
1771 2473 2023 2564 dedecorabat,
2056 2496 2092 2554 et

88 2547 144 2622 illo
158 2552 339 2644 superiore
355 2545 588 2646 symmach&
614 2551 677 2644 ‘11¹3
694 2545 889 2620 Th0⁰d0⁵fl
905 2563 1064 2640 l⁰¹⁰P⁰r⁰
1111 2578 1259 2637 naturae
1273 2567 1481 2657 pravitatem
1503 2566 1541 2636 in
1557 2581 1599 2638 eo
1620 2592 1696 2638 non
1719 2575 1991 2648 emendaverant
2010 2581 2093 2649 lite-

88 2668 198 2724 contra
211 2648 435 2726 Christianos
449 2651 609 2746 scripsit,
625 2664 670 2722 ,ει
686 2649 746 2723 cui
761 2652 955 2744 respondet
971 2651 1062 2720 Am-
1113 2688 1191 2752 m,
1215 2666 1311 2738 imp,
1327 2666 1478 2739 dictum:
1501 2665 1687 2740 sincerum
1704 2683 1754 2740 est
1773 2672 1845 2742 nisi
1868 2699 1947 2757 va„
1974 2681 2093 2770 quod.

87 2752 228 2826 brosius.
1110 2789 1250 2861 cunque
1264 2767 1443 2850 inlundis,
1469 2767 1606 2842 acescit.
1657 2767 1868 2860 imponebat
1887 2772 2009 2848 ltaliae
2033 2778 2092 2849 in-

177 2869 319 2943 llahuit
337 2882 454 2943 autern
475 2868 660 2958 coniugem
684 2864 931 2940 Theodericus
950 2865 1060 2938 liliam
1109 2866 1199 2936 iusta
1214 2867 1368 2954 tributa,
1391 2882 1426 2938 ει
1449 2870 1580 2942 multos
1593 2871 1788 2944 excutiebat
1800 2897 1842 2944 ex
1864 2876 2091 2952 facultatibus

85 2971 168 3059 regis
183 2969 346 3042 Francici
360 2968 532 3053 Lndoici,
556 2968 658 3042 casius
686 2990 819 3040 nomen
848 2967 918 3040 ioit
943 2962 1061 3040 Adel-
1091 2967 1350 3063 'qualicunque
1365 2981 1545 3059 praetextu
1568 2970 1827 3044 circumventos
1840 2975 2037 3049 calumniis.

85 3060 191 3152 leda,
218 3072 458 3164 quodantest
481 3061 658 3162 ἀλήθεια,
685 3081 749 3142 aut
771 3067 1059 3140 Germanicuma
1208 3065 1312 3139 Hane
1341 3068 1557 3141 iniustitiam
1578 3093 1660 3140 cum
1683 3070 1956 3162 reprehenderet
1978 3074 2091 3150 Ama·

83 3172 262 3244 nobilitate
276 3172 423 3242 dictum.
475 3167 643 3242 Sororem
665 3165 792 3245 babuit
805 3167 1058 3256 Ameliredam,
1106 3164 1292 3256 losuntha,
1316 3169 1462 3240 inclusit
1476 3192 1556 3252 ,eam
1574 3168 1776 3249 incarcere.
1827 3173 1885 3245 lbi
1906 3178 2090 3270 aliquanto

83 3291 183 3360 quam
204 3271 280 3360 regi
302 3269 547 3341 Vandalorum
565 3270 604 3340 in
614 3270 734 3341 Africa
749 3272 813 3342 des
837 3271 950 3346 ondit.
976 3268 1059 3340 Hu·
1106 3282 1185 3357 post
1209 3271 1335 3340 fraude
1362 3263 1539 3341 Theodoti
1571 3269 1757 3344 interfecta
1781 3288 1852 3361 est,
1884 3278 1945 3370 qui
1969 3290 2089 3350 tamen
2129 3359 2132 3364 ,

83 3366 133 3438 ius
158 3372 269 3437 filiam
299 3359 549 3449 Amelbergam
578 3359 679 3428 dedit
705 3362 780 3449 regi
809 3297 1055 3448 Turingorum
1105 3381 1179 3427 non
1193 3369 1308 3432 multo
1326 3368 1681 3452 postingratitudinis
1697 3395 1830 3460 poenas
1845 3377 1960 3460 dedit,
1986 3377 2086 3450 iuxta

187 1015 380 1108 Gregorius
398 1013 565 1087 Pontifex
582 1015 741 1108 scripsit,
767 1015 944 1108 quendam
961 1015 1000 1085 in
1013 1038 1071 1085 so-

96 1115 238 1188 litudine
253 1120 292 1187 in
310 1112 439 1188 insulis
455 1113 591 1186 Aeoliis
613 1116 791 1187 viventem
812 1115 944 1188 vidisse
966 1115 1071 1186 deiiei

95 1214 349 1290 Theodoricum
381 1218 421 1286 in
448 1217 599 1287 illarum
636 1215 835 1288 insulamm
874 1217 1059 1307 voragines

94 1341 174 1412 quae
190 1319 337 1390 eliciunt
353 1317 478 1409 globos
493 1317 718 1390 flammarum
734 1315 826 1386 sicut
840 1315 968 1390 Aetna.

82 3455 341 3542 Hermsufrido.
392 3461 485 3552 Filia
506 3481 590 3531 vero
612 3452 922 3555 Theodoriciiuit
942 3453 1054 3529 Ama·
1105 3457 1256 3531 dictum:
1282 3457 1366 3536 Non
1381 3465 1520 3535 recedet
1533 3465 1704 3543 maluma
1721 3470 1831 3550 domo,
1842 3474 1987 3564 ingrati.

81 3563 254 3640 losuntba.
305 3561 402 3634 Haec
415 3560 562 3632 nomina
580 3571 708 3650 putant
721 3559 783 3630 alii
798 3583 819 3632 a
834 3561 933 3632 coelo
958 3558 1054 3630 dicta
1975 3651 1979 3658 ι

83 3690 166 3754 esse,
191 3665 294 3763 quasi
306 3661 514 3759 ᾥὶιιιιῑῐιίιι,
539 3657 822 3756 ᾧίιιιῐίψῦιψιίι,
855 3662 917 3732 sed
935 3660 1054 3730 verius
1201 3650 1420 3728 Theodotus
1434 3659 1596 3749 regnavit
1607 3661 1696 3732 duos
1708 3687 1822 3738 annos
1835 3682 1913 3762 post
1927 3686 2087 3746 necatam

81 3782 127 3839 est
150 3791 224 3840 esse
246 3790 267 3836 a
291 3767 446 3837 dictione
466 3762 607 3859 bonel,
642 3764 738 3856 qood
770 3773 824 3834 est
851 3783 963 3852 agnus
990 3784 1054 3832 seu
1103 3753 1421 3844 Amalosuntham,
1446 3782 1592 3847 avarus,
1617 3761 1824 3838 insolensin
1839 3771 1945 3842 rebus
1959 3796 2087 3847 secun-

81 3870 177 3943 aries.
229 3867 272 3940 ld
289 3867 386 3936 enim
409 3887 542 3936 nomen
564 3863 635 3935 tuis
652 3863 809 3942 familiae
825 3857 1054 3946 Theodorici,
1105 3860 1179 3945 dis,
1199 3858 1240 3929 in
1252 3859 1409 3930 adversis
1427 3860 1584 3932 timidus.
1633 3860 1725 3936 Curn
1739 3867 1872 3940 bellum
1889 3873 1922 3942 ei
1937 3873 2086 3950 inferret

126 3993 166 4042 ae
191 3969 243 4055 sic
265 3991 286 4038 a
306 3966 437 4039 vellere
459 3963 596 4052 lasonis
615 3963 710 4036 dicta
730 3979 793 4036 εει.
843 3961 934 4035 lnde
956 3962 1053 4032 enim
1107 3959 1327 4031 lastinianus
1346 3974 1491 4055 propter
1505 3986 1626 4033 necem
1651 3959 1948 4062 Amalosuuthae,
1979 3976 2088 4050 tnirto·

82 3992 178 4144 ghtti
203 4093 246 4139 ex
260 4061 428 4138 Colchica
450 4065 490 4134 in
506 4061 687 4155 Europam
709 4064 885 4157 progressi
904 4063 1056 4148 lucrant,
1087 4059 1263 4153 -trepidus
1288 4058 1427 4131 ltaliam
1455 4086 1492 4135 se
1517 4065 1550 4132 ei
1573 4067 1787 4140 traditurum
1814 4095 1887 4142 esse
1909 4078 2082 4164 promisit.

79 4185 115 4240 ot
130 4165 249 4242 adhuc
262 4169 302 4240 in
316 4166 470 4239 Taurica
483 4160 703 4238 Chersoneso
721 4164 824 4246 Gotti
837 4177 921 4237 sunt
934 4179 1055 4240 nostra
1105 4162 1176 4233 Sed
1191 4187 1271 4234 cum
1288 4161 1327 4233 in
1344 4159 1488 4260 Illyrico
1503 4165 1691 4255 dissipatus
1710 4184 1799 4242 esset
1815 4167 2004 4245 Iustiniani
2022 4181 2083 4248 ex-

79 4268 197 4361 lingua
217 4271 415 4364 loquentes.
472 4263 553 4339 Erit
575 4266 684 4354 igitur
709 4266 920 4360 etymologia
944 4261 1056 4337 Ama·
1106 4265 1255 4350 arcitus,
1279 4263 1498 4336 elatusnova
1518 4287 1579 4355 spe
1600 4265 1731 4356 legatos
1747 4266 1936 4366 Iustiniani
1952 4277 2089 4351 retinet*

78 4365 278 4456 losunthae,
294 4365 504 4442 Amalorum
519 4364 688 4460 lbdttlteil.
714 4364 817 4438 Hanc
831 4367 940 4436 liliam
954 4389 1054 4438 suam
1106 4365 1262 4436 inclusos
1291 4364 1433 4440 carceri.
1478 4362 1553 4435 lbi
1586 4388 1670 4436 vero
1697 4366 1916 4443 lastinianus
1943 4374 2113 4449 Belisa-'

79 4463 324 4547 Theudoricus
337 4469 528 4562 despondit
540 4466 711 4542 Eutarico
725 4465 910 4538 Widerici
924 4463 1056 4558 Hispa·
1105 4467 1215 4551 riom,
1246 4465 1347 4538 cuius
1368 4465 1482 4538 virtus
1501 4479 1536 4538 et
1559 4465 1732 4540 loelieitas
1751 4471 1822 4542 iam
1843 4476 1983 4564 cognita
2005 4493 2081 4568 erat

78 4571 151 4645 uici
173 4573 266 4662 regis
290 4572 381 4657 filio,
414 4569 478 4663 qui
500 4569 607 4642 stiam
629 4592 671 4640 ex
689 4567 824 4639 familia
844 4563 1054 4642 Amalorum
1104 4565 1420 4657 multisgentibus,
1445 4589 1525 4636 cum
1549 4582 1584 4639 et
1606 4569 1645 4641 in
1659 4565 1812 4644 Oriente
1827 4570 1952 4647 Persas
1973 4579 2079 4648 vicis-

75 4673 156 4756 iuit,
206 4671 265 4754 ‚Es
280 4667 338 4750 bis
353 4666 737 4763 parentibusEutarico
753 4663 1054 4744 etAmalosuntba
1105 4682 1175 4753 set,
1199 4682 1234 4739 et
1249 4688 1371 4738 means
1388 4667 1511 4737 deletis
1526 4666 1697 4768 Vandalis
1707 4672 1867 4746 Africam
1882 4679 2079 4770 recepisset,

78 4788 181 4848 natus
206 4787 257 4844 est
275 4768 495 4854 Atalericus,
524 4771 586 4864 qui
608 4771 752 4842 orbatus
773 4782 871 4862 patre
890 4769 1064 4856 sttccessit¹
1104 4768 1200 4846 misit
1215 4769 1254 4838 in
1268 4767 1420 4842 Italiam.
1433 4791 1441 4832 ε
1465 4765 1536 4842 llic
1549 4769 1751 4860 recuperata
1764 4773 1886 4848 Sicilia
1901 4779 2079 4870 ingressus

79 4868 304 4954 Theoderico
330 4873 369 4952 in
388 4894 498 4960 regno
519 4871 659 4958 ltaliae,
690 4883 795 4944 uatus
816 4894 931 4944 annos
961 4885 1054 4957 octo,
1104 4871 1263 4956 ltaliam,
1290 4869 1445 4960 primum
1471 4869 1612 4950 obsedit
1635 4869 1830 4964 Neapolim
1858 4877 1898 4948 in
1919 4903 1989 4974 qua
2012 4883 2078 4954 etsi
2220 4919 2222 4924 ·

81 4977 137 5047 scd
153 4988 269 5057 mater
291 4973 668 5064 excellensprudeutia
682 4985 719 5044 ει
737 4973 867 5046 virtute
891 4974 1055 5066 aliquan-
1105 4975 1139 5044 vi
1161 4995 1236 5044 eam
1257 4983 1419 5062 ceperat,
1443 4982 1561 5041 tamen
1581 4994 1699 5043 severe
1721 4978 1917 5070 praecepit,
1937 5004 1985 5053 ne
2001 5006 2078 5054 see-

79 5072 140 5144 giu
154 5061 723 5160 gmg‘gggfogffimguboenavit.
772 5071 920 5144 Decreta
935 5086 1055 5144 exunt
1104 5073 1193 5144 vicia
1216 5085 1433 5144 exerceretur
1451 5073 1491 5140 in
1515 5073 1626 5158 cives,
1648 5081 1772 5147 eorum
1795 5079 1962 5170 coniuges
1983 5096 2019 5153 et
2031 5083 2079 5152 li·

80 5171 143 5247 fiffi
160 5177 306 5258 nomin,
320 5176 365 5248 gg
378 5169 617 5250 &elegiarum
630 5175 811 5255 libertate,
838 5189 873 5246 et
885 5174 1055 5248 canonica
1105 5177 1224 5258 beros,
1258 5174 1428 5266 iussitque
1449 5171 1543 5243 cives
1565 5175 1691 5245 domos
1713 5190 1748 5249 et
1767 5201 1825 5252 res
1846 5203 1927 5254 suas
1948 5195 2078 5253 tenere.

79 5265 335 5368 Episcopornm
367 5273 558 5361 electione,
586 5287 621 5346 st
642 5275 828 5367 stipendiis
853 5277 1055 5348 docentium
1104 5273 1151 5346 Et
1165 5275 1310 5368 quidem
1323 5269 1390 5344 hac
1404 5295 1489 5344 usus
1506 5274 1667 5344 oratione
1680 5277 1727 5348 ad
1740 5280 1872 5356 milites
1892 5281 2077 5357 scribitur:

80 5371 118 5454 in
140 5373 313 5462 scholis„
367 5436 409 5472 ι,
506 5437 512 5446 ,
722 5437 774 5444 ..
917 5441 920 5448 ⁴
1061 5375 1285 5454 'Divinitas
1305 5397 1342 5446 se
1364 5373 1518 5545 potitrpp
1528 5397 1612 5523 :sse
1634 5377 1740 5467 urbe,
1764 5387 1859 5474 'qrrae
1887 5386 2080 5475 potabatur
