4706 5818
118 299 186 374 967
682 297 712 372 Ι.
752 290 1047 377 CHRONICON
1072 287 1322 372 catalonis.
1373 225 1499 372 vans
1523 295 1572 371 ll.
2059 301 2135 378 9⁵8

117 469 271 542 ditiones
295 481 519 560 pepererunt.
584 466 684 541 Sicut
709 464 877 540 historiae
900 465 1104 550 Clementis,
1155 465 1320 537 cutienda
1352 479 1403 538 est
1432 462 1488 536 lais
1516 467 1849 559 imaginationibus,
1881 495 1972 565 quae
1999 473 2137 564 lingunt

117 566 314 664 Epiphanii
343 582 379 640 et
407 566 575 656 Eusebii,
605 571 690 650 inde
714 591 877 662 usquea
906 559 1104 638 Marcionis
1153 567 1343 638 discrimen
1363 567 1403 637 iu
1425 563 1613 639 huminum
1637 573 1783 644 materia
1805 596 1900 657 esse,
1922 587 1985 644 aut
2006 574 2045 643 in
2061 573 2138 646 Deo

118 687 279 765 tempore
304 682 469 755 narrant,
500 670 539 740 in
568 672 699 764 quibus
725 669 892 741 scribitur
913 669 1102 739 colluviem
1157 663 1484 764 προσωποληψίαν.
1537 669 1607 742 Sed
1624 685 1771 765 utraque
1786 675 1911 744 concio
1924 676 2137 746 universalis

118 772 314 844 Marcionis
332 772 504 863 oppidum
522 767 695 864 Phrygiae
711 769 886 862 Pepuzam
902 770 1105 840 nominasse
1156 784 1223 841 est:
1251 769 1437 840 Accusatio
1458 772 1591 862 peccati
1613 773 1652 840 in
1674 775 1859 862 omuibus,
1883 776 1946 870 qni
1963 778 2039 846 nati
2055 792 2141 850 sunt

119 872 389 968 lerosolymam,
413 886 448 944 et
470 872 523 944 ibi
541 873 751 944 seditionem
766 872 936 955 movisse,
960 893 1105 963 prorsus
1132 903 1137 916 ·¹
1157 893 1197 940 ex
1218 870 1470 940 commixtione
1493 873 1600 942 maris
1622 887 1657 943 et
1678 874 1872 962 foeminae,
1898 891 1935 946 et
1949 879 2138 969 promissio

117 972 426 1066 ntAuabaptistae
442 973 652 1046 seditionem
671 974 710 1042 in
723 974 813 1044 urbe
829 971 1105 1044 Monasteriensi
1156 971 1306 1060 gratiae,
1336 973 1434 1042 iuxta
1460 965 1548 1066 haec
1574 973 1685 1045 dicta:
1719 971 1848 1048 Venite
1868 980 1912 1047 nd
1936 1002 1993 1046 rue
2016 1004 2140 1050 omnes

961 1078 966 1090 '
1157 1073 1220 1167 qni
1243 1072 1411 1142 laboratis
1433 1085 1468 1142 et
1488 1075 1625 1144 onerati
1641 1074 1742 1160 estis,
1766 1091 1802 1148 et
1818 1100 1882 1168 ego
1897 1079 2048 1150 reficiam
2066 1104 2139 1152 vos.

1158 1168 1328 1243 lobannis
1344 1173 1396 1247 8.;
1429 1171 1489 1244 Sic
1510 1170 1607 1246 Deus
1630 1175 1752 1246 dilexit
1773 1178 1964 1264 mundum,
1996 1193 2037 1250 nt
2058 1183 2142 1252 uni-

1156 1274 1315 1364 genitum
1343 1274 1456 1344 lilium
1484 1275 1641 1356 dederit,
1671 1289 1712 1346 ut
1739 1278 1855 1348 omnis
1886 1280 1949 1373 qni
1969 1282 2079 1352 credit
2101 1285 2140 1350 in

1157 1398 1238 1444 eum
1275 1367 1349 1444 nun
1387 1388 1524 1466 pereat,
1566 1378 1625 1444 sed
1660 1371 1787 1449 habeat
1813 1380 1923 1450 vitam
1953 1396 2142 1455 aeternam.

116 1089 315 1150 moverunt.
941 1129 950 1148 .

218 1175 382 1248 Tandem
411 1199 495 1248 vero
517 1174 645 1246 Manes
668 1174 800 1246 dicitur
821 1167 889 1245 hoc
913 1175 1019 1245 modo
1041 1199 1105 1265 pe·

117 1280 228 1351 riisse.
274 1275 364 1350 Cum
379 1301 495 1366 vepro
509 1277 648 1352 medico
664 1277 862 1346 venditaret
876 1277 970 1368 apud
987 1297 1105 1364 regem

118 1377 315 1463 Persicum,
346 1379 517 1447 etlilium
541 1378 616 1447 eius
640 1379 678 1446 in
701 1376 902 1460 narratione,
935 1399 997 1446 seu
1021 1377 1104 1445 dolo

118 1503 177 1549 seu
205 1477 348 1549 inscitia
376 1489 551 1564 necasset,
583 1502 643 1547 rex
667 1477 828 1548 Persicus
850 1489 965 1547 cutem
988 1478 1020 1546 ei
1043 1479 1105 1546 de·

116 1575 210 1652 trahi
227 1579 346 1662 iussit,
372 1593 407 1650 et
422 1580 472 1649 sic
487 1603 565 1650 eum
584 1577 744 1649 interfici.

218 1673 516 1752 Cohorrescamus
542 1693 659 1748 autem
683 1674 771 1749 haec
792 1693 992 1750 monstrosa
1018 1677 1108 1766 dog-

118 1794 210 1851 mata
250 1782 422 1871 legentes,
463 1795 497 1850 et
535 1781 799 1850 considerantes
826 1793 958 1873 quanta
983 1778 1107 1848 multi-

118 1885 204 1953 tudo
229 1883 483 1953 fascinatomm
500 1881 538 1948 in
555 1884 594 1950 ea
610 1893 701 1950 secta
718 1879 845 1963 fuerit,
870 1892 905 1950 et
919 1903 1025 1972 quam
1043 1879 1107 1948 diu

118 1980 203 2052 haec
219 1982 327 2075 pestis
342 1982 534 2053 duraverit.
585 1980 674 2052 Nam
689 1994 729 2050 ut
737 1979 935 2050 Marcionis
949 1993 1108 2071 tempora

118 2084 301 2168 omittam,
346 2093 427 2175 post
455 2081 691 2152 Aurelianum
721 2075 926 2152 Manichaei
960 2102 1108 2168 magnos

119 2199 238 2255 coetus
269 2183 308 2251 in
332 2181 472 2268 Persia,
503 2180 685 2276 Aegypto,
715 2179 838 2251 Africa
866 2193 901 2249 et
921 2181 960 2248 in
985 2182 1107 2251 multis

117 2281 225 2355 Asiae
238 2283 328 2353 locis
343 2278 568 2363 habueruut,
592 2281 746 2375 amplius
762 2282 925 2352 ducentis
941 2281 1056 2351 aunis.

218 2382 319 2454 Haec
335 2384 527 2474 cogitantes
543 2405 772 2472 agnoscamus
787 2395 821 2454 et
835 2405 909 2454 esse
923 2382 1108 2467 Diabolus,

118 2499 152 2556 et
171 2482 400 2556 horribiliter
423 2483 588 2553 insidiari
604 2479 803 2567 Ecclesiae,
828 2497 863 2554 et
884 2507 960 2553 nun
981 2483 1108 2553 adsen-

118 2589 251 2657 tiamur
279 2584 510 2678 inexploratis
540 2583 783 2672 dogmatibus,
816 2584 877 2653 sed
908 2583 1109 2654 doctrinam

118 2683 298 2758 Ecclesiae
321 2699 414 2756 recte
436 2685 629 2769 discamus,
654 2698 691 2754 et
711 2683 861 2755 assiduis
883 2683 976 2753 votis
996 2709 1014 2753 a
1031 2679 1108 2752 Deo

119 2801 302 2878 petamus,
333 2801 373 2858 ut
396 2810 463 2856 uos
484 2786 608 2857 doceat
629 2797 665 2855 et
687 2785 879 2874 gubernet,
911 2785 1002 2854 sicut
1018 2781 1108 2852 Pro-

119 2884 228 2979 pheta
253 2891 397 2961 clamat:
422 2885 494 2958 Fac
516 2909 595 2956 cnm
621 2909 722 2956 servo
746 2898 809 2956 tuo
828 2886 1021 2954 secundnm
1040 2883 1109 2953 mi-

121 2990 351 3059 sericordiam
373 3002 490 3073 tuam,
515 3001 550 3058 et
571 2986 834 3057 iustificationes
850 2999 929 3055 tuas
941 2986 1027 3054 doce
1042 3009 1108 3055 me.

120 3088 274 3182 Sintque
285 3089 325 3159 in
340 3103 530 3180 conspectu
542 3088 663 3158 firmae
678 3087 924 3178 refutationes,
949 3099 1108 3176 sumptae

121 3213 161 3258 ex
185 3190 381 3282 perspicuis
404 3190 614 3260 testimoniis
638 3189 791 3272 divinis,
822 3211 911 3280 quae
932 3186 1109 3256 affirmant

120 3314 194 3361 esse
212 3313 326 3360 uuum
339 3303 373 3358 et
387 3303 569 3358 aeternum
583 3289 799 3376 principium
814 3288 969 3369 bonum,
993 3287 1107 3356 Deum

119 3413 248 3460 verum
273 3400 465 3458 creatorem
499 3384 659 3454 omnium
687 3396 926 3453 creaturarum
961 3396 996 3453 et
1024 3384 1108 3451 uui-

118 3513 243 3560 versae
263 3487 431 3558 materiae
454 3508 660 3576 corporum:
695 3508 760 3553 nec
784 3505 857 3554 esse
877 3483 974 3553 aliud
996 3496 1109 3553 aeter-

120 3615 209 3662 num
226 3589 441 3682 principium
457 3608 619 3680 pugnans
635 3609 717 3656 cum
731 3586 839 3670 bono,
855 3597 1108 3674 necpeccatum

121 3705 242 3762 ortum
258 3713 331 3760 esse
347 3693 392 3760 ab
407 3703 548 3760 aeterna
563 3699 702 3766 natura,
729 3709 794 3755 uec
810 3710 851 3756 ex
865 3686 1022 3766 materia,
1047 3687 1107 3755 sed

122 3817 142 3864 a
166 3793 350 3864 voluntate
371 3788 609 3861 Diabolorum
631 3799 665 3858 et
687 3787 886 3878 primorum
909 3798 1108 3876 parentum,

123 3893 184 3986 qui
208 3917 245 3962 se
261 3894 372 3963 libere
386 3903 589 3961 averterunt
606 3913 626 3958 a
642 3887 734 3974 Deo,
759 3889 843 3981 quia
860 3887 1107 3977 scriptumest:

122 3992 314 4064 NonDeus
328 3993 451 4062 volens
464 3992 679 4083 impietatem
696 4003 798 4063 tues.
848 3987 954 4072 ltem,
974 3983 1108 4057 lohan-

123 4096 180 4163 nis
197 4095 249 4164 8.:
276 4093 432 4182 Quando
447 4092 670 4161 mendacium
686 4087 859 4161 Diabolus
872 4090 1042 4182 loquitur,
1068 4113 1108 4159 ex

123 4197 279 4286 propriis
292 4195 470 4288 loquitur,
494 4193 577 4284 qnia
593 4194 744 4260 mendax
759 4205 822 4276 est,
846 4203 880 4261 et
894 4204 994 4282 pater
1006 4213 1108 4259 men·

123 4297 225 4366 dacii.

228 4395 372 4466 Falsum
391 4409 443 4466 est
458 4395 562 4466 etiam
577 4404 723 4484 propter
737 4391 918 4462 materiam
934 4391 1109 4460 diversam

1158 1475 1264 1544 Item:
1302 1477 1402 1546 Deus
1439 1477 1516 1546 vult
1553 1501 1675 1546 omnes
1709 1473 1872 1548 homines
1908 1482 2023 1554 salvos
2055 1481 2142 1569 lieri,

1158 1573 1265 1647 Item:
1291 1575 1374 1646 Non
1389 1590 1441 1649 est
1455 1576 1494 1644 in
1506 1572 1582 1646 Deo
1597 1574 1909 1673 προσωποληψία,
1936 1595 2002 1656 etc.

1261 1676 1366 1765 Quod
1384 1677 1488 1748 etiarn
1502 1675 1707 1748 Manichaei
1720 1681 1902 1750 dixerunt:
1930 1677 2064 1752 Omnia
2082 1707 2144 1751 ne·

1158 1780 1307 1847 cessario
1330 1777 1427 1858 lieri,
1452 1779 1564 1848 bonas
1585 1793 1619 1850 et
1639 1780 1747 1850 malas
1761 1781 1936 1861 actiones,
1963 1795 2094 1853 tetrum
2110 1798 2146 1853 et

1157 1879 1375 1949 diabolicum
1398 1880 1623 1950 mendacium
1642 1893 1711 1966 est,
1744 1882 2038 1952 contumeliosum
2058 1907 2145 1954 cun-

1159 1994 1212 2050 tra
1227 1977 1364 2064 Deum,
1384 1993 1419 2051 et
1440 1979 1675 2072 perniciosum
1688 1982 1861 2070 moribus.
1912 1981 2145 2078 Manifestum

1159 2092 1212 2150 est
1228 2080 1323 2148 enim
1341 2078 1492 2152 Paulum
1508 2082 1693 2152 adfirmare
1709 2107 1781 2152 esse
1796 2083 1950 2177 aliquam
1969 2084 2145 2155 iusticiam

1158 2181 1293 2266 carnis,
1325 2204 1416 2273 quae
1447 2196 1500 2252 est
1522 2196 1664 2254 externa
1687 2185 1915 2272 gubernatio,
1947 2208 2016 2278 qua
2036 2179 2144 2254 homo

1158 2282 1270 2350 libere
1298 2282 1389 2369 regit
1414 2296 1556 2353 externa
1586 2284 1763 2365 membra,
1794 2308 1840 2354 ne
1869 2285 2001 2356 faciant
2023 2301 2147 2357 cantra

1159 2382 1271 2469 legem
1301 2381 1381 2453 Dei.
1443 2380 1527 2452 Ideo
1558 2382 1693 2476 inquit:
1726 2385 1800 2456 Lex
1830 2384 2056 2476 Paedagogus
2086 2402 2145 2456 est.

1159 2481 1291 2574 Aliqua
1309 2483 1417 2571 igitur
1430 2483 1575 2553 libertas
1589 2500 1655 2570 est,
1681 2499 1715 2556 et
1730 2486 1768 2554 in
1783 2509 1858 2558 non
1873 2489 2022 2572 renatis,
2047 2489 2143 2556 vide<

1160 2585 1242 2652 licet
1256 2583 1401 2672 regendi
1417 2597 1576 2654 externas
1590 2586 1764 2666 actiones,
1789 2609 1869 2671 seu,
1895 2601 1933 2657 ut
1948 2611 2013 2656 nos
2029 2588 2146 2680 loqui-

1161 2707 1259 2766 mur,
1299 2685 1444 2773 regendi
1475 2685 1756 2756 locumotivam.·
1795 2685 1914 2758 Multo
1945 2689 2063 2756 verius
2094 2703 2145 2760 est

1160 2784 1304 2853 libertas
1340 2786 1379 2852 in
1407 2787 1556 2869 renatis,
1597 2783 1720 2878 loseph
1750 2787 1939 2860 adiuvatur
1963 2813 1983 2858 a
2007 2787 2144 2878 Spiritu

1160 2899 1300 2965 sancto,
1326 2897 1366 2954 ut
1390 2879 1468 2954 heri
1492 2887 1676 2978 coniugem
1695 2889 1825 2978 fugiat,
1851 2903 2016 2960 ettamen
2033 2890 2144 2960 libere

1160 2999 1195 3055 et
1217 2986 1340 3054 volens
1361 3009 1436 3056 non
1457 3001 1596 3057 coactus
1610 2989 1711 3077 fugit.
1762 2991 1883 3060 David
1900 2991 2010 3060 libere
2027 3004 2062 3061 et
2079 3016 2143 3060 vo·

1159 3088 1236 3155 lens
1261 3109 1334 3155 nun
1357 3101 1498 3157 coactus
1520 3087 1612 3179 rapit
1636 3089 1780 3161 alterius
1797 3093 2002 3179 coniugem,
2029 3105 2063 3162 et
2080 3115 2144 3182 po·

1160 3201 1250 3258 terat
1274 3187 1447 3278 imperare
1470 3189 1623 3259 externis
1644 3192 1833 3276 membris,
1858 3215 1904 3262 ne
1921 3193 2071 3261 alienam
2090 3206 2144 3263 at-

1160 3290 1328 3376 tingeret,
1353 3289 1557 3378 praesertim
1583 3315 1664 3360 cum
1686 3303 1786 3362 antea
1809 3293 2030 3364 domicilium
2055 3293 2143 3362 fuis-

1158 3399 1212 3456 set
1240 3386 1395 3474 Spiritus
1428 3389 1553 3457 saucti.
1624 3389 1732 3460 Posse
1760 3393 1871 3480 igitur
1900 3393 1973 3462 labi
2004 3408 2144 3465 renatos

1160 3486 1352 3555 ostendunt
1379 3487 1544 3577 exempla'
1561 3482 1778 3574 Pharaonis,
1812 3491 1948 3576 Saulis,
1981 3493 2144 3576 Davidis,

1159 3584 1255 3657 Petri
1276 3600 1311 3656 et
1333 3586 1485 3658 aliorum
1502 3587 1837 3676 innumerabilium,
1863 3616 2015 3685 quorum
2030 3594 2142 3686 aliqui

1159 3710 1283 3759 rursus
1306 3689 1350 3756 ad
1368 3685 1484 3758 Deum
1505 3702 1779 3776 convertuntur,
1809 3707 1851 3762 ut
1869 3688 2036 3774 Aharon,
2067 3691 2142 3766 Da-

1160 3788 1233 3861 vid.
1289 3785 1413 3881 Aliqui
1440 3801 1553 3859 ruunt
1580 3789 1620 3858 in
1650 3804 1831 3863 aeteruum
1860 3793 2024 3873 exitium,
2066 3818 2140 3863 non

1160 3889 1256 3982 quod
1281 3890 1354 3959 sint
1374 3892 1418 3961 ab
1441 3890 1508 3961 alia
1527 3892 1673 3962 materia
1690 3894 1780 3980 orti,
1804 3895 1863 3964 sed
1881 3918 1963 3966 suae
1977 3895 2141 3966 volunta·

1160 3992 1205 4062 tis
1219 3988 1369 4062 malicia.

1259 4087 1716 4164 ErroresManichaeorum
1741 4096 1785 4165 de
1806 4097 1970 4186 coniugio
1992 4112 2026 4168 et
2046 4099 2140 4189 poli-

1160 4193 1229 4264 tico
1248 4193 1392 4277 ordine,
1418 4216 1497 4262 curn
1512 4194 1694 4264 manifeste
1708 4195 1809 4285 impii
1826 4199 1914 4282 sint,
1938 4199 2139 4272 testimonia

1160 4305 1244 4364 sunt
1265 4317 1340 4364 eam
1365 4306 1491 4362 sectam
1515 4305 1549 4362 et
1570 4295 1720 4379 similes,
1752 4294 1985 4367 Diabolorum
2007 4321 2139 4388 organa

1161 4418 1248 4464 esse.
1297 4391 1387 4463 Cum
1409 4392 1519 4482 igitur
1538 4394 1632 4465 filins
1645 4393 1713 4464 Dei
1734 4397 1818 4469 velit
1842 4398 1995 4467 discerni
2020 4423 2138 4469 veram

128 4499 217 4568 alios
247 4517 348 4588 posse
376 4495 555 4574 converti,
589 4493 678 4562 alios
709 4516 784 4562 non
815 4513 916 4583 posse
939 4491 1110 4575 converti,
1159 4492 1353 4566 Ecclesiam
1381 4494 1425 4562 ab
1447 4494 1555 4585 impia
1577 4495 1745 4581 colluvie,
1775 4499 2017 4570 doctrinarum
2040 4525 2138 4585 voce,

129 4599 210 4688 quia
240 4611 375 4668 certum
398 4610 452 4668 est
471 4619 547 4664 non
568 4615 642 4664 esse
660 4593 852 4662 discrimen
875 4593 914 4660 in
937 4614 1110 4684 propaga·
1161 4597 1250 4665 sicut
1271 4595 1439 4685 scriptum
1461 4608 1528 4664 est:
1560 4591 1657 4665 Oves
1679 4621 1777 4667 meae
1797 4621 1917 4668 vocem
1940 4624 2053 4668 meam
2073 4625 2137 4672 au-

129 4699 225 4769 tiune
244 4694 450 4782 huminum,
476 4707 619 4788 propter
634 4695 790 4764 diversas
805 4693 987 4778 materias,
1013 4695 1109 4786 quud
1161 4696 1277 4767 diunt.
1329 4695 1432 4766 Item:
1458 4690 1513 4764 Er
1529 4695 1700 4766 fructibus
1709 4721 1831 4768 eorum
1841 4702 2056 4789 cognoscetis
2067 4727 2138 4778 eos.

129 4802 172 4868 ad
188 4813 370 4890 peccatum
383 4799 525 4882 attinet,
548 4797 607 4866 sed
623 4817 745 4866 omnes
758 4789 921 4864 homines
936 4817 978 4862 ex
992 4791 1109 4864 Adam
1160 4796 1320 4870 Sciamus
1336 4791 1566 4867 Manichacus
1583 4810 1616 4867 et
1632 4799 1762 4868 similes
1775 4822 1855 4869 cum
1872 4802 2055 4873 manifeste
2069 4805 2138 4873 im-

130 4915 164 4974 et
177 4899 278 4970 Heva
296 4912 524 4991 propagatos,
549 4922 590 4967 ex
604 4895 852 4967 commixtione
867 4895 976 4964 maris
989 4906 1024 4964 et
1035 4897 1109 4965 foe-
1159 4897 1239 4989 pios
1254 4898 1393 4968 furores
1407 4896 1617 4984 defendant,
1639 4923 1861 4994 nequaquam
1876 4923 1948 4970 esse
1964 4904 2056 4974 cives
2068 4900 2140 4975 Ec·
2180 4971 2186 4984 ,

130 5002 246 5071 minae
274 5011 474 5083 nascentes,
506 5001 644 5068 adferre
673 5011 850 5088 peccatum
875 4995 1039 5086 originis,
1069 5009 1110 5064 ut
1161 4999 1286 5069 clesiae
1306 4997 1395 5081 Dei,
1428 5011 1463 5067 et
1489 4998 1663 5088 fugiamus
1690 5014 1725 5070 et
1752 5022 1954 5074 execremur
1976 5027 2036 5074 eos
2059 5019 2138 5074 tan-

133 5103 243 5193 capite
285 5100 413 5194 quinto
452 5099 496 5168 ad
531 5097 714 5170 Romanos
749 5098 932 5189 perspicue
967 5096 1109 5166 dicitur.
1161 5123 1268 5192 qnam
1291 5096 1408 5170 hostes
1429 5099 1521 5184 Dei,
1553 5113 1589 5171 et
1611 5100 1749 5190 agmina
1770 5098 2014 5174 Diabolorum.
2065 5103 2140 5176 Ex-

134 5197 270 5274 Rursus
292 5202 396 5274 etiam
419 5221 560 5282 omnes,
586 5201 706 5291 quiin
719 5197 812 5271 veris
826 5197 1009 5268 doloribus
1025 5212 1110 5266 voce
1160 5212 1376 5270 tentantem
1397 5199 1525 5289 scripta
1546 5201 1591 5270 de
1612 5199 1777 5292 coniugio
1800 5191 1998 5296 et'politico
2013 5204 2138 5274 ordine

133 5294 337 5392 Evangelii,
362 5302 400 5374 id
423 5315 490 5384 est,
514 5299 746 5391 promissione
767 5300 899 5389 gratiae
914 5297 1111 5386 eriguntur,
1161 5301 1200 5370 in
1214 5302 1345 5374 nostris
1359 5295 1525 5370 Ecclesiis
1541 5301 1653 5388 edita,
1676 5327 1766 5398 qnae
1779 5298 2017 5384 Manichaeis,
2041 5304 2140 5375 Ana-

133 5400 221 5476 fiunt
241 5400 408 5476 haeredes
423 5399 738 5484 aeternaesalutis,
761 5423 826 5472 nec
843 5399 1036 5472 consolatio
1051 5422 1111 5470 ex·-
1161 5403 1320 5496 baptistis
1336 5413 1370 5472 et
1383 5400 1461 5472 aliis
1476 5400 1637 5474 fanaticis
1650 5401 1783 5498 opponi
1798 5403 1890 5480 volo.
1927 5397 2018 5475 Nam
2032 5396 2141 5477 huius

1527 5501 1574 5576 ot
1598 5509 1629 5588 *,
