4726 5828
234 264 306 342 aas
776 217 936 328 oncri.
975 250 1051 328 nu
1085 251 1708 332 1nurc11snccnns1an
1913 343 1916 350 A
2172 259 2247 332 no
2355 359 2356 376 Ν

332 433 552 512 Reverenter
566 428 789 518 agnoscimus
806 438 840 496 et
853 427 1005 496 latemur
1020 420 1117 496 hunc
1131 449 1214 496 vere
1366 424 1415 499 Ut
1435 439 1553 498 autem
1576 423 1722 498 Titanes
1751 427 1850 498 caelo
1875 429 2008 500 bellum
2032 429 2248 516 intulerunt,
2355 427 2356 456 ¹

232 536 348 615 Deum
372 548 406 605 et
426 543 618 616 creatorem
638 553 711 600 csse
731 527 821 598 coeli
843 541 876 598 et
898 540 1011 597 terrae
1038 542 1072 600 et
1096 522 1214 598 homi·
1264 529 1312 598 ita
1329 527 1431 598 multi
1445 522 1828 620 leri-bominesruunt,
1851 554 1919 622 qua
1933 555 2053 602 caecae
2067 533 2247 626 cupidita·
2355 579 2356 608 i

232 663 340 718 unm,
365 634 426 728 qui
443 655 480 702 se
496 631 658 723 patefecit
674 630 779 698 misso
796 628 868 698 lilio
887 651 951 698 suo
966 624 1124 697 Domino
1146 653 1213 696 no·
1264 644 1315 702 tes
1332 630 1538 721 impellunt,
1564 642 1598 696 et
1620 628 1757 718 lingunt
1780 626 1871 700 nihil
1887 653 1959 702 esse
1972 629 2106 719 Deum,
2132 637 2245 724 legem
2355 635 2356 652 ¹

233 755 305 812 stro
330 737 406 806 lesu
422 729 583 817 Christo,
609 745 644 801 ct
656 733 735 801 data
751 753 835 798 voce
850 729 953 818 Legis
968 743 1001 799 et
1015 725 1213 820 Evangelii,
1265 755 1338 800 nou
1356 753 1428 798 esse
1441 727 1648 820 sapientiam
1666 726 1732 798 Dei
1752 743 1784 800 et
1802 733 1964 802 ordinem
1980 734 2163 820 divinum,
2187 736 2247 802 iu·
2355 771 2356 780 κ

233 855 268 910 et
283 861 363 907 vere
387 859 468 906 eum
484 834 647 922 colligere
669 845 844 920 aeternam
861 825 1074 916 Ecclesiam,
1099 845 1133 901 ct
1157 831 1214 900 iu·
1265 832 1378 900 dicem
1407 855 1480 898 non
1511 829 1683 900 divinitus
1711 832 1869 901 additum
1897 855 1969 902 esse
1998 835 2152 924 legibus,
2183 837 2245 904 sed

232 941 432 1022 dicaturum
455 927 876 1040 eschenushumaunm.
925 928 1019 1000 Huic
1034 955 1117 1000 vero
1134 931 1212 1000 Deo
1265 926 1484 1001 haecomnia
1500 930 1782 1002 terriculamenta
1807 956 1880 1002 esse
1900 935 2091 1007 calliditate
2113 959 2247 1026 pauco-

233 1027 382 1111 creatori
398 1037 488 1108 coeli
503 1048 536 1105 et
553 1050 665 1106 terrae
680 1048 713 1104 et
726 1027 931 1116 hominum,
956 1055 1027 1100 nna
1043 1055 1123 1100 cum
1139 1032 1212 1100 filio
1265 1056 1344 1102 rum
1361 1032 1568 1123 excogitata,
1591 1044 1632 1100 ut
1653 1032 1892 1104 multitudinis
1913 1037 2069 1126 potentia
2086 1032 2142 1106 bis
2156 1059 2247 1130 qua-

233 1164 297 1212 suo
314 1151 500 1210 coaeterno
513 1132 670 1204 Domino
686 1147 806 1204 nostro
825 1129 902 1203 lesu
912 1126 1067 1216 Christo,
1083 1147 1118 1201 et
1131 1131 1214 1224 Spi-
1266 1133 1498 1226 libuscunqne
1511 1132 1662 1200 vinculis
1677 1133 1900 1223 reprimatur.
1936 1135 2004 1207 Sed
2022 1151 2143 1208 contra
2158 1138 2249 1208 tales
2355 1169 2356 1182 ¹

232 1242 305 1312 ritu
319 1253 438 1310 sancto
456 1237 583 1328 gratias
600 1236 744 1324 agimus,
764 1235 859 1326 quod
878 1228 1045 1302 hacteuus
1060 1233 1213 1302 clemen·
1267 1233 1435 1304 Titanum
1460 1249 1493 1302 et
1514 1231 1707 1326 Cyclopum
1732 1235 1918 1324 opiniones
1938 1240 2166 1308 monstranda
2195 1251 2249 1307 est
2355 1245 2356 1324 j

232 1356 288 1414 ter
311 1335 396 1412 baec
409 1338 590 1410 doctrinae
613 1336 726 1406 studia
745 1347 779 1406 ct
793 1333 1010 1423 ‚gubernavit
1025 1348 1058 1404 et
1073 1357 1213 1404 conser—
1265 1335 1392 1407 veritas
1417 1337 1460 1404 de
1483 1331 1560 1404 Deo
1583 1334 1677 1403 etde
1702 1334 1795 1422 lege,
1817 1361 1907 1428 qnae
1922 1352 1973 1406 cst
1988 1339 2159 1429 sapientia
2178 1337 2248 1408 Dei
2318 1341 2322 1350 '
2355 1345 2356 1354 ’

234 1442 349 1526 eavit,
375 1453 410 1509 et
434 1438 640 1509 ardentibus
663 1436 753 1505 votis
774 1459 977 1527 precamur,
1009 1449 1049 1505 ut
1071 1450 1215 1527 propter
1266 1448 1404 1505 aeterna
1427 1450 1460 1506 et
1483 1435 1648 1514 immota,
1673 1447 1706 1504 et
1723 1436 1942 1507 defendenda
1966 1452 2017 1509 cst
2039 1441 2150 1528 gloria
2167 1435 2248 1509 Dei.
2355 1511 2356 1522 ,

234 1567 334 1616 suam
351 1541 498 1632 gloriam
522 1561 657 1629 semper
678 1537 771 1606 iuter
790 1560 855 1604 nos
868 1535 934 1604 sibi
951 1548 1129 1604 aeternam
1144 1533 1214 1606 Ec·
1266 1534 1488 1627 sumpsimus
1517 1536 1625 1624 igitur
1654 1536 1894 1606 definitionem
1927 1539 2053 1608 iudicis
2083 1558 2125 1609 ex
2154 1539 2249 1609 veris
2355 1583 2356 1612 α

234 1643 375 1714 clesiam
398 1641 556 1730 colligat,
583 1663 647 1706 nec
667 1639 760 1708 sinat
781 1637 936 1722 extingui
956 1636 1135 1706 doctrinae
1156 1637 1213 1707 lu·
1265 1636 1441 1722 lontibus,
1467 1659 1555 1729 quae
1572 1635 1714 1728 quidem
1731 1636 1834 1726 longa
1851 1639 2196 1710 oratioueillustrari
2213 1654 2250 1710 et
2355 1663 2356 1676 ¹

234 1769 322 1828 cem,
343 1743 431 1814 sicut
446 1743 485 1810 in
501 1737 701 1810 dulcissima
720 1737 951 1827 promissione
968 1737 1099 1829 inquit:
1125 1737 1211 1808 l‘ro-
1266 1737 1607 1828 confirmari'posset,
1629 1737 1688 1804 scd
1705 1753 1898 1808 cernantur
1910 1741 2026 1808 fontes
2041 1744 2086 1810 ab
2100 1735 2166 1818 his,
2184 1741 2249 1832 qui
2355 1753 2356 1796 1

234 1860 313 1938 pter
331 1867 406 1928 me,
431 1854 575 1934 propter
595 1863 651 1909 me
673 1838 819 1923 faciam,
838 1852 878 1908 ut
894 1862 966 1906 non
982 1832 1213 1928 blasphemer.
1267 1861 1341 1907 uon
1355 1851 1438 1908 sunt
1458 1833 1575 1907 hostes
1590 1833 1675 1919 Dei,
1701 1859 1766 1906 nec
1780 1839 2098 1910 demonstrationes
2121 1854 2155 1910 et
2171 1865 2249 1910 ma-
2355 1877 2356 1936 ᾗ

234 1941 337 2018 Ofili
350 1941 417 2015 Dei
434 1941 585 2016 Domine
604 1938 681 2010 lesu
698 1934 856 2022 Christe,
878 1939 1039 2007 crucifixe
1061 1962 1127 2030 pro
1148 1965 1214 2010 no·
1267 1940 1391 2008 uilesta
1417 1935 1485 2008 Dei
1514 1935 1713 2008 testimonia
1746 1952 1988 2027 aspernantur.
2040 1939 2105 2012 Est
2129 1955 2248 2012 autern
2355 1953 2356 2020 ξ

233 2047 345 2116 biset
373 2043 594 2124 resuscitate,
626 2052 741 2109 custos
767 2035 962 2122 Ecclesiae,
993 2039 1057 2131 qui
1078 2040 1213 2111 dixisti:
1266 2061 1350 2109 suus
1378 2040 1476 2109 locus
1502 2037 1610 2107 indici
1639 2037 1805 2126 politico,
1839 2051 1874 2108 et
1898 2040 2081 2130 proprium
2103 2065 2249 2126 munus,
2355 2113 2356 2130 ,

232 2141 310 2236 Ego
327 2169 404 2214 sum
427 2142 528 2226 vitis,
552 2161 615 2209 vos
638 2139 818 2232 palmites,
849 2141 904 2208 fac
924 2151 964 2208 ut
984 2141 1095 2210 simus
1114 2165 1154 2210 ex
1180 2155 1214 2212 te
1267 2161 1432 2228 magnum
1455 2140 1543 2208 illud
1559 2137 1702 2231 quidem
1726 2150 1760 2207 et
1781 2138 1945 2222 difficile,
1970 2154 2004 2210 et
2025 2141 2170 2230 plenum
2189 2141 2248 2210 iu-

108 2240 111 2246 ’
232 2245 414 2340 propagati
431 2241 612 2336 palmites,
637 2241 804 2310 salutares
820 2240 924 2308 nobis
937 2253 971 2309 et
987 2240 1077 2311 aliis.
1266 2241 1424 2331 gentium
1437 2240 1686 2322 certaminum,
1715 2236 1752 2304 in
1768 2239 1898 2330 quibus
1913 2239 2042 2310 veritas
2058 2255 2092 2310 et
2105 2241 2250 2331 sapien-

251 2353 256 2362 '
333 2343 431 2414 Haec
453 2355 638 2435 postquam
662 2341 808 2434 praelati
829 2349 969 2424 sumus,
995 2341 1157 2410 adiiciam
1174 2355 1213 2412 ut
1267 2343 1315 2412 tia
1332 2355 1454 2411 contra
1469 2339 1649 2410 mendacia
1665 2349 1700 2408 et
1714 2335 1953 2428 sophisticam,
1972 2340 2109 2412 iusticia
2123 2357 2249 2413 contra
2355 2347 2356 2434 ζ

233 2461 285 2519 est
301 2446 518 2516 consuetudo
535 2441 905 2514 commonefactionem
916 2441 1036 2509 utilem
1050 2444 1093 2510 ad
1111 2456 1213 2512 tuen·
1267 2443 1502 2522 iniusticiam‚
1535 2439 1731 2532 sapienter,
1759 2440 1850 2510 iuste
1880 2455 1916 2511 ct
1944 2441 2083 2514 fortiter
2113 2463 2250 2534 propu-
2355 2527 2356 2532 ἵ

234 2551 315 2618 dam
330 2539 512 2616 doctrinae
528 2543 733 2636 puritatem,
757 2555 790 2610 et
805 2541 983 2612 Ecclesiae
1003 2565 1134 2631 pacem,
1160 2544 1214 2612 vi·
1266 2546 1404 2631 gnanda
1423 2555 1484 2616 est.
2355 2545 2356 2560 ¹

234 2649 360 2720 delicet
375 2648 418 2716 de
432 2645 573 2716 iudiciis
587 2643 625 2710 in
642 2639 797 2712 Ecclesia
814 2641 1028 2716 necessariis.
1367 2641 1580 2736 Quanquam
1602 2658 1718 2715 autem
1734 2644 1852 2736 aliqua
1874 2644 2070 2714 similitudo
2086 2656 2136 2714 est
2152 2643 2251 2714 iudi-

335 2745 418 2816 Non
435 2746 529 2814 enim
547 2743 731 2834 loquimur
744 2743 788 2812 de
804 2737 970 2824 Ecclesia,
995 2756 1034 2813 ut
1048 2745 1091 2813 de
1109 2739 1213 2814 ldaca
1266 2744 1315 2816 cis
1338 2746 1547 2834 evangelici,
1579 2757 1697 2814 tamen
1720 2745 1910 2824 discrimen
1937 2743 2088 2834 intelligi
2109 2768 2250 2816 neccsse

233 2847 434 2934 Platonica,
456 2845 516 2914 sed
535 2857 671 2913 coctum
689 2843 863 2912 visibilem
879 2858 1126 2930 monstramus,
1150 2846 1213 2938 qni
1266 2860 1334 2926 cst,
1361 2871 1429 2939 qua
1446 2847 1540 2915 inre
1555 2866 1657 2935 saepe
1671 2845 1845 2916 falluntur
1862 2840 2037 2916 homiues.
2075 2859 2077 2864 “

234 2948 337 3020 certis
366 2945 474 3037 signis
503 2943 717 3014 discernitur
741 2945 786 3012 ab
810 2943 888 3012 aliis
918 2939 1143 3029 bominibus,
1174 2947 1212 3013 in
1366 2946 1513 3036 Semper
1528 2944 1623 3014 enim
1641 2945 1802 3026 luerunt,
1828 2958 1961 3017 suntet
1981 2946 2249 3032 eruntiudocti‚

235 3075 305 3144 quo
329 3072 409 3118 curn
429 3047 467 3114 in
491 3041 557 3114 hac
581 3043 653 3114 vita
677 3043 865 3112 dissimiles
886 3044 957 3114 sint
986 3045 1096 3130 cives,
1125 3046 1214 3128 sani,
1267 3059 1301 3116 ct
1313 3046 1409 3123 mali,
1432 3045 1493 3138 qui
1510 3046 1547 3114 in
1562 3039 1718 3116 Ecclesia
1731 3060 1792 3117 aut
1807 3047 1985 3116 licentiam
2000 3047 2190 3132 infinitam,
2214 3062 2250 3118 et

235 3148 388 3240 aegroti,
413 3145 564 3230 dociles,
597 3144 739 3226 viciosi,
773 3143 947 3213 sanabiles
975 3157 1011 3213 et
1033 3144 1214 3214 insanabi-
1267 3140 1451 3242 ἀναρχίαν
1484 3169 1557 3216 esse
1589 3148 1732 3230 volunt,
1767 3161 1828 3218 aut
1857 3147 2083 3241 tyrannidem
2117 3149 2252 3218 consti-

234 3253 297 3322 les.
355 3245 398 3317 lu
430 3246 491 3317 tali
525 3259 626 3314 coetu
658 3242 969 3333 gubernatoribus,
1014 3245 1154 3316 iudiciis
1180 3259 1231 3330 ct,⁴
1268 3261 1389 3327 count,
1422 3271 1624 3340 quanquam
1647 3261 1680 3318 et
1712 3242 1901 3341 oirnpxc'a,
1924 3250 2087 3342 tyrannis
2109 3249 2249 3320 infinita

234 3351 358 3444 poenis
375 3370 464 3439 opus
481 3367 572 3428 esse,
597 3340 690 3413 nibil
706 3345 854 3416 dubium
872 3359 933 3428 est,
959 3359 994 3415 et
1009 3370 1076 3416 vox
1091 3347 1232 3420 divina*
1256 3361 1334 3431 est,
1359 3348 1439 3417 ideo
1455 3349 1550 3417 enim
1568 3348 1698 3418 iudicia
1715 3350 1868 3428 abolent,
1892 3371 1937 3418 nc
1953 3349 2097 3418 resutsri
2114 3350 2249 3438 possint

233 3449 418 3524 constituit
446 3445 589 3518 iudicia.
649 3442 768 3533 Quare
791 3449 835 3516 de
866 3439 933 3515 hoc
958 3470 1067 3516 nervo
1099 3449 1230 3538 legiti-=
1267 3471 1416 3532 errores,
1438 3472 1526 3541 quos
1541 3463 1660 3518 amant
1675 3451 1753 3538 ipsi,
1777 3463 1812 3519 et
1824 3449 2037 3518 factionibus
2051 3451 2249 3520 stabiliunt.

233 3575 311 3622 mac
350 3545 629 3640 congregationis
669 3570 807 3618 necesse
848 3561 917 3630 est,
954 3561 1046 3616 recte
1080 3549 1226 3617 erudiri·
1368 3547 1520 3618 Protulit
1545 3561 1661 3618 antem
1684 3573 1724 3618 cx
1746 3549 1827 3618 sinu
1845 3550 1980 3620 aeterni
2000 3549 2110 3640 patris
2126 3545 2250 3620 Evan-

235 3650 410 3723 bomines.
1244 3715 1245 3718 ,
1268 3651 1396 3738 gelinm
1415 3649 1488 3739 ipse
1502 3649 1595 3718 tilius
1609 3645 1675 3716 Dei
1693 3644 1801 3745 λόγος
1817 3651 1948 3721 aeterni
1964 3651 2083 3742 patris,
2105 3665 2139 3722 et
2156 3645 2250 3720 hauc

246 3832 248 3838 ¹
336 3750 497 3821 Primum
513 3762 629 3820 autem
646 3746 793 3828 discerni
816 3760 954 3838 oportet
970 3747 1102 3819 iudices
1124 3747 1215 3840 poli·
1262 3775 1365 3852 suam
1385 3773 1504 3818 vocem
1521 3750 1597 3818 vult
1623 3749 1795 3838 integram
1820 3751 1897 3820 siue
1918 3751 2146 3842 corruptelis,
2170 3752 2250 3822 sine

234 3853 322 3924 ticos
337 3853 381 3920 ab
396 3850 616 3939 evangelicis.
644 3847 732 3918 Vult
746 3845 842 3917 Deus
856 3849 966 3936 legem
980 3871 1078 3918 snam
1093 3849 1216 3920 rectri-
1268 3850 1448 3921 additione
1476 3863 1509 3920 et
1532 3848 1607 3918 sine
1624 3851 1847 3921 mutilatione
1868 3852 2028 3942 proponi.

237 3977 311 4023 cem
334 3975 408 4022 csse
431 3950 569 4042 generis
585 3945 750 4030 humani,
775 3949 852 4020 vult
866 3949 904 4016 in
922 3950 1045 4039 poenis
1060 3949 1213 4040 conspici
1369 3947 1445 4020 Hac
1465 3973 1550 4040 voce
1574 3950 1648 4042 ipsc
1672 3951 1885 4035 satellicus,
1918 3965 2033 4021 servat
2055 3965 2089 4026 et
2117 3953 2252 4028 indicat

236 4053 435 4126 testimonia
457 4050 700 4144 providentiae
725 4062 761 4119 et
785 4047 938 4118 iustitiae
958 4073 1060 4136 suae,
1083 4052 1159 4121 vult
1182 4059 1230 4120 et'
1269 4048 1441 4134 homines,
1462 4052 1521 4120 sed
1535 4065 1651 4122 tamen
1667 4065 1704 4122 nt
1718 4054 1757 4120 in
1772 4065 1875 4122 coetu
1889 4052 2032 4136 visibili,
2051 4055 2129 4124 vult
2142 4056 2250 4126 etiam

237 4156 434 4227 societatem
464 4151 648 4221 bominum
681 4149 894 4221 conservari.
942 4142 994 4222 ⁸Ut
1025 4151 1133 4240 igitur
1161 4150 1214 4220 lex
1269 4167 1494 4223 externorum
1525 4153 1733 4221 delictorum
1775 4152 1926 4222 indicem
1956 4154 2131 4223 risibilem
2163 4181 2249 4235 esse,

237 4281 311 4326 non
328 4257 373 4326 sit
387 4253 503 4324 inanis
519 4251 672 4335 sonitus,
696 4251 796 4320 addit
812 4253 989 4320 custodem
1007 4265 1040 4321 et
1055 4265 1216 4322 execrato-
1268 4249 1609 4330 scilicetEcclcsiam,
1625 4252 1804 4343 sicutipse
1823 4255 1953 4347 inqnit:
1978 4251 2043 4324 Dic
2059 4251 2248 4328 Ecclesiae.

237 4380 329 4438 rem,
362 4356 511 4434 scilicet,
536 4352 777 4441 magistratum
798 4375 859 4422 seu
882 4351 1053 4437 iudicem,
1083 4351 1215 4444 Regem
1267 4353 1496 4447 Nequaquam
1514 4352 1700 4440 enimvnlt
1718 4351 1903 4448 ἀναρχίαν
1919 4379 2004 4440 esse,
2029 4381 2138 4450 qnare
2153 4356 2250 4428 Pan-

238 4481 300 4529 sen
320 4455 542 4539 Praetorem,
574 4453 635 4546 qui
657 4450 765 4524 babet
792 4451 982 4542 legitimam
1010 4467 1214 4545 potestatem
1267 4455 1323 4526 lus
1350 4454 1484 4548 inquit:
1522 4453 1618 4526 Deus
1642 4479 1714 4525 non
1748 4469 1800 4525 est
1831 4471 1936 4527 autor
1960 4451 2249 4540 ἀκαταστασίας.

193 4573 198 4582 ’
238 4556 391 4627 vocandi
405 4556 511 4640 cives,
531 4554 763 4642 cognoscendi
778 4553 1048 4638 controversias,
1072 4568 1107 4624 et
1122 4555 1218 4625 diiu-
1268 4556 1337 4628 Sed
1354 4553 1546 4626 Ecclesiam
1562 4555 1713 4625 iudicem
1729 4555 1849 4646 alligat
1870 4560 1915 4628 ad
1930 4579 2090 4628 normam
2104 4574 2250 4644 certam,

238 4658 379 4728 dicandi
396 4657 492 4726 iuxta
507 4655 599 4744 leges
613 4654 764 4737 divinas,
787 4666 821 4723 et
836 4649 910 4736 bas,
935 4679 1024 4747 qnae
1038 4656 1216 4748 probabili
1268 4657 1402 4726 scilicet
1422 4657 1464 4725 ad
1484 4651 1736 4745 Evangelium,
1760 4661 1855 4749 qnod
1881 4657 2052 4750 patefecit.
2103 4656 2171 4728 llic
2192 4675 2251 4753 ty·

238 4758 376 4828 ratione
392 4756 486 4846 regia
501 4754 687 4825 autoritate
703 4751 843 4824 additae
858 4768 960 4839 sunt,
985 4770 1019 4826 et
1035 4758 1089 4826 vel
1105 4757 1217 4826 corri-
1268 4758 1372 4828 ranui
1394 4755 1581 4826 Pontifices
1609 4756 1774 4827 omnibns
1801 4759 2020 4848 temporibus
2048 4755 2250 4853 κακοζηλία

238 4857 344 4947 gandi
361 4852 534 4926 humanat
545 4856 636 4944 leges
652 4855 826 4945 probabili
848 4854 1003 4942 ratione,
1028 4859 1083 4927 vel
1097 4858 1216 4928 dubiis
1268 4858 1425 4928 iudicum
1442 4856 1666 4950 politicorum
1692 4859 1767 4928 ansi
1793 4872 1876 4929 sunt
1890 4861 2018 4929 addere
2034 4862 2197 4950 dogmata
2216 4878 2250 4932 et

239 4958 391 5026 addendi
415 4955 738 5046 interpretationes,
762 4978 851 5046 quae
866 4955 982 5024 valent
996 4973 1138 5048 propter
1156 4983 1216 5027 or·
1267 4958 1426 5041 numina,
1444 4972 1478 5028 et
1494 4981 1571 5026 cnm
1586 4959 1742 5029 dicerent
1757 4983 1793 5029 sc
1808 4955 1938 5031 babere
1952 4976 2156 5054 potestatem
2173 4987 2250 5032 am·
2355 4989 2356 4996 ¹

238 5059 335 5128 dinis
359 5056 601 5139 autoritatem,
624 5051 731 5127 habet
753 5055 836 5126 item
855 5069 1061 5145 potestatem
1078 5060 1112 5128 vi
1138 5083 1216 5129 cor·
1267 5060 1372 5149 bigua
1387 5059 1651 5150 interpretandi,
1676 5059 1852 5133 finxerunt
1867 5062 1971 5132 falsas
1984 5064 2250 5156 interpretatio-

238 5159 352 5252 porali
373 5157 540 5246 cogendi,
565 5151 774 5226 cohercendi
790 5169 822 5226 et
840 5156 1070 5226 interficiendi
1089 5176 1215 5232 sontes.
1268 5181 1351 5244 nes,
1375 5183 1461 5252 quas
1480 5159 1603 5229 dicunt
1626 5160 1741 5230 valere
1757 5177 1900 5255 propter
1915 5165 2053 5233 ordinis
2076 5167 2249 5236 autorita-

238 5258 336 5329 Hscc
359 5257 518 5329 delinitio
538 5270 589 5340 ,cst
610 5255 737 5334 iudicis
760 5255 896 5350 politici
918 5257 955 5326 in
980 5280 1124 5348 genere,
1155 5283 1217 5330 scu
1268 5275 1349 5332 tem.
1403 5256 1458 5330 Ex
1479 5253 1546 5328 boc
1568 5257 1793 5334 erroretatsa
1818 5267 1981 5353 dogmata
2006 5278 2042 5335 ct
2067 5266 2153 5336 lalss
2176 5289 2250 5337 nn·
2281 5277 2294 5290 '

239 5355 359 5450 Regis,
385 5381 446 5429 scu
459 5353 644 5430 Praetoris.
1268 5361 1365 5434 mina
1380 5359 1417 5428 iu
1431 5355 1586 5432 Ecclesia
1601 5361 1754 5436 stabilita
1768 5378 1861 5437 sunt·
