4706 5818
210 313 307 394 1011
455 290 666 380 SCRIPTA
691 290 769 370 PH.
792 285 912 371 ΜΗ.
936 282 1007 366 AD
1030 283 1161 369 utet.
1180 283 1331 370 TROP.
1352 283 1421 376 ET
1441 281 1636 368 tultos,
1661 283 1983 366 spectacula
2131 281 2232 367 1012

215 474 456 562 Narbonensi.
494 469 688 564 Postquam
702 458 933 540 ῦοιιωίὶω
944 454 1203 530 Cressrlsetas
1250 457 1552 554 inseparabiliter,
1577 453 1830 535 adhumanas
1844 459 2151 534 numerasse
2173 455 2238 534 tt·

218 599 288 674 cat,
311 603 380 674 pax
394 577 475 651 tuit.
515 571 588 644 Sed
607 565 855 661 post·raditum
870 558 1048 630 Placidiae
1063 572 1203 632 tautum
1250 585 1342 664 yos,
1365 575 1409 634 ut
1420 561 1565 634 nuens
1580 561 1728 643 sanctis,
1752 559 1886 634 Dasidl
1900 577 1962 633 sut
1974 557 2113 636 Esaiae.

219 682 370 762 biennio
396 677 488 748 sirit
513 669 723 752 Eunomus,
747 676 784 736 et
812 660 995 756 aliquanto
1016 673 1098 731 aute
1125 683 1205 731 eam
1354 660 1439 734 Mos
1452 662 1522 734 luit
1535 657 1741 734 Theodosio
1755 685 1860 734 mane
1874 665 2095 754 precationes
2108 663 2237 748 dicere,

221 797 387 860 monens
403 769 708 851 encomontius,
730 775 928 856 postquem
943 757 1101 832 Galliam
1115 760 1207 834 rexit
1252 760 1597 837 etPsalmoscauere
1612 785 1695 834 cunr
1710 763 1860 854 coniuge
1871 776 1907 836 et
1920 765 2115 837 sutoribus.
2161 763 2239 832 Ha·

222 887 350 963 Aetius
364 893 469 954 natus
484 869 674 965 inclytis,
698 866 736 936 id
751 876 822 948 ast,
850 860 1046 934 Walschis
1061 865 1134 936 dor
1148 885 1206 933 ss·
1253 863 1332 936 holt
1348 877 1465 934 sotem
1477 863 1664 955 mniogem
1672 858 1862 937 Εὐδοκίαν
1875 865 1984 936 uttam
1997 857 2241 936 Leontitl’hi.

224 989 327 1084 piens
361 994 397 1054 et
431 975 545 1049 lortis.
603 967 821 1040 Praelrcerat
848 960 1033 1034 Honorius
1065 963 1208 1035 Ain'cas
1254 959 1397 1055 losophi
1419 957 1666 1049 Atheniensis,
1690 966 1779 1034 adeo
1794 965 1988 1056 eruditam,
2013 979 2056 1038 ut
2074 968 2242 1055 po‘e'mata

225 1078 471 1183 Bonsjurium
485 1068 679 1154 Thracem,
703 1067 749 1138 ad
762 1085 869 1157 quem
884 1064 1018 1136 mulne
1031 1075 1117 1135 snut
1130 1065 1208 1135 Au-
1255 1064 1436 1157 scripserit
1459 1063 1504 1134 de
1526 1065 1674 1136 victoris
1690 1065 1834 1135 Arcadii
1859 1078 1895 1138 et
1918 1067 1963 1135 de
1988 1066 2147 1138 victoriis
2163 1082 2242 1134 maa

226 1185 359 1284 mutini
372 1175 553 1274 epistolae.
602 1169 656 1245 Ac
674 1167 821 1238 luerunt
842 1179 928 1236 tnnc
947 1165 1210 1256 praecipuigu-
1256 1165 1331 1240 riti.
1381 1165 1441 1238 Ah
1462 1165 1539 1256 ipso
1562 1165 1732 1236 dicuntur
1755 1183 1831 1236 esse
1850 1179 2014 1256 congesta
2038 1160 2243 1261 emptuen-

226 1295 434 1364 umcoeas
449 1270 667 1346 Occidentis.
716 1265 762 1338 ln
778 1260 930 1337 Oriente
949 1277 1037 1336 tuuc
1055 1265 1211 1358 inpera-
1256 1289 1341 1361 epo.
1393 1265 1542 1358 Scripsit
1564 1259 1790 1338 Theodosius
1809 1287 1872 1338 sna
1894 1289 2004 1338 manu
2027 1269 2139 1337 libros
2154 1265 2244 1335 novi

229 1407 288 1466 tor
304 1395 380 1457 erat
403 1372 626 1450 Theodosius
649 1367 827 1440 soenndns
847 1366 1048 1438 adolescens
1065 1365 1213 1437 Arcadii
1260 1365 1497 1451 Testamenti,
1524 1387 1677 1459 quorum
1693 1367 1848 1461 aliquam
1865 1379 2000 1460 partem
2013 1368 2173 1460 quotidie
2191 1368 2246 1434 le··

228 1491 347 1572 fitius,
369 1479 430 1554 cui
450 1487 551 1568 pater.
574 1481 728 1544 tutorem
745 1467 890 1539 dederet
904 1465 1022 1536 virum
1037 1469 1214 1538 excellen-
1260 1467 1323 1558 git.
1371 1463 1425 1537 De
1439 1467 1662 1555 dogmatibus
1675 1489 1755 1538 cum
1770 1469 1986 1539 doctissimis
1999 1468 2085 1538 viris
2099 1469 2148 1537 ita
2169 1467 2245 1536 dis-⁴

230 1606 304 1664 cam
325 1577 497 1675 sapientis
519 1587 554 1647 et
576 1572 707 1644 virtute
726 1561 982 1646 Anthemium,
1009 1571 1141 1662 dequo
1157 1570 1215 1636 in·
1261 1567 1389 1652 amit,
1412 1580 1455 1639 ut
1466 1565 1619 1655 intelligi
1633 1581 1749 1659 posset
1762 1591 1844 1640 eum
1858 1589 1932 1638 nen
1947 1568 2154 1638 inferiorern
2171 1587 2246 1636 esse

234 1689 313 1785 quit
335 1681 493 1756 Graccus
513 1671 718 1748 historicus:
744 1659 1029 1765 φρονιμώτατος
1048 1664 1115 1741 καὶ
1132 1661 1215 1742 idti-
1261 1667 1473 1741 eruditione.
1523 1663 1784 1738 Bibliothecam
1794 1667 1959 1764 Byzantii
1973 1669 2132 1762 undique
2147 1680 2246 1737 vete-

234 1814 290 1864 m
309 1779 371 1860 ml
390 1773 450 1876 ip,
1263 1771 1364 1840 ribos
1383 1765 1484 1839 libris
1505 1768 1745 1840 ecclesiasticis
1764 1782 1799 1840 et
1821 1763 1971 1839 ethnicis
1986 1769 2158 1860 coemptis¹
2171 1767 2246 1836 val-

302 1933 304 1939 .
1264 1867 1431 1941 dcanxit.
1483 1867 1585 1938 Talis
1605 1891 1686 1940 cum
1712 1869 1811 1938 domi
1831 1883 1939 1954 esset,
1962 1881 2083 1939 tamen
2101 1881 2135 1939 et
2149 1867 2248 1935 rnili-
2336 1903 2337 1908 κ

286 1988 396 2060 Anno
429 1973 557 2050 mundi
592 1984 718 2066 qnater
750 1967 942 2041 millesimo
974 1966 1217 2040 nccmnstma
1264 1971 1336 2043 tiae
1351 1969 1489 2040 labores
1501 1969 1675 2060 patienter
1689 1969 1781 2042 tulit.
1833 1967 1948 2040 Duces
1971 1963 2097 2040 habuit
2111 1968 2248 2060 praeci-

441 2073 695 2170 septuagesimo
718 2081 856 2164 quarto.
1185 2085 1188 2090 ’
1268 2093 1356 2162 puna
1377 2067 1608 2153 Gratianum,
1633 2069 1894 2149 Ardabucium,
1920 2070 2111 2159 Asprum,
2137 2063 2250 2137 Ario-

254 2229 257 2238 =
287 2187 397 2260 Anno
417 2179 556 2254 Rornae
578 2171 767 2246 millesimo
792 2167 984 2244 centesimo
1006 2166 1219 2256 sexaguimo
1268 2171 1431 2254 hindam,
1463 2190 1553 2262 quos
1572 2168 1678 2239 luisse
1703 2165 1832 2240 Gottos
1860 2165 2028 2239 historiae
2050 2171 2145 2260 ipsae
2166 2189 2252 2236 nar-

442 2276 610 2351 secondo.
1268 2282 1369 2354 rant,
1395 2282 1429 2339 et
1444 2269 1721 2360 appellationum
1735 2283 1844 2340 tonus
1856 2271 1901 2338 ad
1917 2282 2073 2339 nostram
2088 2269 2251 2357 linguam

291 2386 402 2459 Anno
418 2375 555 2451 Christi
567 2367 916 2468 quadringentesimo
930 2367 1152 2442 duodecimo.
1270 2369 1445 2460 coupmic
1493 2367 1597 2439 Misit
1618 2369 1788 2460 Asperem
1813 2382 1847 2440 et
1870 2366 2082 2440 Gratianum
2097 2369 2136 2438 in
2152 2367 2254 2438 Atri-

293 2489 403 2558 Anno
422 2474 578 2552 Honorii
605 2471 743 2544 decimo
770 2468 909 2561 quinto.
1272 2491 1367 2556 cam,
1417 2469 1478 2540 sed
1515 2466 1728 2540 Gensericus
1767 2491 1889 2540 eorum
1929 2469 2119 2538 exercitum
2155 2466 2252 2540 vicit.

1272 2569 1492 2642 Martiannm
1509 2583 1649 2660 captum
1664 2569 1818 2649 dimisit,
1844 2569 1927 2662 quia
1942 2569 2080 2640 viderat
2098 2591 2181 2638 cum
2198 2569 2256 2634 in-

1272 2685 1327 2742 ter
1350 2670 1507 2763 reliquos
1528 2670 1686 2758 captivos
1708 2668 1943 2740 dormientem
1965 2671 2033 2757 tegi
2055 2671 2100 2739 ab
2122 2669 2254 2762 aquila.

316 2769 576 2872 ‚Theodosius
596 2759 776 2842 secundus
789 2764 935 2837 Arcadii
956 2763 1050 2836 filiu!
1064 2773 1169 2834 uolut
1183 2783 1225 2831 et
1274 2769 1309 2840 ls
1336 2785 1456 2862 postea
1483 2769 1524 2838 in
1555 2769 1705 2861 irnperio
1741 2791 1919 2840 successor
1947 2771 2016 2840 fuit
2045 2765 2254 2839 Theodosii.

243 2880 407 2962 Eudoxio
429 2877 503 2948 lilia
526 2897 589 2945 seu
614 2867 780 2945 Gratiani
809 2889 871 2938 seu
891 2860 1040 2936 Botonis
1062 2861 1226 2934 suecessit
1274 2869 1418 2942 Placide
1433 2883 1551 2940 autem
1565 2881 1725 2941 mortuus
1739 2881 1792 2940 est
1807 2867 2117 2960 Constantinopoli
2132 2863 2256 2938 Theo·

213 3045 217 3054 .
243 2997 386 3060 mortuo
409 2977 501 3072 petri
532 2987 636 3044 natus
655 2991 768 3042 annos
794 2967 870 3038 iere
890 2986 1033 3040 novem.
1091 2961 1227 3034 Tenuit
1275 2970 1396 3042 dusius
1412 2971 1605 3055 secundus,
1630 2991 1710 3040 cum
1724 2970 1865 3041 vixisset
1890 2993 2004 3041 annos
2018 2970 2256 3064 quinquagin-

241 3082 433 3178 imperiun
453 3072 616 3148 Orientis
636 3094 657 3143 a
677 3079 791 3140 morte
810 3065 919 3160 patris
939 3086 1053 3136 annos
1072 3065 1228 3156 quadre-
1276 3086 1458 3143 launum.
1510 3065 1680 3162 Sepultus
1698 3085 1750 3142 est
1772 3070 1811 3139 in
1839 3065 2027 3162 sepulchro
2059 3067 2257 3140 Theodosii

246 3190 346 3279 pinta
380 3181 481 3252 does.
533 3173 632 3242 Vixit
670 3190 782 3239 anuos
815 3165 1073 3259 quinquaginta
1104 3185 1229 3232 unum·
1276 3169 1385 3262 primi
1406 3183 1442 3240 et
1465 3171 1575 3260 patris
1598 3169 1755 3241 Arcadii.
1806 3169 1962 3242 Mortem
1984 3171 2060 3240 eius
2076 3167 2260 3239 antecessit

246 3287 419 3368 Tutorem
434 3261 824 3348 habuilAttlllffll'um·
847 3262 950 3338 tui&
965 3261 1137 3354 ⁸2Pi⁸¹¹li³
1152 3283 1229 3332 1¹⁰ss
1278 3284 1526 3354 terraemotus,
1557 3270 1621 3363 qui
1643 3271 1786 3342 duravit
1811 3293 1869 3340 sex
1897 3291 2052 3357 menses,
2082 3269 2260 3340 concussit

246 3397 387 3460 tantem
407 3373 549 3470 publica
572 3368 717 3459 ⁰08⁰⁶i³
735 3364 908 3436 s⁰²li⁰i¹⁰¹
922 3363 1228 3454 Sflbmffllfflii
1277 3369 1612 3460 Constantinopolin
1630 3384 1663 3441 et
1679 3372 1788 3444 mulla
1805 3372 1911 3440 Asiae
1926 3372 2014 3440 loca.
2062 3366 2259 3438 Dehiscen-

248 3487 311 3560 aed
337 3481 443 3554 etiam
472 3472 677 3546 adolescens
700 3467 747 3540 ad
777 3465 974 3549 doctrinas,
1005 3462 1170 3554 pielelem
1194 3473 1231 3532 el
1278 3485 1313 3542 te
1328 3484 1421 3541 terra
1435 3471 1546 3540 multa
1568 3471 1698 3561 oppida
1722 3475 1883 3561 absorpta
1909 3483 2002 3541 sunt
2054 3469 2158 3541 Mare
2174 3469 2260 3538 alibi

248 3585 403 3680 optimos
416 3597 533 3648 mores
551 3571 763 3644 assuefactos
783 3579 854 3644 est,
878 3588 958 3634 cum
974 3564 1156 3656 ulcerique
1173 3574 1230 3632 lu·
1278 3572 1417 3660 lugiens
1434 3567 1534 3642 hiatu
1549 3571 1773 3662 absorptum,
1798 3571 1889 3642 alibi·
1905 3571 1944 3638 in
1961 3584 2092 3641 terram
2108 3571 2260 3639 effessum

247 3703 343 3760 terea
364 3673 642 3766 indulgentiores
662 3669 734 3741 siut
755 3663 983 3758 principibus.
1036 3662 1106 3735 Sed
1127 3662 1232 3730 adiu·
1280 3672 1391 3742 multa
1420 3670 1552 3762 oppida
1591 3671 1722 3744 obruit.
1780 3669 1877 3743 Haec
1917 3671 2080 3762 prodigia
2110 3693 2262 3762 sequen.

249 3789 374 3861 tricem
398 3775 525 3850 hahuit
545 3767 758 3846 Anthemius
782 3758 1020 3836 pulcheriam
1037 3758 1232 3834 Theudossii
1280 3785 1332 3842 les
1355 3771 1498 3863 imperii
1516 3771 1639 3843 minas
1671 3785 1705 3844 et
1726 3768 1964 3844 Mahometica
1992 3771 2099 3844 inihi&
2130 3772 2262 3862 signifi.

252 3903 412 3959 sorooesn
428 3875 653 3948 excellentem
668 3867 831 3958 ingenio,
856 3864 1056 3937 eruditione
1071 3877 1106 3934 et
1120 3862 1234 3953 pieta·
1282 3885 1462 3945 caverunt,

249 4003 305 4070 cc,
329 3981 431 4054 cuins
452 3973 601 4047 consilio
622 3969 727 4040 etiam
743 3979 861 4056 postea
877 3977 1046 4054 regnante
1064 3958 1234 4034 Theode-

252 4087 306 4160 sio
319 4107 375 4156 res
390 4071 792 4160 maximaegulsernstae
804 4076 900 4134 sunt.

276 4247 281 4254 .
350 4179 437 4252 Fuit
460 4166 691 4246 Theodosius
714 4167 878 4259 princeps
898 4163 1076 4247 eruditus,
1111 4161 1235 4232 firmus

252 4289 293 4357 in
310 4280 471 4354 doctrina
486 4273 748 4369 symbolorum,
774 4281 809 4338 et
825 4276 918 4336 recte
932 4261 1235 4334 invocansDeunt.

251 4385 308 4461 tls
321 4381 424 4456 Gotti
440 4373 626 4469 tranquilli
639 4380 763 4453 essent,
785 4386 904 4458 parcus
919 4385 998 4434 rum
1013 4361 1065 4433 eis
1078 4362 1178 4447 iecit,
1195 4374 1237 4431 et

247 4508 379 4563 ,eornm
394 4478 538 4551 ausiliis
558 4487 643 4548 us'ns
667 4483 719 4542 est
741 4481 864 4541 contra
887 4461 1041 4536 Hunuos
1057 4477 1092 4534 et
1106 4463 1237 4534 Persas.

252 4585 345 4659 Cum
371 4582 496 4654 Persas
519 4575 657 4647 dnobus
677 4569 813 4658 magnis
835 4566 979 4657 praeliis
1002 4564 1158 4648 vicisset,
1182 4579 1240 4639 ts·

253 4711 336 4756 men
362 4685 408 4754 de
425 4702 517 4772 paee
538 4674 697 4750 laclauda
718 4671 832 4746 victor
848 4667 979 4755 legatos
999 4665 1045 4741 sd
1059 4689 1118 4740 eos
1131 4665 1240 4749 misit,
1387 4663 1535 4739 Mortuo
1569 4663 1733 4736 Honorio
1748 4671 1964 4737 'consortem
2008 4664 2152 4759 imperii
2185 4665 2270 4736 lecit

253 4783 309 4856 lta
333 4797 451 4874 postes
472 4775 660 4849 Orientem
684 4770 996 4858 tcounpacatom,
1021 4767 1138 4839 nee-in
1155 4779 1239 4854 pace
1289 4758 1604 4841 Valentinianum
1643 4763 1787 4836 tertium
1820 4762 2047 4838 Theodosius
2076 4768 2274 4848 secundus,

255 4883 500 4972 voluptatibus
522 4899 560 4948 ss
580 4859 736 4953 dedidit·¹
762 4870 823 4940 sed
840 4867 946 4938 utiles
962 4868 1055 4955 leges
1069 4867 1245 4951 condidit,
1288 4864 1476 4940 mtum'ex
1498 4863 1707 4938 Constantio
1729 4881 1763 4938 et
1782 4865 1944 4938 Placidia
1957 4871 2093 4957 prims,
2118 4865 2274 4936 Honorii

257 5006 410 5080 quarum
423 4983 555 5054 multae
570 4969 959 5052 adhocesrsncueec
974 4966 1158 5056 coniugiis
1190 4963 1240 5046 Et
1288 4991 1421 5040 sorore.
1472 4965 1608 5039 Tenuit
1634 4967 1824 5058 imperium
1848 4966 2123 5039 Valentinianus
2149 4968 2274 5038 tertius

254 5085 296 5154 in
331 5079 500 5158 Ecclesiis
529 5072 759 5152 concordiam
790 5067 994 5152 coustituit,
1033 5066 1242 5141 oenvocavit
1289 5088 1401 5140 annos
1416 5066 1571 5157 triginta.
1621 5066 1817 5157 Coniugem
1833 5063 1958 5140 habuit
1975 5069 2084 5140 liliam
2102 5064 2273 5138 Theodo-

257 5178 561 5279 pimsysodom
581 5171 817 5268 Ephesiam,
850 5170 890 5241 in
912 5188 981 5261 qua
998 5164 1153 5241 Nestorii
1173 5168 1241 5235 im·
1291 5168 1335 5241 sii
1355 5169 1501 5248 secundi
1528 5166 1727 5240 Eudoxiana
1759 5172 1959 5244 secundam.
2011 5169 2095 5240 Fuit
2126 5169 2275 5240 ultimus

258 5285 371 5374 pietas
390 5283 558 5354 damnate
577 5289 644 5357 est,
670 5285 712 5348 ul
731 5283 852 5362 potis&
875 5270 1050 5353 iheum,
1074 5269 1137 5362 qui
1150 5291 1241 5372 'con-
1292 5270 1486 5362 ituperator
1501 5264 1708 5341 Occidentis
1721 5291 1832 5362 sesque
1852 5273 1897 5340 sd
1910 5268 2078 5344 Carolutn
2090 5267 2275 5356 Magnum.

259 5382 426 5454 tendebat
439 5378 479 5448 in
493 5369 638 5448 Christo
652 5395 727 5442 non
740 5371 847 5447 luisse
862 5372 1111 5464 duasnatures
1124 5370 1242 5445 unius
1291 5365 1530 5452 Etsiiutcrea
1544 5369 1653 5444 multi
1671 5371 1833 5451 seditiosi
1845 5373 2026 5444 uuniuiri
2048 5374 2276 5462 superatores

523 2721 526 2726 Ι
585 2619 883 2696 Theodosius.

1333 4109 1442 4181 Auno
1458 4111 1584 4182 mundi
1599 4123 1723 4204 quater
1735 4112 1923 4185 millesimo
1942 4114 2188 4186 trecentesimo
2200 4136 2266 4182 no·

1486 4211 1663 4300 nagesimo
1679 4215 1845 4285 secundo.

1333 4313 1442 4383 Anno
1457 4307 1595 4383 Romae
1608 4313 1792 4384 millesimo
1816 4313 2004 4384 centesimo
2020 4315 2269 4404 octuagesimo.

1335 4413 1443 4482 Anno
1460 4407 1591 4487 Christi
1608 4413 1953 4508 quadringentesimo
1969 4414 2158 4488 tricesimu.

1336 4514 1444 4586 Anno
1460 4509 1655 4584 Theodosii
1672 4515 1817 4584 secundi
1833 4513 1972 4586 decimo
1989 4539 2099 4610 nono.

472 5765 559 5780 *-
576 5763 580 5772 ”
