4696 5820
235 296 312 370 m
726 249 887 358 nucu
915 271 992 354 uu
1022 268 1205 352 ruunt
1236 261 1359 350 non
1390 267 1749 354 turunsnr'r.
2170 268 2248 352 sss

237 461 390 554 impulsa
405 477 469 527 suo
482 454 615 524 feratur
635 471 674 520 ac
691 460 792 532 ruat,
817 468 864 516 an
880 466 963 515 vero
985 455 1114 514 conatu
1132 463 1217 534 pro-
1266 453 1389 511 tensus
1409 435 1828 530 tamen-infrigidationis
1844 451 2078 512 extremorum
2096 439 2256 512 coniun-

238 565 392 660 pellatur
412 569 570 626 naturae.
627 546 818 619 Distinctio
841 541 971 616 horum
996 545 1152 634 rigorum
1175 549 1217 610 ex
1267 543 1362 632 gitur
1376 553 1556 632 perpetuo,
1578 543 1676 634 qnod
1692 563 1754 612 cor
1767 555 1929 634 percepto
1944 543 2167 634 putridorum
2184 539 2257 613 ha·

238 667 394 756 ipsarum
408 670 459 726 est
473 650 622 748 petenda
636 649 787 719 febrium
803 647 916 718 causis
929 671 969 716 ac
983 658 1120 717 natura.
1153 639 1218 710 Bi·
1267 643 1396 712 lituum
1416 636 1501 711 hinc
1514 641 1599 712 inde
1612 642 1885 713 discurrentium
1902 656 2134 728 nocumento,
2164 663 2257 736 pro-

238 767 347 835 liosac
369 759 483 830 febres
505 766 566 825 aut
579 749 758 821 continuis
773 773 812 818 ac
831 744 1074 818 fervidissimis
1091 741 1218 813 calori-
1267 743 1364 813 tinus
1385 743 1432 812 ab
1454 743 1686 816 exterioribus
1708 744 1875 814 omnibus
1903 745 2055 814 calorem
2085 745 2181 815 intro
2203 748 2255 814 ad

238 867 307 936 bus
322 862 499 941 infestant,
524 879 564 924 ac
578 875 667 943 pene
684 852 837 920 deurunt
853 868 990 937 corpus,
1014 857 1057 917 ut
1071 837 1218 942 καύσαι-
1269 865 1342 912 sese
1362 856 1513 917 revocat.
1574 841 1608 912 ls
1630 845 1770 916 tandem
1795 845 1859 914 ubi
1883 845 2016 916 effluxu
2040 867 2255 939 accessuque

239 985 319 1048 νες,
355 981 470 1052 neque
503 953 780 1047 interquiescunt
811 960 872 1018 aut
898 959 1043 1020 cessant.
1101 941 1219 1015 Semel
1267 943 1497 1036 putridorum·
1529 938 1705 1013 balitnum
1739 947 1909 1017 adauctus
1939 956 2054 1038 ¹atquc
2085 969 2256 1018 accensus

239 1065 336 1136 enim
363 1061 526 1130 incensae
556 1056 681 1124 ardent
710 1049 950 1133 continenter,
990 1050 1104 1117 donec
1132 1065 1220 1113 con·
1268 1055 1463 1128 exaestuat,
1488 1057 1593 1136 atque
1615 1045 1828 1131 effervescit,
1853 1055 1915 1116 c‘or
1936 1046 2124 1136 impatiens
2146 1049 2256 1118 flam.

239 1176 399 1252 sumpta,
423 1161 530 1252 quam
551 1153 722 1245 corripuit
740 1151 964 1233 incendium,
989 1145 1135 1218 materia
1157 1145 1221 1213 de-
1269 1168 1363 1230 mae,
1389 1157 1561 1238 qnantum
1579 1146 1901 1238 potestetrepulsis
1917 1143 2088 1221 halitibus
2103 1151 2255 1222 fervidis

239 1268 389 1354 flagrent
402 1282 442 1330 ac
458 1256 632 1327 deficiant.
682 1249 758 1322 Aut
777 1245 873 1323 κατὰ
890 1241 1083 1344 περιόδους
1101 1238 1218 1328 τινὰς,
1270 1260 1305 1317 ιι
1322 1247 1442 1315 effusis
1463 1245 1646 1336 spiritibus
1668 1270 1757 1339 qnos
1774 1259 1954 1319 contactus
1974 1251 2255 1347 commixtisque

240 1362 398 1457 repetitis
423 1383 486 1451 per
505 1353 691 1428 intervalla
713 1351 932 1445 paroxysmis
955 1351 1060 1441 atque
1081 1367 1221 1416 exacer-
1270 1342 1445 1417 halituum
1473 1345 1701 1436 appulsorum
1729 1348 1925 1433 ferveiecit,
1965 1371 2041 1420 sese
2074 1364 2194 1424 tuetur
2215 1369 2254 1428 ct

240 1461 445 1536 bationibus
466 1457 647 1547 affligunt,
672 1453 895 1543 extinctoque
913 1447 1079 1518 incendio
1101 1469 1141 1516 ac
1160 1467 1220 1514 so·
1260 1447 1445 1530 uindicat,
1469 1445 1555 1516 inde
1576 1461 1691 1518 aestus
1710 1461 1825 1520 totum
1848 1472 1976 1542 corpus
1997 1467 2163 1545 occupat,
2189 1458 2256 1549 qui

241 1567 317 1660 pito
330 1566 463 1633 abeunt
476 1570 580 1649 atque
593 1550 1001 1646 evanescunt,‚scilicet,
1027 1548 1090 1619 ubi
1109 1557 1222 1616 mate·
1270 1547 1409 1617 eeorde
1432 1545 1546 1616 fluens
1561 1562 1708 1620 vocatur
1722 1549 1840 1623 febris.
1889 1548 1974 1620 Pars
1987 1555 2156 1624 materiae
2177 1581 2255 1647 pu-

240 1668 305 1750 ria,
321 1684 412 1757 quae
427 1670 593 1747 concepta
610 1680 651 1725 ex
660 1653 847 1746 putredine
862 1651 1017 1734 flamma,
1036 1658 1221 1726 exarserat,
1269 1647 1451 1720 trescentis
1479 1670 1521 1717 eo
1542 1661 1643 1718 motu
1654 1673 1718 1740 per
1733 1646 1844 1746 hepar
1864 1649 1903 1719 in
1919 1651 2086 1725 intestina
2102 1657 2257 1749 depelli·

241 1761 472 1852 conflagravit
495 1772 599 1850 atque
620 1777 761 1825 excussa
781 1765 852 1838 est,
882 1744 1071 1830 καύσωιιες
1091 1759 1154 1818 ιιι
1176 1748 1220 1816 de
1269 1763 1345 1833 tur,
1369 1747 1524 1840 indeque
1543 1749 1572 1817 si
1588 1750 1701 1820 levior
1719 1767 1771 1823 en
1787 1773 1926 1822 sursum
1951 1751 1988 1822 in
2014 1757 2256 1827 ventriculum

241 1861 461 1937 vehementia
481 1857 644 1927 flammae
666 1849 760 1923 nihil
786 1853 990 1936 remittunt,
1013 1850 1076 1944 qui
1098 1859 1132 1918 et
1153 1869 1221 1918 κα·
1268 1850 1400 1932 fertur,
1431 1861 1466 1919 et
1489 1849 1653 1919 acredine
1674 1853 1907 1924 mordicando
1929 1855 2083 1926 vomitus
2105 1857 2190 1928 ciet:
2213 1859 2255 1928 tsi

240 1963 392 2059 κοηθεῖς·
412 1975 445 2032 et
468 1955 632 2051 ὀλέθριοι
653 1969 841 2038 vocantur,
874 1963 933 2025 aut
955 1975 1019 2021 ceu
1038 1947 1221 2021 destinatis
1269 1949 1411 2040 gravior
1428 1948 1580 2020 subsidit
1603 1949 1641 2019 in
1658 1951 1777 2020 alvum
1796 1954 2030 2034 decumbens,
2056 1969 2090 2025 et
2108 1958 2257 2028 turbata

240 2065 465 2146 circuitibus,
503 2059 568 2128 ubi
592 2056 856 2148 aliquantulum
881 2052 997 2146 spacio
1029 2051 1150 2144 aliquo
1177 2049 1221 2116 d'e
1270 2050 1350 2119 alvo
1369 2048 1581 2119 deiectiones
1595 2064 1803 2125 commovet.
1854 2049 1949 2122 Hinc
1963 2056 2256 2145 praecordiorum

240 2181 338 2240 aestu
351 2163 582 2242 remiserunt,
605 2172 812 2228 nontamen
826 2153 1119 2246 conquieverunt,
1142 2151 1221 2239 post
1271 2150 1404 2234 tensio,
1437 2149 1561 2240 capitis
1585 2150 1691 2218 dolor
1714 2173 1755 2220 ac
1781 2152 1937 2240 vertigo,
1968 2177 2138 2240 nauseae,
2175 2171 2256 2230 tor-

239 2283 362 2340 r'ursus
377 2259 568 2355 exasperati
583 2252 826 2328 vehementius
841 2255 1031 2342 insurgunt
1044 2263 1149 2344 atque
1164 2248 1223 2316 in·
1270 2254 1367 2319 mina
1381 2250 1513 2320 ventris
1530 2249 1710 2320 interdum
1728 2251 1892 2324 existunt.
1943 2251 2086 2325 Halitus
2102 2261 2256 2330 crassio-

240 2369 457 2447 tenduntur,
476 2361 585 2456 quiet
609 2352 859 2449 ἐπιεικέστεροι
880 2369 972 2425 sunt.
1023 2347 1138 2439 Origo
1151 2343 1222 2418 lra-
1270 2371 1326 2420 res
1338 2363 1517 2420 aestuante
1532 2350 1603 2419 iarn
1619 2363 1695 2422 toto
1710 2375 1867 2444 corpore,
1885 2367 1985 2425 motu
2000 2356 2150 2428 lentiore
2165 2384 2256 2450 pro-

241 2480 322 2540 tum
343 2464 495 2534 febrium
512 2455 911 2547 omniume'putredine
936 2465 987 2523 est
1004 2452 1088 2522 bilis
1111 2449 1223 2518 flavae
1270 2449 1384 2521 trudit
1417 2463 1544 2520 natura
1570 2452 1615 2518 ad
1646 2467 1780 2538 cutem,
1816 2477 1922 2546 quam
1949 2456 2099 2527 laxatam
2133 2462 2256 2532 calore

240 2563 472 2661 putrescentis
486 2562 524 2628 iu
545 2559 637 2629 vasis
650 2557 708 2627 vel
723 2557 833 2649 epatis
845 2555 956 2646 ipsius
968 2553 1026 2622 vel
1039 2552 1122 2618 inde
1135 2571 1221 2639 pro·
1269 2551 1419 2642 ideoque
1435 2545 1616 2621 hiantibus
1632 2541 1729 2642 poris
1737 2555 1893 2643 perviam
1909 2555 1963 2624 illi
1971 2573 2255 2650 perrumpentes,

240 2667 375 2762 pagetis
400 2661 610 2757 propinquis
642 2672 704 2727 aut
734 2653 997 2724 remotioribus.
1055 2651 1095 2722 Si
1125 2648 1221 2717 enim
1270 2650 1333 2738 ubi
1347 2673 1494 2720 occursu
1508 2651 1616 2742 paulo
1631 2654 1812 2724 remissius
1827 2654 1973 2726 calentis
1992 2658 2086 2728 aiiris
2099 2661 2257 2730 densan.

240 2785 343 2842 aucta
374 2767 468 2836 iusto
497 2759 650 2849 amplius
671 2757 764 2826 flava
798 2755 899 2838 bilis,
934 2753 1153 2842 modumque
1180 2771 1221 2818 ac
1269 2763 1330 2820 tur
1344 2763 1448 2843 atquc
1465 2764 1655 2840 coguntur,
1679 2753 1719 2824 in
1733 2757 1878 2825 sudores
1893 2755 2073 2832 diffluunt
2110 2759 2257 2838 Desinit

239 2887 442 2941 mensuram
467 2873 614 2931 naturae
634 2855 903 2927 convenientem
930 2854 1118 2930 excedens,
1143 2861 1178 2920 et
1200 2869 1221 2918 ι
1269 2851 1521 2942 itaquefervor
1535 2875 1674 2921 excussa
1690 2853 1823 2924 talibus
1842 2871 1989 2930 naturae
2002 2859 2158 2932 motibus
2174 2885 2256 2934 ma-

241 2995 324 3042 suae
349 2963 476 3057 speciei
499 2983 624 3030 norma
645 2959 881 3048 degenerans,
912 2967 1034 3022 oneret
1059 2961 1220 3020 naturam
1269 2950 1369 3034 teria,
1394 2972 1484 3042 quae
1499 2964 1660 3038 coeperat
1677 2966 1888 3046 putrescere,
1912 2970 1947 3027 et
1961 2959 2053 3030 redit
2067 2961 2256 3054 tantisper,

240 3069 410 3163 corporis,
430 3057 516 3133 haec
529 3061 666 3161 irritata
681 3070 715 3128 et
727 3077 834 3126 onere
851 3054 1029 3144 gravantis
1045 3047 1221 3131 materiae,
1268 3051 1381 3119 donec
1396 3049 1451 3118 vel
1466 3049 1583 3118 omnis
1596 3051 1643 3121 sit
1655 3069 1819 3128 evacuata
1834 3069 1939 3150 atque
1955 3051 2124 3131 exhausta
2140 3077 2273 3135 mats
2339 3116 2340 3126 ,

240 3163 274 3244 et
298 3165 461 3242 acredine
488 3156 680 3253 pungentis
706 3181 747 3228 ac
771 3154 982 3234 vellicantis,
1015 3149 1124 3220 exerit
1152 3169 1221 3230 eas,
1268 3149 1323 3218 ria
1336 3145 1498 3240 putrida,
1523 3149 1581 3220 vel
1597 3164 1721 3223 natura
1736 3156 1855 3227 vincat
1869 3180 1910 3229 ac
1925 3159 2139 3233 dominetur.
2175 3161 2254 3237 Re-

241 3269 369 3368 quibus
393 3289 471 3336 sese
491 3263 580 3352 regit
595 3283 635 3329 ac
656 3268 843 3340 sustentat,
865 3254 977 3336 vires,
1002 3274 1042 3321 ac
1063 3248 1220 3340 primum
1268 3250 1323 3319 dit
1344 3260 1461 3318 autern
1484 3249 1639 3322 collectis
1655 3253 1795 3343 denuo,
1819 3279 1908 3350 qnos
1925 3273 2051 3332 natura
2071 3281 2254 3354 separarat

239 3369 457 3464 experiundo
477 3362 673 3433 coctionem
691 3382 733 3428 ac
756 3355 1011 3447 separationem
1033 3349 1071 3418 vi
1093 3347 1220 3419 caloris
1268 3343 1469 3433 ichoribus,
1501 3365 1535 3422 et
1556 3353 1734 3426 derelictis
1761 3380 1781 3427 a
1804 3359 1921 3430 calore
1953 3361 2076 3432 nativo
2098 3362 2254 3458 ideoque

169 3523 176 3532 -
240 3471 370 3556 nativi,
396 3493 415 3538 ι
432 3477 505 3536 ιοιι
521 3459 754 3533 redundantis
775 3457 860 3528 bilis
874 3472 986 3526 massa
1009 3446 1053 3522 τὸ
1074 3449 1221 3544 ῐχωρῶ-
1266 3451 1561 3542 putrescentibus,
1575 3477 1656 3522 cnm
1670 3470 1847 3546 separatos
1858 3459 1914 3528 vel
1927 3475 2075 3554 propter
2086 3463 2254 3558 obseptos

239 3569 301 3654 ὄις
327 3564 539 3666 περίττωμα
568 3559 865 3652 impurissimum,
904 3553 1000 3646 quod
1031 3549 1131 3620 nulla
1159 3570 1221 3618 co·
1268 3563 1421 3632 meatus,
1446 3552 1503 3621 vel
1526 3554 1623 3644 quod
1642 3554 1690 3624 ob
1712 3556 1987 3631 imbecillitatem
2003 3564 2105 3634 oneri
2119 3564 2166 3636 sit
2181 3567 2252 3636 im-

240 3674 356 3746 ctione
377 3665 557 3740 emendari
580 3674 710 3754 potest,
734 3671 775 3729 ut
797 3655 954 3748 corporis
979 3651 1059 3722 usui
1080 3649 1219 3732 serviat,
1267 3671 1353 3743 par,
1378 3653 1562 3722 extrudere
1578 3654 1619 3723 ad
1637 3656 2179 3757 potentioresmeatusneqneat.

239 3773 388 3845 secernit
409 3793 448 3852 ac
471 3764 638 3845 secludit,
661 3763 866 3852 idque-cnm
886 3754 988 3826 lorti!
1007 3751 1105 3821 calor
1124 3749 1219 3820 nsti-
1249 3811 1251 3821 .
1369 3751 1409 3823 Si
1431 3773 1516 3823 vera
1537 3766 1663 3824 natura
1687 3755 1859 3847 languens
1881 3774 1974 3832 etex
1994 3764 2121 3835 caloris
2136 3769 2252 3840 nativi

146 3955 148 3960 ¹
240 3899 306 3944 vars
329 3875 439 3962 viget,
469 3867 581 3948 eiicit,
612 3863 668 3930 vel
692 3861 732 3928 in
762 3858 907 3928 sudores
931 3864 1156 3924 extenuatum
1179 3872 1220 3921 ac
1267 3849 1438 3922 imbecilli
1460 3854 1635 3944 pracsidio
1656 3853 1827 3930 nonnihil
1849 3861 2015 3935 deficiens
2037 3889 2111 3935 non
2138 3871 2253 3960 possit

239 3965 468 4054 dissolutum,
494 3967 551 4036 vel
572 3965 755 4034 detrusum
776 3955 814 4026 in
838 3958 975 4039 alvum,
1001 3953 1057 4022 vel
1077 3951 1219 4041 ablega·
1267 3965 1524 4046 putrescentem
1547 3956 1673 4026 evasis
1687 3958 1864 4050 depellere
1887 3965 2092 4048 materiam,
2116 3971 2255 4041 retine-

238 4091 313 4149 tum
330 4077 374 4144 ad
391 4071 516 4142 urinae
530 4078 674 4136 meatus.
725 4059 765 4132 Si
782 4057 893 4128 exitus
917 4055 1133 4146 impediatur
1151 4053 1219 4122 ob·
1268 4065 1327 4124 tur
1346 4076 1387 4123 ea
1405 4053 1499 4124 intra
1521 4078 1603 4125 vasa
1626 4069 1661 4127 et
1681 4052 1881 4144 καύσωνας
1905 4065 2168 4160 ιιιῐιιι,,ᾳιοι
2188 4086 2253 4144 ιιι

238 4174 491 4249 structionihus
507 4164 729 4241 interclusus,
755 4164 935 4231 detentum
950 4151 1071 4224 haeret
1087 4153 1125 4221 in
1140 4175 1219 4223 cor·
1269 4153 1438 4223 continuo
1453 4167 1516 4225 ant
1530 4157 1715 4247 paululum
1737 4161 1935 4235 remittente
1951 4165 2119 4240 incendio
2141 4170 2250 4247 fovet.

238 4259 345 4372 pore,
376 4279 411 4345 et
432 4270 514 4365 qnia
539 4265 664 4336 caloris
686 4261 799 4332 nativi
818 4257 987 4350 regimine
1003 4251 1219 4339 destituitur,
1267 4254 1322 4327 De
1340 4253 1466 4348 quovis
1486 4255 1582 4325 enirn
1604 4253 1755 4332 humore
1781 4279 1952 4356 perpetuo
1982 4280 2110 4339 natura
2133 4272 2250 4343 donec

238 4383 284 4452 ab
297 4378 414 4447 alieno
430 4367 708 4441 circumventum
728 4376 832 4456 atque
849 4370 1056 4448 occupatum
1079 4366 1220 4446 putres-
1268 4355 1379 4440 valet,
1405 4356 1502 4449 quod
1517 4357 1690 4450 optimum
1708 4376 1758 4434 est
1773 4387 1813 4435 ac
1829 4366 1969 4458 corpori
1985 4373 2250 4443 convenientis-

237 4478 296 4551 cit.
343 4469 560 4544 'Putredinis
578 4464 766 4534 laesionem
788 4474 912 4530 natura
936 4455 1039 4529 fortis
1063 4455 1218 4526 sentiens
1268 4456 1417 4542 simum,
1440 4470 1562 4530 tuetur
1582 4483 1622 4532 ac
1642 4462 1799 4534 defendit
1821 4468 2102 4559 acorrnptione,
2126 4474 2249 4544 seiun-

152 4591 158 4606 '
237 4565 425 4675 (tantisper
441 4569 535 4642 enim
550 4572 664 4636 donec
685 4565 825 4658 ῑχῶρας
839 4571 976 4654 separat
992 4570 1137 4642 natura,
1162 4557 1218 4626 vi·-
1267 4559 1332 4630 ctis
1344 4581 1384 4628 ac
1399 4559 1577 4632 destitutis
1590 4563 1705 4652 primo
1721 4559 1923 4651 ichoribus,
1948 4569 2084 4640 etiamsi
2102 4567 2250 4646 hebeta-

238 4685 295 4769 get
319 4665 501 4767 valetque)
525 4673 657 4764 quanto
674 4677 790 4762 potest
811 4674 939 4734 conatu
959 4672 1066 4752 atque
1081 4657 1217 4749 impetu
1266 4671 1323 4730 tus
1339 4656 1438 4728 'calor
1454 4660 1595 4730 nativus
1610 4665 1765 4753 coeperit
1784 4665 1962 4758 languere.
2013 4668 2052 4740 Si
2074 4695 2158 4764 ergo
2179 4700 2249 4766 pu-

238 4777 413 4854 incnmbit
447 4775 485 4841 in
517 4765 757 4860 expulsionem
783 4763 950 4835 materiae
976 4758 1219 4851 putrescentis.
1266 4759 1365 4828 tredo
1380 4758 1575 4830 retineatur
1596 4761 1689 4832 iuter
1703 4765 1804 4851 vasa,
1828 4769 2000 4861 tantisper
2013 4772 2125 4844 donec
2142 4789 2249 4846 natu-

236 4879 315 4950 Hoc
331 4875 485 4968 impulsu
500 4885 648 4942 naturae
663 4861 791 4956 agitata
805 4862 965 4946 materia,
987 4855 1119 4930 halitus
1135 4858 1218 4952 qui-
1265 4879 1325 4930 rae
1341 4873 1497 4950 superest
1508 4872 1647 4934 tanturn
1661 4861 1803 4952 virium,
1815 4877 1864 4938 ut
1879 4872 2065 4964 coquendo
2079 4897 2247 4967 separan..

237 4983 318 5050 dam
342 4977 488 5048 subtiles
508 4995 549 5043 ex
572 4969 766 5061 putredine
774 4963 922 5050 fervidi,
943 4959 1216 5032 concitatissimo
1265 4963 1384 5054 doque
1399 4981 1576 5030 asservare
1593 4961 1729 5055 aliquid
1745 4989 1785 5036 ac
1807 4969 1897 5039 tueri
1913 4973 2041 5062 possit,
2068 4976 2134 5046 etsi
2149 4979 2249 5048 calor

235 5084 335 5152 motu
356 5103 421 5172 per
442 5096 550 5144 venas
569 5070 676 5141 delati
699 5070 740 5137 in
762 5087 884 5137 omnes
903 5061 1062 5154 eorporis
1089 5074 1216 5151 partes,
1263 5060 1400 5132 febrilis
1419 5084 1494 5130 non
1516 5061 1733 5152 extinguitur
1761 5088 1923 5158 prunus,
1953 5073 2096 5145 sedatur
2125 5089 2245 5148 tamen

236 5179 412 5253 musculos
429 5177 527 5248 illisu
540 5171 660 5242 valido
681 5167 895 5262 percellunt,
921 5163 1090 5258 quatiunt
1102 5182 1142 5230 ac
1158 5162 1214 5229 via·
1265 5162 1367 5233 certis
1386 5161 1583 5232 intervallis
1605 5178 1719 5234 aestus
1741 5166 2018 5264 aliquantulum,
2044 5189 2076 5246 et
2093 5182 2246 5268 putredo

236 5286 358 5366 lnam,
380 5305 459 5350 cum
476 5298 544 5369 qna
562 5272 789 5343 concussione
813 5267 877 5339 etsi
899 5265 994 5335 iliaa
1018 5261 1213 5332 calidorn'm
1237 5243 1241 5270 ¹
1264 5259 1303 5334 fit
1322 5261 1451 5345 mitior,
1478 5264 1575 5336 unde
1595 5257 1786 5350 καύσωνις
1802 5267 2052 5368 ἐπιεικέστεροι
2078 5279 2245 5354 existunt,

234 5399 340 5479 iique
366 5381 500 5452 atrium
527 5377 707 5445 fumorum
740 5371 846 5444 ιὶῑιῑο
872 5369 1006 5462 impelli
1031 5363 1215 5450 txtiltlut,
1238 5418 1240 5426 -
1264 5361 1304 5436 Si
1325 5362 1513 5454 profligato
1536 5380 1753 5456 prostratove
1778 5393 1925 5464 prorsus
1943 5387 2006 5445 aut
2035 5380 2245 5452 conculcatu
