4606 5822
46 287 117 370 ses
609 341 611 354 .
676 275 941 354 rurcrrrr
973 261 1423 348 unnaurnours.
1985 282 2062 389 ere

136 458 172 532 d.
215 448 375 550 Oppono
403 451 512 544 igitur
538 447 771 538 Malvendae,
812 469 1023 524 consensum
1075 440 1216 514 clesiam
1233 439 1366 536 pollui,
1390 439 1505 534 eripui
1520 441 1598 514 viro
1614 459 1735 518 sancto
1749 448 1954 542 coniugem,
1979 457 2058 546 pnl-

46 556 293 653 Prophetarum
317 570 353 628 ct
376 543 632 648 Apostolorum
656 553 753 626 iuxta
771 551 906 624 dictum
925 547 1024 624 Petri
1073 542 1126 612 lul
1149 567 1262 612 metm
1287 555 1320 614 el
1343 541 1495 615 alienam
1521 547 1789 636 ⁶⁰¹¹⁸clffllf³ffle
1812 553 1930 626 Virum
1947 557 2058 628 inter·

46 663 202 736 Arctoa
228 656 323 732 Huic
336 649 667 746 omucsProphetae
682 654 925 726 testimonium
940 677 1022 746 per·
1072 643 1249 727 ficiiussi,
1274 645 1423 736 praebui
1439 668 1599 734 tautam,
1627 663 1665 722 ut
1681 674 1836 742 poenae,
1872 657 1997 730 seditio
2022 674 2059 732 et
2116 721 2125 740 ,

46 749 163 836 hibent
184 759 428 832 remissionem
451 770 674 850 peccatorum
699 749 940 850 accipere'per
955 779 1022 826 no-
1071 744 1211 815 inbnita
1227 745 1389 816 scandala
1406 749 1659 840 sequerentur?
1683 747 1752 821 llic
1768 771 1860 824 certe
1872 755 1993 830 David
2011 763 2055 832 ad
2144 813 2148 822 ,

45 889 118 936 men
133 849 210 934 eius
223 883 347 934 omues
362 857 426 954 qni
444 859 593 930 credunt
607 858 647 926 in
664 880 758 932 eum.
1069 845 1320 928 mediatorem,
1346 861 1382 917 et
1404 848 1447 918 ad
1472 849 1671 922 doctrinam
1695 853 1739 922 de
1763 855 1913 944 gratuita
1927 861 2052 932 remis-

138 963 173 1036 4.
200 963 349 1047 Fateor,
374 949 512 1052 inquit,
538 957 618 1030 dari
638 957 882 1030 remissionem
898 979 1026 1049 pecca-1
1069 945 1171 1017 sione
1185 947 1414 1018 deducendus
1430 963 1492 1034 est,
1515 949 1607 1022 sicut
1621 947 1747 1046 ipsese
1763 957 2055 1033 uoceabsolutio·

46 1045 152 1138 torum
173 1078 320 1158 propter
342 1055 543 1145 Christum,
578 1073 613 1131 et
640 1059 746 1130 tidem
766 1057 899 1148 flagito.
928 1056 1021 1130 ‘Sed
1070 1048 1128 1118 113⁸
1142 1061 1175 1120 el
1192 1047 1261 1120 fide
1275 1061 1458 1123 sustentat·

46 1169 119 1260 quia
132 1166 265 1258 decipit
278 1163 447 1236 lectorem
461 1159 654 1234 Malvenda
669 1159 914 1252 generalitate,
938 1159 1019 1230 ideo
1173 1145 1233 1220 14·
1275 1147 1361 1221 Ideo
1382 1149 1516 1221 Paulus
1538 1154 1644 1226 toties
1671 1153 1824 1227 inculcat
1843 1159 2051 1251 particulam

48 1291 174 1339 necesse
189 1279 335 1338 osteum
352 1262 511 1338 refutari.
560 1257 732 1352 Intelligit
747 1261 871 1348 fidem,
896 1259 1020 1358 quain
1066 1273 1155 1345 cra
1166 1255 1180 1318 l
1189 1246 1243 1331 ¹⁹⁸,
1265 1265 1305 1322 ut
1322 1252 1497 1323 discernat
1510 1254 1622 1345 legem
1637 1253 1926 1348 ctEvangelium,
1941 1276 1974 1332 et
1987 1265 2052 1336 du-

46 1390 159 1458 genere
178 1366 293 1440 credis
314 1363 496 1460 aliquibus
521 1363 673 1446 remitti,
706 1387 782 1434 non
810 1361 889 1438 tibi.
939 1357 1019 1432 Hoc
1067 1365 1144 1424 teat
1165 1355 1392 1423 attinendum
1412 1376 1505 1440 eote,
1530 1357 1640 1445 gratie
1662 1359 1796 1430 remitti
1811 1377 1950 1452 peccata
1966 1388 2051 1457 pro·

47 1470 144 1544 credit
157 1465 275 1554 ludas,
299 1466 374 1537 imo
396 1478 429 1537 et
439 1461 599 1540 Diaboli.
1066 1465 1145 1545 pter
1167 1451 1281 1524 filium
1297 1453 1382 1528 Dei.

132 1565 169 1644 5.
193 1566 346 1660 Propria
360 1563 547 1657 Evangelii
570 1563 758 1657 promissio
778 1577 848 1650 est,
873 1587 1019 1636 annun·
1168 1549 1226 1626 15·
1264 1553 1400 1628 Verum
1424 1569 1477 1628 cot
1499 1573 1663 1649 oportere
1685 1563 1805 1633 adesse
1834 1562 1873 1634 in
1904 1588 2053 1638 conver·

47 1667 125 1740 εἰ...
148 1670 393 1742 ,emmonem
415 1679 650 1764 peccatorum,
699 1663 796 1738 ΗΜ
817 1659 912 1736 nihil
933 1690 1019 1758 pm.
1066 1652 1168 1725 sione
1200 1657 1474 1748 poenitentiam,
1512 1659 1638 1748 fidem,
1666 1661 1912 1750 dilectionem,
1942 1690 2053 1760 spem,

47 1769 112 1840 dest
125 1771 206 1857 tibi,
232 1771 419 1845 sitantum
435 1769 557 1842 credas
570 1769 610 1840 in
626 1789 753 1858 genere
766 1765 947 1860 aliquibus
958 1790 1017 1838 re·
1065 1756 1203 1826 b⁰¹¹1¹m
1219 1759 1456 1850 1³¹⁰P⁰⁵ilssme
1483 1773 1517 1830 el
1532 1761 1620 1834 allas
1634 1763 1794 1846 virtutus
1819 1766 1882 1836 sed
1895 1761 1964 1840 hoe
1976 1794 2051 1841 non

47 1870 124 1942 mim
131 1921 144 1956 ‚
168 1895 245 1943 non
261 1871 342 1946 fibi,
1067 1871 1151 1928 sunt
1167 1879 1290 1928 causae
1305 1859 1534 1932 remissionis.

131 1970 166 2047 6.
190 1971 278 2044 ldeo
295 1983 435 2043 tantum
445 1963 538 2040 hanc
551 1967 751 2062 generalem
766 1968 870 2039 fidem
886 1967 1017 2040 doeen.
1167 1957 1226 2032 16.
1261 1957 1346 2031 ldeo
1365 1962 1514 2044 dicitur,
1544 1964 1619 2035 sola
1641 1963 1710 2037 hde
1733 1967 1980 2056 iustihcamnr,
2011 1987 2052 2046 ut

46 2081 104 2158 tes,
132 2075 254 2146 delent
278 2069 533 2163 Evangelium‚
559 2083 734 2141 eruerem
762 2093 802 2140 ec
826 2067 1016 2142 salutarem
1064 2057 1272 2130 excludatur
1285 2061 1409 2153 opinio
1425 2085 1487 2133 seu
1505 2065 1663 2137 conditio
1677 2068 1817 2156 meriti,
1842 2095 1917 2144 non
1933 2085 1973 2146 ut
1989 2097 2049 2144 ex-

47 2174 309 2247 consulationem
325 2171 551 2245 conscientiis
564 2169 850 2244 admirandoDei
866 2171 1015 2242 consilio
1064 2159 1256 2231 cluduntur
1268 2162 1434 2252 virtutes,
1458 2187 1504 2234 ne
1527 2167 1656 2243 adsint.

46 2275 264 2366 propositam,
288 2274 457 2366 eripiunt,
1168 2261 1227 2336 17.
1265 2257 1425 2335 Eandem
1455 2265 1655 2340 doctrinam
1684 2271 1870 2344 confirmat
1902 2267 1969 2344 hoc
1993 2276 2046 2345 di·

130 2373 163 2446 7.
200 2375 337 2449 Paulus
362 2367 496 2468 dehac
518 2369 586 2473 lide
610 2369 791 2464 loquitur,
814 2393 885 2465 qua
909 2391 1016 2462 agens
1064 2374 1181 2434 ctum:
1213 2359 1297 2434 Non
1318 2365 1566 2439 iustificabitur
1589 2371 1627 2440 in
1649 2389 1838 2464 conspectu
1856 2388 1917 2446 tun
1933 2379 2051 2448 omnis

48 2476 307 2559 poenitentiam,
339 2473 410 2545 sibi
434 2470 504 2564 ipsi
524 2469 660 2544 remitti
682 2473 814 2555 credit,
840 2495 921 2544 cum
947 2473 1014 2546 ait:
1062 2463 1197 2537 vivont·
1246 2461 1331 2538 Non
1352 2467 1461 2556 igitur
1483 2470 1589 2539 detur
1611 2471 1771 2544 remissio
1804 2490 1948 2567 propter
1975 2479 2050 2550 ulla

46 2565 205 2650 luctificati
221 2577 294 2648 tide
308 2598 430 2668 pacem
453 2567 634 2644 habemus.
1061 2579 1182 2638 nostra
1205 2588 1322 2659 opera.

132 2675 168 2750 8.
197 2675 294 2770 Quia
306 2678 369 2748 illa
386 2673 560 2766 generalis
577 2673 663 2742 lidos
679 2693 741 2742 seu
755 2669 882 2744 notitia
898 2667 1014 2742 histo·
1164 2667 1222 2740 18.
1263 2666 1373 2740 Errat
1394 2665 1587 2742 Malvenda
1610 2673 1739 2746 docens
1768 2689 1921 2748 mentem
1946 2681 2049 2771 pavi·

47 2771 106 2844 riae
123 2801 194 2850 non
216 2780 322 2872 erigit
341 2790 494 2870 mentem
515 2772 798 2866 perterrefactam
823 2773 1013 2861 etlugien-
1060 2767 1144 2838 dam
1165 2779 1199 2839 et
1231 2767 1426 2858 lugientem
1447 2768 1563 2842 Deum
1589 2773 1628 2842 in
1649 2773 1713 2846 illo
1738 2776 1831 2850 tristi
1858 2795 2048 2874 conspectu

49 2881 104 2944 tem
117 2865 248 2966 Deum,
274 2881 336 2950 sed
359 2876 479 2972 potius
497 2887 600 2964 auget
619 2865 768 2964 pa'vorcs
782 2885 816 2945 et
831 2873 1011 2946 fremitum
1059 2865 1134 2939 irae
1148 2863 1235 2954 Del,
1259 2883 1301 2941 ut
1316 2883 1457 2942 maneat
1471 2873 1511 2946 in
1533 2874 1767 2952 dubitatione.

48 2972 193 3050 olversus
216 2977 347 3055 Deum.
396 2973 452 3050 Eo
482 2975 593 3064 magis
618 2974 819 3046 irascuntur
843 2971 949 3054 ludas
977 2986 1011 3047 et
1163 2967 1223 3039 19·
1261 2965 1370 3042 Errat
1393 2972 1455 3066 qui
1475 2974 1580 3045 fidem
1596 2975 1635 3044 ln
1658 2978 1731 3049 ouis
1742 2980 2048 3074 propositionibus

48 3066 193 3168 Diaboli²
217 3081 303 3178 quia
320 3080 437 3151 sciunt
450 3076 562 3148 filium
578 3071 646 3146 Dei
662 3073 902 3150 iudicaturum
926 3098 1011 3164 esse,
1057 3081 1198 3140 tanturn
1208 3069 1376 3163 intelligit
1390 3097 1464 3144 esse
1477 3076 1592 3164 idem,
1616 3081 1713 3170 qnod
1729 3070 1833 3153 nosse
1848 3078 2045 3172 historiam,

49 3184 76 3240 et
85 3175 152 3247 aliis
165 3183 293 3254 melius
314 3181 402 3254 lore.
1058 3194 1134 3242 non
1151 3172 1322 3244 assentire
1335 3175 1575 3264 promissioni.
1764 3247 1774 3258 ,

129 3277 162 3352 9.
190 3280 304 3356 Recte
320 3282 430 3372 igitur
445 3271 677 3350 Bernhardns
694 3273 798 3345 dixit:
825 3273 896 3349 Sed
918 3280 1010 3350 adde
1158 3273 1218 3344 20.
1252 3270 1362 3347 Errat
1382 3277 1466 3369 quia
1486 3279 1637 3384 affirmat
1665 3295 1806 3354 renatos
1826 3283 1865 3352 in
1891 3277 1957 3356 hac
1973 3285 2047 3358 vita
2162 3289 2163 3294 ’

49 3379 330 3469 utcredasetboc,
346 3381 442 3476 quod
459 3402 522 3472 per
532 3379 653 3468 ipsum
673 3389 813 3468 peccata
830 3375 871 3446 te·
877 3374 927 3446 te·
943 3380 1011 3450 do·
1059 3395 1160 3464 posse
1178 3373 1249 3464 legi
1272 3373 1341 3446 Dei
1363 3378 1578 3466 sadslacere,
1616 3391 1652 3451 et
1679 3405 1838 3472 expresse
1867 3385 1955 3457 dicit
1978 3381 2046 3458 hac

49 3489 167 3550 nautnr.
214 3483 296 3557 Hor
310 3497 362 3555 est
375 3478 616 3558 testimonium
633 3478 730 3572 qnod
743 3471 909 3566 prohibet
925 3479 1010 3573 Spi-
1058 3473 1266 3565 impletione
1279 3475 1387 3567 legis,
1410 3473 1575 3550 homines
1590 3479 1685 3552 iutos
1700 3503 1785 3558 esse.
2052 3480 2064 3494 “

50 3571 123 3647 filos
139 3599 279 3660 sanctus
300 3587 341 3656 in
364 3583 470 3656 corde
492 3595 554 3654 tuo
572 3579 708 3650 dicens:
745 3574 901 3651 Dimissa
925 3597 1010 3655 sunt
1160 3577 1222 3651 21.
1254 3575 1329 3649 Nus
1352 3593 1475 3650 contra
1497 3579 1731 3667 affirmamus,
1758 3598 1898 3657 renatos
1918 3586 1958 3656 in
1978 3582 2045 3660 hac

50 3670 102 3742 tibi
120 3701 252 3770 peceare
278 3700 350 3760 rue,
401 3683 461 3755 Sic
485 3680 582 3764 enirn
598 3680 791 3752 arbitratur
805 3675 1009 3774 Apostolus,
1058 3673 1133 3748 vita
1153 3700 1227 3748 non
1250 3701 1351 3769 posse
1374 3680 1571 3752 satisfacere
1591 3681 1662 3772 legi
1673 3679 1761 3765 Dei,
1785 3695 1819 3757 et
1840 3709 2045 3782 quanquam

50 3778 137 3855 utus
149 3783 328 3860 iustificari
339 3782 522 3857 hominem
535 3805 598 3874 per
614 3779 731 3856 lidem.
1058 3771 1192 3849 habent
1212 3774 1415 3852 inchoatam
1437 3782 1699 3870 obedientiam,
1730 3807 1820 3880 quae
1834 3785 1910 3860 Deo
1932 3789 2047 3882 placet

133 3881 188 3958 10.
228 3888 329 3974 Idem
360 3900 501 3958 nostrae
529 3879 709 3953 Ecclesiae
740 3881 886 3966 docent,
926 3910 1007 3958 enm
1057 3878 1098 3948 in
1120 3880 1344 3952 credentibus
1367 3896 1512 3976 propter
1531 3884 1662 3956 lilium:
1687 3897 1806 3958 tarum
1826 3912 1976 3981 persona
1992 3905 2045 3966 est

52 3989 192 4057 ornant
209 3991 344 4062 dictum
353 3987 473 4060 Pauli:
500 3983 589 4056 Fide
603 3982 844 4058 iustificamur.
1057 3979 1171 4064 iusta,
1195 3981 1233 4052 id
1257 3985 1335 4068 est,
1350 3998 1490 4078 accepta
1511 3998 1657 4079 propter
1671 3988 1921 4086 mediatorem,
1947 3993 2044 4065 iuxta
2172 4048 2179 4058 ,

66 4165 74 4184 ὓ
132 4081 186 4156 11.
213 4088 322 4162 Nulla
338 4087 531 4161 consolatio
545 4085 1007 4178 proponiturconscienriie,
1057 4079 1176 4170 illud:¹
1199 4079 1280 4155 Non
1301 4083 1549 4160 iustificabitur
1570 4089 1610 4160 in
1631 4105 1820 4186 conspectu
1841 4105 1905 4165 tuo
1928 4094 2045 4166 omnis

54 4185 76 4234 ⁸¹
85 4165 158 4254 haec
172 4205 291 4264 nostra
306 4188 482 4262 enarratio
498 4185 674 4260 abiicitur.
715 4183 805 4257 ltem
819 4187 850 4256 si
863 4190 1008 4263 additur
1057 4182 1193 4257 vivens·

52 4263 116 4346 fidel
128 4291 277 4365 conditio
291 4306 433 4364 nostrae
454 4287 656 4377 dignitatis,
680 4283 931 4374 utflMalvcnda
948 4293 1007 4361 in·
1158 4285 1222 4359 22·
1247 4281 1364 4359 Multa
1381 4287 1497 4361 tristia
1510 4289 1604 4382 mala
1618 4305 1765 4382 manent
1780 4293 1818 4364 in
1832 4295 1974 4380 renatis,
2001 4309 2043 4369 nt

54 4372 129 4490 quit,
150 4409 221 4462 nen
239 4389 375 4466 habeus
398 4385 614 4463 conditionis
638 4400 673 4458 ct
694 4387 910 4462 infirmitatis
923 4415 1006 4466 suae
1059 4385 1318 4474 dubitationes,
1351 4391 1519 4462 securitas
1543 4391 1714 4482 carnalis,
1744 4393 1872 4486 frigide
1896 4397 2043 4488 diligere

51 4482 208 4568 rthensin,
1057 4485 1173 4560 Deum
1188 4501 1223 4560 et
1236 4490 1369 4562 multoe
1383 4489 1547 4564 flammae
1560 4491 1773 4570 viciosarunr
1795 4495 2042 4588 cupiditatum.

134 4585 189 4662 12·
219 4590 316 4668 Haec
337 4615 482 4686 prorsus
506 4604 558 4662 est
573 4588 661 4682 legis
676 4586 850 4666 doctrina.
900 4591 1005 4671 Tune
1057 4587 1155 4661 llaec
1170 4587 1263 4662 male
1276 4593 1527 4666 condonantur
1539 4607 1574 4666 ct
1587 4608 1755 4688 teguntur
1779 4595 1818 4668 in
1834 4591 1890 4668 his
1905 4600 1968 4693 qni
1984 4623 2042 4670 re-

54 4655 175 4757 habeba
187 4694 447 4780 remissionem,
469 4717 551 4782 cum
567 4691 635 4761 cris
649 4691 789 4782 dignus.
1058 4703 1236 4784 pugnant,
1268 4694 1328 4763 sed
1349 4707 1469 4768 umen
1491 4711 1718 4772 reserarunt
1737 4697 1831 4770 mala
1844 4701 2041 4792 pugnantia

138 4786 190 4860 13.
214 4791 249 4870 Ο
267 4797 402 4868 tristem
417 4817 552 4880 vocem,
576 4815 665 4888 quae
679 4793 778 4863 iubet
791 4812 858 4864 nus
874 4794 1006 4869 intueri
1057 4817 1138 4864 cnm
1153 4793 1227 4880 lege
1243 4793 1326 4866 Dei.
2023 4863 2025 4868 ,

56 4887 183 4960 rostram
203 4897 460 4978 conditionem,
485 4894 524 4967 id
546 4905 617 4980 est,
641 4893 876 4970 miserrimam
900 4914 1006 4971 natu.
1158 4893 1221 4968 23.
1262 4894 1333 4968 Sed
1355 4909 1497 4970 ruentes
1517 4897 1558 4971 in
1576 4899 1704 4973 delicta
1718 4913 1842 4975 contra
1856 4904 2041 4976 conscien-

56 4985 114 5089 ΠΨ
144 4981 361 5070 horribiliter
394 4995 670 5095 contaminatam
702 5011 856 5089 peccato.
906 4998 1003 5090 Quid
1057 5009 1144 5089 tram
1167 4997 1351 5070 excutiunt
1367 4999 1516 5090 gratiam
1542 5014 1578 5075 ct
1600 5000 1775 5096 Spiritum
1798 5017 1978 5094 sanctum,
2002 5019 2040 5079 et
2143 5000 2147 5006 ’

57 5085 132 5148 enim
160 5091 275 5192 dieit²)
297 5099 414 5176 David
445 5100 587 5171 intuens
619 5120 718 5168 snam
753 5098 1006 5179 conditionem.
1058 5097 1149 5169 liunt
1162 5097 1217 5166 rei
1231 5101 1355 5172 mortis
1370 5114 1544 5180 aeternae.

58 5155 157 5266 Eetone
177 5200 364 5296 reciperer,
390 5197 453 5296 qui
475 5197 583 5270 tantis
605 5197 796 5271 sceleribus
820 5226 875 5274 me
889 5199 1005 5277 erEe.
1158 5197 1221 5270 24.
1261 5198 1402 5273 Rursus
1416 5216 1542 5272 'autem
1563 5204 1784 5300 recipiuntur
1806 5231 1828 5278 a
1848 5202 1926 5280 Deo
1957 5229 2038 5278 curn

58 5313 236 5372 *x-
1057 5301 1221 5372 conversi
1236 5316 1345 5392 agunt
1358 5303 1635 5395 poenitentiam,
1661 5322 1695 5380 et
1712 5308 1780 5379 lide
1795 5307 2038 5379 remissionem

62 5393 428 5538 utiloouendoeedteet,
454 5441 486 5480 ex
499 5419 697 5478 emendacione.
923 5499 927 5510 ἱ
1056 5415 1194 5496 petunt,
1217 5417 1257 5478 ut
1269 5399 1392 5478 Esaias
1409 5404 1546 5502 inquit:
1573 5407 1615 5484 si
1631 5405 2049 5504 peeescevesuetneridc'

104 5500 209 5566 “¹³¹1·
231 5507 332 5577 Orru.
357 5507 441 5574 Vos.
456 5501 535 5568 ΧΠ.
1481 5508 1531 5584 116
