4604 5804
200 223 277 298 ns
435 151 648 292 scauri
673 204 750 284 ru
774 199 893 284 amn.
919 199 989 280 au
1012 199 1142 279 nur.
1168 199 1316 289 uuor.
1338 205 1408 284 ur
1432 207 1626 296 runos.
1652 207 1982 296 seraranan.-
2154 220 2294 302 arav

205 403 307 476 Deus
329 403 448 488 postca
470 383 616 458 cessavit
638 385 724 456 alias
743 403 802 454 res
831 381 984 452 condere
1008 391 1043 450 ct
1061 399 1191 462 creare,
1242 405 1388 454 manum
1412 407 1486 456 esse
1511 380 1724 468 Ecclesiam·¹
1777 384 1826 464 Et
1855 391 1992 464 conditi
2020 408 2105 468 sunt
2135 389 2235 466 m‘as

207 499 373 573 videlicet
402 491 491 562 alios
528 511 642 560 novos
677 487 851 570 mundos,
888 497 950 556 aut
976 502 1087 552 novas
1119 480 1191 584 elc-
1244 500 1278 558 et
1292 482 1522 584 foemina,
1547 493 2202 570 messerordinarugerdulcpnmor·

192 614 407 678 ¹mentorum
431 605 493 663 aut
520 588 759 660 animantium
784 587 925 679 species.
975 581 1024 654 Et
1046 582 1215 660 condito,
1240 671 1245 676 ι
1346 585 1392 661 V.
1424 587 1579 678 Quinto,
1605 595 1747 666 condita
1762 591 1940 682 Ecclesia,
1967 609 2001 667 et
2026 600 2162 672 sancita
2181 602 2236 672 le-

210 701 392 778 ltvmlm
414 693 551 789 quievit
564 690 681 776 ⁰⁰⁰⁸,
706 689 789 784 qula
816 689 894 758 vuli
915 686 955 754 5¹¹
969 679 1118 754 homine
1134 707 1193 753 δῦ·
1245 713 1287 782 ge
1302 690 1470 781 coniugii,
1486 693 1687 768 institutum
1704 712 1757 768 est
1772 697 1876 768 etiam
1893 698 2094 769 dominium
2108 725 2238 774 rerum

213 809 410 906 quiescere,
433 811 468 868 et·
484 821 525 868 eo
540 793 722 878 delectari,
749 790 830 862 etei
846 790 971 860 intuta
987 785 1193 857 aeternitate
1246 794 1503 885 corporalium,
1534 819 1624 888 qm
1650 799 1865 868 messui„
1885 812 1970 871 ,unt
1995 803 2086 872 vim
2102 828 2239 896 corpo-

212 900 471 982 commuuicare
493 919 567 970 sese
594 919 694 968 snam
718 891 945 986 sapientiam,
970 886 1146 958 iusticiam
1161 897 1195 956 et
1247 897 1325 964 rati.
1378 895 1430 966 lta
1447 919 1674 986 agnoscamus
1692 923 1747 968 res
1769 901 1977 992 praecipuas
1991 905 2108 975 rtatim
2126 905 2239 977 iniri„

148 1035 153 1046 '
211 1007 396 1085 laellclam·
1247 997 1428 1069 ordinatas
1448 1021 1537 1069 esse:
1567 996 1782 1086 Ecclesiam,
1808 999 2063 1074 Oeconomiam
2082 1019 2118 1076 et
2132 1005 2240 1077 Poli-

316 1105 364 1177 ll.
404 1098 569 1178 Secundo
594 1101 802 1190 cogitemus,
828 1095 943 1190 qualis
963 1093 1009 1164 sit
1032 1091 1196 1164 conditus
1248 1100 1345 1171 tiam.
1393 1094 1458 1168 Est
1480 1115 1596 1172 autem
1619 1104 1823 1173 ordinatum
1847 1104 2047 1176 dominium
2070 1103 2128 1176 his
2152 1133 2240 1178 ver·

213 1215 344 1295 homo,
373 1206 538 1279 videlicet
558 1204 658 1287 talis,
689 1214 729 1272 ut
753 1201 800 1270 sit
822 1200 938 1288 imago
962 1196 1088 1264 similis
1108 1191 1196 1264 Deo.
1248 1202 1318 1272 bis:
1346 1195 1572 1270 Subiicilc
1593 1200 1721 1272 uobis
1742 1213 1929 1294 terram,
1955 1214 1994 1274 ct
2015 1202 2239 1279 domina-

214 1320 473 1404 Interpretatur
493 1319 609 1376 autem
631 1302 763 1374 Paulus
792 1301 982 1389 imaginem
1007 1300 1050 1366 ad
1075 1290 1198 1385 Epire-
1249 1301 1369 1372 mini
1400 1300 1611 1396 piscibus
1647 1303 1795 1374 maris
1817 1321 1881 1377 etc.
1936 1305 1981 1376 ld
2010 1323 2079 1395 est,
2112 1313 2240 1399 generi

217 1423 286 1494 sios
309 1413 351 1485 42
375 1409 552 1483 lusticiam
575 1421 607 1476 et
631 1405 849 1476 sanctitatem
873 1399 1039 1470 veritatis.
1089 1395 1198 1467 Corn·
1249 1401 1407 1476 humano
1427 1407 1527 1476 trado
1550 1403 1618 1476 hoc
1640 1407 1713 1493 ins,
1743 1419 1787 1478 ut
1806 1409 1851 1477 de
1870 1426 1938 1482 urrr
1959 1403 2089 1482 harum
2112 1434 2240 1484 remu,

215 1518 382 1616 plectitur
398 1535 480 1602 ergo
496 1510 611 1600 imago
634 1509 838 1598 incorrupta
855 1501 1050 1595 potentium
1068 1521 1199 1588 coguu—
1251 1509 1337 1592 tales
1352 1505 1594 1576 ordinationes
1616 1508 1738 1593 faciat,
1764 1533 1854 1601 quae
1875 1511 2016 1600 prosint
2037 1513 2082 1581 ad
2102 1537 2240 1607 aequa.

219 1623 394 1706 scenlem,
418 1617 457 1684 in
480 1635 586 1704 quam
608 1610 783 1680 transfusa
799 1620 851 1676 est
867 1607 928 1675 lux
944 1604 1085 1691 divina,
1109 1621 1199 1693 quac
1251 1609 1698 1680 litatem·cunservatricem
1722 1610 1907 1685 societatis.
1955 1609 2026 1680 Hic
2046 1626 2082 1685 ct
2102 1613 2240 1686 distin-

219 1739 272 1798 ²⁸l
293 1744 376 1792 Vffl
398 1731 433 1788 ⁰²
454 1716 554 1784 filma
579 1712 711 1801 θθῑῑῗῑῑθ
736 1708 803 1780 Del
824 1723 859 1780 θῑ
881 1707 984 1795 ledis,
1012 1719 1047 1774 et
1069 1702 1198 1772 ῐῑῡῐῐῦῑθ
1252 1710 1321 1782 ctio
1346 1709 1587 1780 dominiorum
1621 1724 1656 1781 et
1685 1724 1889 1782 contractus
1921 1709 2239 1804 comprehendnu.

219 1831 369 1900 devera
400 1815 601 1890 obedientia
636 1829 670 1884 et
696 1812 741 1881 de
776 1808 907 1879 iudicio
933 1806 1011 1880 Dei.
1061 1803 1201 1874 Deinde
1253 1827 1322 1884 rur,
1372 1809 1649 1882 Posrdiluvium
1670 1835 1755 1882 „m
1777 1809 2241 1908 haecefflpemlwepetita

219 1924 466 2018 complectitur
489 1932 522 1990 et
541 1918 761 1988 voluntatem
786 1926 820 1981 et
842 1933 920 1995 cor,
946 1909 1042 2002 quod
1056 1907 1202 1976 ardebat
1254 1928 1323 1999 err,
1349 1925 1383 1983 rr
1405 1935 1562 2003 express,
1585 1914 1705 1984 addita
1714 1936 1855 1983 ,amma
1879 1913 1952 2000 lex,
1976 1939 2067 2006 quae
2084 1930 2137 1989 es,
2153 1943 2239 1990 ner·

218 2030 375 2104 motibus
388 2022 543 2116 Spiritus
555 2018 667 2093 sancti
675 2067 687 2102 ,
713 2028 747 2085 et
762 2015 895 2101 integra
910 2008 1112 2081 obedientie
1125 2007 1201 2075 siue
1254 2039 1318 2086 vrrs
1333 2015 1581 2106 imperiorum,
1609 2015 1652 2082 de
1674 2038 1787 2106 poena
1809 2007 2048 2085 homicida
2057 2037 2087 2090 c.
2138 2017 2239 2091 ΗΜ

219 2142 375 2228 peccato.
425 2121 484 2194 Ad
514 2119 600 2192 haec
629 2121 723 2189 dona
745 2116 910 2185 adiuncta
936 2111 1003 2182 luit
1031 2111 1143 2178 libera
1168 2120 1203 2178 et
1255 2120 1310 2187 lex
1327 2117 1406 2187 lons
1422 2129 1472 2186 est
1486 2115 1650 2216 politicae
1673 2114 1943 2204 gubernationis
1962 2116 2002 2186 in
2026 2111 2092 2188 hac
2108 2121 2240 2214 depra-

220 2259 298 2306 nou
321 2226 488 2318 impedita
510 2223 634 2296 electio
654 2219 857 2290 voluntatis.
909 2215 1003 2286 Sunt
1026 2211 1202 2283 antemio
1255 2221 1334 2290 vata
1357 2230 1499 2304 natura,
1526 2230 1569 2312 et
1597 2217 1741 2289 initium
1772 2217 2021 2309 imperiorum,
2046 2231 2088 2289 ut
2117 2239 2241 2314 poster

222 2337 453 2410 Deo'summa
474 2329 591 2412 bona,
617 2321 805 2418 sapientia,
830 2317 986 2402 iusticia,
1010 2331 1044 2388 et
1059 2315 1203 2386 libertas
1256 2323 1423 2395 dicemur,
1666 2316 1671 2326 '

224 2432 418 2510 electionis.
475 2429 614 2500 Horum
642 2446 861 2496 summorum
885 2422 1062 2492 bonorum
1086 2415 1204 2488 radios
1360 2421 1423 2492 Vl.
1450 2420 1563 2494 Sexto
1577 2423 1744 2496 recitatur
1759 2425 1878 2516 lapsus
1894 2426 2092 2517 primorum
2108 2431 2241 2520 paren.¹

223 2561 306 2614 cum
328 2537 369 2605 51¹
393 2554 460 2602 1¹⁰⁸
490 2529 738 2608 transfuderit,
770 2525 1015 2598 “stimonium
1038 2519 1204 2602 ostendii,
1258 2537 1354 2610 tum,
1387 2538 1421 2594 et
1449 2548 1531 2595 mox
1561 2527 1736 2597 restitutio
1778 2541 1812 2596 et
1843 2524 2025 2599 inchoatio
2048 2531 2239 2600 universae

222 2659 390 2715 verease
407 2630 499 2704 hanc
515 2646 710 2702 creaturam
734 2627 849 2714 diligi.
899 2623 946 2697 Et
963 2623 1106 2716 quidem
1124 2621 1204 2689 ideo
1257 2626 1454 2713 Ecclesiae,
1477 2651 1568 2720 quae
1590 2644 1736 2720 sequuta
1758 2629 2066 2720 estpostlapsums
2115 2627 2243 2704 Etax-

151 2791 154 2796 ,
224 2739 473 2822 transfuditea
493 2737 532 2805 iu
546 2757 632 2817 nos,
656 2725 779 2802 uthae
795 2728 891 2820 ipsae
907 2726 1206 2797 noticiaetesteu·
1259 2730 1405 2820 ponitur
1418 2751 1520 2798 causa
1541 2732 1665 2800 mortis
1682 2743 1717 2801 et
1732 2729 1989 2817 calamitatum,
2013 2732 2137 2822 ignota
2153 2729 2243 2802 Phi·

225 2865 305 2932 tur,
330 2865 403 2912 esse
426 2835 589 2919 Deum,
623 2849 657 2906 et
673 2836 823 2903 doceant
839 2853 926 2915 nos,
951 2809 1067 2921 qualis
1082 2825 1145 2908 sit,
1172 2835 1206 2921 et
1259 2827 1450 2924 Ιοωρὴὶῃρ,
1502 2828 2243 2925 Hicmmmmm,mgpmponumur:

226 2951 429 3023 discernant
464 2965 543 3012 eum
575 2963 597 3009 a
633 2937 736 3006 malis
765 2934 913 3007 naturis.
983 2927 1056 3000 lam
1083 2928 1207 3018 cogita,
1259 2933 1394 3003 Contio
1419 2955 1567 3022 arguens
1596 2945 1798 3023 peccatum,
1833 2945 1869 3002 et
1896 2956 2022 3004 arcana
2051 2934 2242 3026 promissio

226 3062 401 3148 qnantum
428 3045 534 3114 decus
554 3041 662 3110 luerit
687 3031 816 3106 homo
839 3029 928 3104 ante*
941 3034 1100 3123 lapsum,
1126 3052 1205 3101 cum
1260 3037 1304 3104 de
1318 3045 1467 3103 venturo
1483 3033 1615 3102 semine
1631 3034 1810 3116 mulieris,
1833 3057 1898 3125 per
1918 3036 2013 3127 quod
2028 3037 2146 3107 deleto
2163 3061 2245 3130 pec-

221 3177 309 3240 ,vere
331 3161 419 3219 esset
433 3143 654 3214 domicilium
672 3153 706 3208 et
728 3139 899 3228 templum
914 3133 1002 3216 Dei,
1028 3133 1105 3201 siue
1126 3153 1207 3222 pec·
1261 3149 1336 3205 cato
1364 3148 1400 3207 et
1429 3142 1542 3204 morte
1571 3135 1726 3204 ostendit
1754 3132 1851 3206 Deus
1887 3138 2143 3209 restituendam
2173 3163 2246 3210 egge

228 3271 327 3338 cato,
349 3251 561 3319 sinemorte.
612 3239 799 3329 Etcogita,
824 3231 1206 3331 quantaiueritingra-
1261 3236 1444 3307 iusticiam.
1465 3248 1500 3305 rr
1521 3235 1630 3306 vigam
1658 3248 1848 3306 aeternam·
1897 3234 1995 3308 Hm
2023 3239 2149 3309 concio
2174 3241 2244 3313 sui,

227 3357 365 3441 ῐὶῑῠᾶθ,
391 3362 547 3421 θνθῐῑθΐθ
561 3367 597 3416 ⁸0
612 3343 720 3414 ³D00
736 3343 780 3410 fid
796 3339 975 3421 ffi³b⁰¹0⁸s
1000 3349 1036 3408 01
1049 3349 1209 3406 excutere
1262 3339 1404 3410 initium
1421 3359 1533 3406 novae
1547 3334 1742 3422 Ecclesiae,
1769 3350 1804 3408 et
1818 3361 1885 3407 vox
1902 3363 1972 3409 una
1995 3353 2030 3412 et
2043 3342 2165 3410 eadem
2181 3357 2245 3427 est,

226 3461 356 3536 Deum.
407 3450 699 3531 Excussoautem
720 3442 815 3527 Deo,
849 3442 911 3537 qui
933 3453 983 3511 est
1004 3442 1084 3510 lons
1107 3440 1210 3525 vitae,
1263 3465 1331 3535 qua
1354 3440 1536 3529 colligitur
1550 3435 1709 3519 Ecclesia
1734 3461 1844 3531 usque
1862 3441 1904 3508 ad
1919 3456 2138 3531 postremum
2155 3457 2245 3514 tem.

228 3573 377 3656 sequuta
392 3570 443 3626 est
460 3575 572 3636 mors,
597 3564 637 3620 ut
653 3546 930 3640 posteadicetur.
1262 3544 1339 3636 pus
1358 3539 1595 3632 generationis
1620 3536 1758 3612 mundi.
1815 3536 1893 3610 Hac
1920 3565 2007 3612 voce
2027 3556 2131 3629 tunc,
2165 3569 2247 3616 cum

334 3659 401 3732 lll.
436 3655 580 3739 Tertio,
605 3649 783 3724 Ecclesiae
796 3647 940 3717 initium
956 3657 1007 3714 est
1022 3643 1098 3736 ipsa
1113 3663 1210 3712 cree—
1263 3657 1468 3734 argueretur
1483 3656 1682 3732 peecatum,
1707 3640 1814 3730 primi
1828 3655 1990 3732 parentes
2004 3661 2192 3718 senserunt
2210 3669 2247 3716 se

229 3767 284 3841 tio
304 3760 483 3842 hominis,
515 3778 596 3826 cum
624 3754 697 3822 illis
723 3749 844 3833 donis,
876 3769 965 3841 quae
995 3757 1096 3816 erant
1118 3746 1211 3829 data,
1263 3745 1420 3816 amisisse
1443 3747 1594 3837 primam
1618 3755 1764 3814 naturae
1784 3743 1917 3828 lucem,
1942 3747 2192 3818 rectitudinem
2213 3762 2249 3820 et

228 3881 272 3939 ut
291 3863 408 3936 Deum
431 3858 659 3930 celebrarent·
718 3849 767 3923 El
788 3850 926 3920 addidit
947 3845 1043 3918 Deus
1063 3847 1211 3916 munda·
1263 3847 1455 3931 laeticiam,
1480 3869 1549 3938 qua
1566 3845 1605 3912 iu
1621 3839 1697 3913 Deo
1713 3843 1998 3916 laetatiluerant.
2035 3843 2084 3918 Et
2101 3849 2248 3920 extincti

229 3985 309 4042 tum
324 3968 369 4036 de
388 3978 531 4033 externo
552 3953 775 4032 testimonio,
801 3977 872 4044 quo
890 3949 1114 4021 ostenderent
1126 3948 1211 4018 obe·
1264 3951 1413 4020 luissent
1428 3947 1623 4018 terroribus
1643 3945 1787 4029 mortis,
1818 3948 1879 4014 sed
1895 3947 2017 4019 audita
2039 3952 2248 4040 promissio-

230 4069 403 4145 dieutiam
419 4083 499 4153 erga
514 4078 613 4143 eum,
638 4070 673 4126 et
688 4068 727 4126 ut
748 4066 837 4122 esset
852 4053 988 4121 occasio
1004 4053 1213 4144 colloquen-
1265 4074 1328 4136 nc,
1355 4072 1461 4142 quarn
1480 4048 1574 4117 filius
1591 4043 1659 4116 Dei
1676 4044 1755 4139 (qui
1772 4046 1852 4116 ideo
1867 4039 1976 4146 λόγος
1991 4050 2143 4138 dicitur,
2162 4054 2248 4146 quia

232 4175 273 4247 di
293 4173 338 4243 de
361 4165 456 4250 Deo,
486 4160 651 4232 videlicet
669 4156 879 4228 mandatum
902 4155 944 4222 de
960 4153 1057 4242 ligno
1078 4176 1138 4221 seu
1154 4175 1210 4222 ar·
1265 4177 1307 4223 ex
1321 4153 1403 4222 sinu
1423 4149 1557 4219 aeterni
1575 4148 1684 4238 patris
1699 4143 1767 4218 boc
1782 4169 1948 4220 arcanum
1964 4152 2147 4240 decretum
2162 4177 2250 4246 pro-

229 4279 318 4349 bore
333 4267 497 4342 scientiae
513 4262 601 4334 boni
623 4274 657 4331 et
673 4259 769 4328 mali.
793 4345 794 4348 Ἴ
815 4253 1002 4327 Caeterum
1019 4253 1139 4323 radius
1156 4253 1215 4324 lu·
1266 4249 1368 4350 tulit)
1387 4273 1509 4322 rursus
1531 4261 1716 4319 senserunt
1738 4271 1775 4319 se
1796 4250 1906 4340 recipi
1929 4273 1947 4320 a
1971 4251 2067 4338 Deo,
2092 4267 2127 4324 et
2144 4257 2249 4328 reddi

231 4381 282 4452 cis
299 4372 442 4447 divinae
464 4367 594 4438 insitus
613 4362 725 4432 menti
745 4373 850 4430 norat
869 4353 1214 4440 mandatamoralia,
1265 4357 1332 4426 sibi
1364 4353 1485 4428 vitam.
1534 4349 1614 4420 Hoc
1641 4351 1797 4442 primum
1826 4349 1895 4421 ruit
1925 4353 2140 4426 miraculum
2170 4371 2252 4450 post

173 4521 174 4526 1
231 4497 269 4554 et
284 4482 323 4550 in
340 4472 396 4546 bis
409 4468 594 4542 obscurior
607 4479 681 4536 erat
694 4457 890 4554 prohibitio
907 4480 1072 4547 vagarum
1089 4453 1212 4527 libidi·
1265 4455 1477 4528 creationem
1492 4476 1630 4537 rerum,
1655 4453 1751 4545 quod
1767 4452 1812 4520 de
1828 4453 2062 4541 promissione
2084 4460 2252 4532 testimo-

230 4607 334 4656 num.
386 4574 471 4648 ldeo
487 4593 567 4641 oron
580 4579 662 4658 post
675 4563 886 4634 creationem
903 4575 938 4633 et
951 4561 1099 4632 alterum
1112 4580 1215 4630 man·
1265 4557 1366 4628 nium
1395 4556 1482 4642 suit,
1518 4556 1614 4648 quod
1643 4549 1738 4624 Deus
1760 4554 1944 4624 morituris
1970 4558 2166 4648 opitulatus
2200 4575 2251 4633 est

231 4689 354 4759 datum
380 4695 541 4771 expresse
564 4668 734 4742 traditum
756 4678 824 4734 est:
858 4657 901 4731 E
908 4668 1018 4732 runt
1047 4654 1135 4731 duo
1166 4657 1214 4729 iu
1250 4661 1342 4731 sine
1357 4658 1470 4729 causis
1481 4655 1665 4740 secundis,
1687 4668 1723 4727 et
1737 4657 1943 4727 ostenditse
1958 4653 2154 4730 Ecclesiam
2177 4665 2252 4735 col.

232 4803 414 4858 coruem
444 4797 603 4862 unam,
634 4769 766 4848 idest,
793 4763 1077 4857 inseparabiliter
1090 4762 1214 4860 iuncti.
1265 4763 1440 4834 lecturum
1463 4772 1498 4831 et
1516 4770 1738 4830 servaturum
1759 4779 1856 4840 esse,
1886 4757 1992 4829 etiam
2017 4774 2114 4832 extra
2145 4761 2252 4836 illum

135 4873 138 4876 ¹
229 4887 309 4960 Rae
324 4907 408 4956 voce
424 4852 581 4954 {entitur
594 4865 881 4963 coniugium,
906 4879 941 4938 el
954 4887 1112 4959 expresse
1129 4887 1215 4958 pro·
1266 4878 1413 4936 naturae
1441 4861 1621 4942 ordinem,
1655 4881 1761 4952 quem
1786 4872 1891 4930 antea
1919 4861 2138 4940 condiderat.
2200 4864 2253 4938 Ar

229 4981 538 5064 hibenturomues
552 4999 660 5070 vagae
673 4972 854 5045 libidines.
885 5041 889 5048 ,
1266 4985 1411 5061 pmrsus
1432 4963 1594 5034 miranda
1618 4981 1674 5030 res
1696 4972 1759 5034 est.
1809 4957 1893 5057 Non
1912 4963 2030 5052 potuit
2051 4962 2170 5037 Adam
2195 4991 2252 5038 rr.

331 5086 395 5161 tV.
438 5083 575 5174 Quarto
596 5079 766 5150 recitatur
791 5065 1007 5166 coniugii
1027 5063 1215 5157 institutio,
1266 5065 1450 5152 tiociuari,
1473 5062 1589 5138 Deum
1604 5061 1702 5132 aliud
1716 5061 1820 5144 velle,
1845 5063 1915 5132 nisi
1930 5063 2027 5137 iuxta
2040 5066 2171 5158 legem,
2198 5069 2253 5139 vi-

234 5207 269 5270 et
293 5195 447 5265 insertae
475 5196 560 5256 sunt
589 5177 789 5251 narrationi
827 5176 961 5246 multae
989 5172 1215 5263 gravissimae
1266 5167 1395 5241 delicet
1422 5163 1587 5260 homines
1616 5163 1792 5256 perituros
1824 5185 1919 5252 esse,
1953 5190 2033 5238 cum
2064 5168 2252 5260 cogitaret:

234 5295 442 5375 sententiae,
457 5277 620 5380 ¹quarum
636 5279 820 5371 explicatio
836 5291 920 5349 nota
934 5275 990 5348 sit
1042 5274 1136 5348 Sunt
1152 5271 1216 5345 au·
1268 5269 1410 5343 laeticia
1421 5265 1491 5339 Dei
1503 5264 1735 5338 immutabilis
1751 5278 1814 5336 est·
1864 5263 2008 5340 lustitia
2024 5266 2095 5342 Dei
2114 5285 2188 5358 est,
2213 5283 2252 5343 ut

109 5389 115 5398 ’
234 5414 307 5470 tem
318 5397 423 5474 initio
438 5385 547 5464 creati
561 5385 651 5468 duo,
676 5383 760 5475 quia
779 5377 876 5454 lleus
895 5377 1135 5469 voluitgenus
1146 5371 1219 5450 hu-'
1268 5371 1514 5446 inobedientes
1528 5381 1690 5463 percant:
1715 5363 1811 5458 Ergo
1827 5367 2050 5444 immutabile
2065 5388 2116 5447 est
2129 5377 2252 5445 decre-
