4696 5820
76 212 159 292 ass
549 305 555 318 1
635 206 798 288 nncn.
841 207 915 286 nn
954 203 1259 286 nunovmo
1296 199 1554 286 unvano

75 385 295 460 concludens
315 407 392 456 eam
415 395 551 477 partem
566 383 683 457 addit:
708 383 792 458 Non
812 382 1070 457 contemnenda
1119 379 1187 454 No.
1213 379 1298 456 167.

76 503 131 562 est
153 488 318 560 doctrina
340 486 526 558 liberalior
538 509 598 568 eo,
623 489 718 580 quod
737 487 916 582 aliquibus
932 482 1000 556 hoc
1019 485 1071 556 fa·
1126 473 1297 508 ’Ν

75 592 247 664 ciendum
268 590 429 672 videtur,
454 588 515 658 sed
537 588 656 680 potius
678 585 800 661 σκαιοὶ
813 585 877 662 καὶ
893 583 1070 660 ἀπαίδευ-

75 717 134 766 τοι
151 691 322 764 ceusendi
338 703 422 762 sunt
435 689 509 775 illi,
534 690 598 783 qni
614 691 653 760 in
665 715 706 761 ea
719 705 804 762 sunt
820 691 1004 782 opinione,
1028 701 1070 760 ut

76 794 239 888 optarint
251 815 375 865 omnes
391 793 446 862 sui
461 791 594 861 similes
609 815 694 880 esse,
720 808 759 865 ut
774 794 812 862 in
828 793 882 863 sui
897 791 1068 862 similium

74 895 280 992 frequentia
302 895 429 980 latere,
454 905 489 963 et
510 894 638 966 iustam
654 895 820 968 ruditatis
840 909 945 988 atque
959 892 1069 962 insci·

75 1001 149 1071 tiae
165 1020 249 1070 suae
265 992 575 1088 reprehensionem
598 995 750 1088 effugere
766 997 915 1090 possint.
966 992 1070 1065 Basi·
1120 1010 1248 1082 opaga,
1270 1007 1319 1082 ἀρ
1338 1014 1572 1104 lmpmgope
1592 1010 1777 1088 Mopse,
1796 1019 1970 1110 flavam
2007 1015 2107 1086 ηοξ.

74 1102 149 1172 lius
162 1099 332 1192 peculiari
348 1098 476 1191 scripto
494 1097 601 1188 edito,
627 1121 716 1192 quae
732 1100 803 1170 iam
818 1099 958 1191 explosa
969 1109 1069 1168 erant
1118 1118 1203 1183 tata
1239 1133 1265 1184 a
1296 1115 1492 1210 fl00r950
1526 1109 1756 1189 cracova,
1798 1114 1964 1192 Docto„
1992 1119 2105 1206 gurg„

75 1228 120 1273 ex
144 1197 277 1272 scholis
293 1200 411 1272 studia
425 1199 620 1286 revocavit,
645 1201 803 1274 excitatis
824 1203 869 1271 ad
892 1225 930 1272 ea
949 1199 1069 1270 colen·
1119 1235 1207 1286 cm„
1229 1211 1492 1288 mmm,
1508 1217 1650 1314 wudu,
1663 1218 1853 1294 Matthia,
1869 1223 1994 1294 0010„
2002 1265 2014 1307 ‚
2041 1217 2105 1291 Ap.

76 1307 124 1374 ὅθ
141 1302 437 1374 θᾶῡῑῑῦΰθῃῑῐῦΰὸ·
1171 1314 1416 1418 deiurperssa',
1441 1321 1730 1414 Doctors‘juris,
1755 1324 1832 1402 Uol.
1848 1319 2050 1398 Decembr.

180 1402 234 1474 De
248 1404 450 1497 eloquentia
467 1403 592 1475 basilii
608 1417 644 1476 et
657 1402 873 1475 Nazianzeni
890 1403 959 1476 luit
972 1401 1068 1473 indi-

73 1508 172 1578 cium
196 1505 398 1590 vetustatis,
429 1503 604 1578 Basiliam
628 1497 890 1601 λαμπρότατον
911 1499 1006 1578 εἶναι
1028 1503 1068 1575 ἐν
1117 1491 1182 1576 Ne
1201 1500 1280 1573 lieri
1301 1501 1445 1596 quidem
1470 1503 1510 1575 in
1531 1504 1717 1577 doloribus
1737 1507 1840 1580 aliter
1855 1521 1991 1603 potest,
2015 1507 2104 1604 quin

72 1613 131 1703 τῷ
146 1601 418 1706 πανηγυρίσακ
447 1606 709 1680 Nazianzenum
731 1606 898 1678 excellere
912 1607 952 1676 in
968 1619 1067 1690 utro-
1117 1603 1273 1695 exempla
1302 1605 1529 1696 quaeramus,
1562 1631 1608 1677 sn
1637 1608 1699 1678 alii
1719 1609 1847 1681 similia
1869 1611 2036 1698 tulerint,
2068 1623 2105 1684 et

73 1733 146 1803 que
171 1731 318 1796 genere,
344 1703 642 1806 ὑπομνηματικῷ
664 1723 697 1782 et
719 1711 980 1808 πανηγυρικῷ,
1006 1708 1066 1778 sed
1117 1727 1237 1778 causas
1252 1717 1286 1776 et
1301 1705 1413 1778 exitus
1428 1707 1600 1778 similium
1614 1710 1851 1783 calamitatum
1867 1713 1906 1782 in
1920 1713 2000 1783 aliis
2014 1735 2102 1782 con·

74 1801 371 1905 σταθερώθερον
400 1833 473 1880 esse
503 1810 649 1887 Basilio.
721 1807 797 1881 Hos
826 1824 942 1881 tantos
972 1810 1068 1880 viros
1116 1810 1324 1880 sideramus.
1380 1803 1515 1879 Omnia
1540 1809 1635 1880 enim
1662 1811 2013 1890 iudicanthomines
2041 1824 2103 1886 aut

72 1911 271 2004 impiorum
290 1904 557 2006 hypocritarum
579 1909 726 1998 cohors,
751 1936 841 2005 quae
857 1912 1066 1982 dominaba-
1117 1909 1248 1996 regulis
1269 1923 1331 1980 aut
1353 1911 1530 2002 exemplis.
1579 1910 1690 2004 Saepe
1705 1915 1814 2004 igitur
1826 1917 1864 1986 in
1879 1910 1945 1987 hac
1960 1915 2102 2009 publica

71 2030 134 2086 tur
150 2013 190 2082 in
208 2012 299 2082 aulis
309 2009 567 2105 Imperatorum
583 2028 615 2086 et
626 2013 844 2105 Principum,
868 2008 1068 2108 sycophau-
1116 2010 1296 2083 moesticia
1310 2011 1511 2082 universam
1526 2013 1770 2107 antiquitatem
1785 2019 1943 2104 intueor,
1969 2031 2003 2090 et
2018 2039 2100 2088 cunt

2032 211 2107 288 286

1919 411 1968 454 sn.
1990 387 2086 458 lass.

1901 481 2105 520 Μ

1331 603 1409 691 De
1432 604 1662 694 ludovico
1691 603 1888 693 Basaro.

1188 767 1220 834 ln
1233 777 1360 836 Oratim.
1370 779 1403 837 Τ.
1418 782 1452 840 v.
1469 801 1497 855 p.
1510 783 1546 839 ts
1556 802 1631 856 sqq,
1650 783 1680 838 in
1691 781 1870 842 Orationibus
1880 788 2013 856 postrem.
2026 799 2055 856 p.
2061 781 2106 840 75.

1219 857 1247 904 st
1264 849 1336 922 apud
1353 849 1480 909 Eiehfftl.
1497 851 1530 912 Τ.
1540 851 1575 908 ll.
1595 870 1622 924 p.
1634 851 1695 910 79⁰.

70 2117 155 2189 ticis
181 2112 386 2199 calumniis,
411 2117 642 2186 mendacibus
667 2116 978 2202 insectationibus,
1004 2137 1068 2184 ne·
1116 2114 1205 2184 alios
1220 2112 1395 2182 terribiles
1409 2125 1525 2185 motus
1541 2115 1790 2208 imperiorum,
1816 2135 1892 2190 tum
1907 2143 1990 2190 vero
2007 2115 2100 2189 Ger·
2204 2141 2213 2160 ⁸

71 2216 174 2288 fariis
198 2230 234 2286 et
260 2215 407 2286 occultis
426 2217 673 2289 molitionibus
699 2220 786 2288 adeo
812 2218 985 2303 exercuit,
1027 2231 1067 2288 ut
1115 2215 1271 2285 maniam
1292 2214 1443 2306 aspicio,
1470 2215 1509 2286 iu
1532 2241 1600 2310 qua
1623 2231 1664 2289 ut
1680 2220 1719 2288 in
1734 2219 1813 2290 aliis
1829 2219 1990 2310 gentibus
2005 2219 2100 2290 mul·

70 2333 109 2390 et
121 2313 397 2410 Episcopatibus
410 2321 599 2390 excusserit
613 2321 796 2415 quosdam,
820 2333 856 2390 et
869 2320 908 2389 in
921 2319 1064 2391 exilium
1115 2331 1170 2388 tae
1185 2337 1306 2386 saevae
1318 2317 1532 2387 mutationes
1544 2319 1756 2394 acciderunt.
1808 2321 1878 2394 Sed
1894 2321 2099 2416 praecipuae
2138 2377 2142 2388 .

71 2421 195 2514 pulsos
219 2418 385 2510 presserit
413 2419 635 2514 aliquandiu.
691 2421 762 2494 Sed
796 2421 878 2514 quia
911 2421 1065 2513 opprimi
1115 2431 1210 2490 ortae
1225 2413 1531 2489 suutaRomanis
1549 2418 1798 2503 Pontificibus,
1825 2425 1988 2494 videlicet
2005 2421 2099 2493 bella

70 2522 205 2592 veritas
227 2533 261 2590 et
283 2519 487 2592 innocentia
509 2547 584 2593 non
605 2535 739 2616 potest,
771 2536 811 2594 ut
836 2523 989 2592 maxime
1011 2523 1063 2590 la·
1114 2516 1263 2614 Heqriei
1281 2517 1410 2606 Quarti
1430 2533 1464 2590 et
1481 2519 1628 2608 Quinti,
1653 2523 1781 2592 deinde
1797 2522 1968 2593 Eriderici
1985 2522 2097 2594 Primi

69 2625 179 2694 buret
199 2621 476 2714 aliquantisper,
501 2624 582 2694 ideo
604 2627 711 2716 paulo
736 2638 835 2716 post,
860 2624 1063 2694 innocentia
1114 2635 1147 2692 et
1169 2621 1335 2692 Secundi.
1388 2619 1472 2693 Post
1494 2615 1559 2692 hos
1580 2622 1711 2692 bellum
1726 2622 1899 2695 Ludovici
1922 2621 2097 2695 etFride·

68 2723 265 2816 patefacta,
297 2723 453 2801 revocati
475 2736 558 2796 sunt
581 2727 626 2796 ab
643 2726 749 2797 exilio
767 2749 806 2795 ac
825 2725 980 2796 restituti
996 2721 1064 2794 ho·
1112 2723 1178 2792 rici
1199 2720 1389 2795 Austriaci.
1439 2717 1493 2791 Ac
1514 2723 1554 2792 in
1576 2719 1633 2793 his
1654 2724 1864 2796 tumultibus
1886 2749 1960 2797 non
1981 2724 2096 2795 solum

69 2825 231 2896 notifica.
288 2820 385 2893 Haec
407 2850 447 2894 eo
469 2851 725 2914 commemoro,
760 2839 800 2896 ut
826 2827 1063 2897 adolescentes
1112 2823 1212 2912 regni
1236 2821 1438 2892 dilaceratio
1461 2824 1551 2894 lacta
1574 2838 1641 2908 cst,
1666 2837 1701 2894 et
1721 2827 1904 2899 debilitata
1925 2825 2095 2920 potentia,

70 2924 235 3018 exemplo
267 2936 301 2994 et
322 2925 464 2996 iudiciis
483 2940 663 2998 tantorum
695 2929 873 3014 virorum,
910 2951 1061 3020 quorum
1111 2937 1146 2995 et
1168 2923 1307 3014 cognati
1322 2921 1521 3015 Principes,
1545 2938 1587 2996 ut
1602 2923 1745 2996 Cadmei
1767 2927 1891 2998 fratres
1914 2929 2007 2999 inter
2022 2950 2096 2997 sese

70 3025 275 3100 testimonia
297 3040 445 3117 usurpat
470 3023 629 3100 Ecclesia
654 3044 823 3126 tanquam
856 3025 1059 3114 ἀξιόπιστα,
1111 3026 1341 3095 dimicarunt:
1371 3028 1430 3094 sed
1455 3025 1560 3097 etiam
1575 3024 1753 3097 Ecclesiae
1776 3029 1910 3101 deletae
1931 3042 2033 3113 sunt,
2058 3039 2095 3098 et

69 3127 289 3212 confirmati,
331 3141 560 3202 contemnant
592 3131 726 3202 insulsa
760 3131 891 3201 iudicia
923 3131 1061 3222 aliquo·
1110 3129 1242 3198 multae
1263 3125 1341 3217 piae
1360 3143 1494 3199 mentes
1510 3128 1549 3196 in
1567 3129 1823 3200 dubitationem
1843 3131 1931 3201 etin
1948 3131 2094 3200 exitium

68 3255 173 3314 rum,
209 3229 271 3322 qni
288 3228 465 3300 similibus
480 3233 616 3302 artibus
637 3245 673 3304 et
687 3232 825 3324 scriptis
840 3232 955 3304 studia
979 3226 1061 3322 phi·
1111 3228 1366 3321 praecipitatae.
1421 3227 1656 3300 Utilissimum
1678 3244 1729 3301 est
1752 3245 1866 3302 autem
1889 3253 2009 3302 causas
2026 3226 2093 3301 ho-

65 3326 253 3422 losophica
284 3353 382 3402 nunc
411 3347 637 3425 oppugnant,
675 3346 709 3404 et
735 3357 808 3407 sese
838 3335 882 3402 ad
904 3333 1059 3403 studium
1109 3355 1188 3402 rum
1203 3328 1379 3400 bellorum
1394 3330 1636 3411 considerare,
1661 3331 1827 3404 videlicet
1841 3333 1951 3403 furias
1967 3331 2093 3402 Ponti-

64 3432 252 3506 ardentius
274 3432 476 3504 exuscitent.
527 3433 625 3525 Quid
650 3435 745 3506 enim
767 3437 808 3506 lit
830 3429 898 3504 hoc
922 3447 1058 3524 tempo·
1108 3432 1228 3516 ficum,
1255 3430 1316 3522 qui
1333 3443 1373 3499 ut
1390 3449 1487 3500 suam
1505 3432 1784 3501 dominationem
1801 3445 1988 3523 augerent,
2014 3433 2092 3502 lue-
2217 3465 2222 3472 ·

64 3560 103 3606 re
129 3531 188 3604 his
216 3533 411 3604 dissimile?
459 3533 551 3606 Cum
580 3536 700 3630 itaque
720 3537 760 3606 in
788 3558 870 3606 vera
894 3529 1058 3605 Philoso-

65 3633 153 3730 phia
178 3648 214 3705 et
236 3633 396 3704 doctrina
416 3631 595 3708 Ecclesiae
616 3638 788 3728 egregiam
811 3659 956 3706 navasse
972 3659 1056 3726 ope-

64 3763 142 3808 ram
166 3737 437 3826 cognoverimus
466 3731 531 3808 hos
554 3741 674 3811 doctos
705 3753 739 3811 et
761 3734 929 3810 honestos
950 3737 1058 3822 viros,

64 3855 97 3912 et
128 3861 208 3927 spes
229 3839 291 3922 sit,
325 3861 466 3927 operam
490 3863 612 3910 eorcsm
634 3840 854 3931 profuturam
881 3863 954 3908 csse
987 3834 1057 3908 Ec·

63 3942 194 4011 clesiae
225 3951 260 4008 et
282 3935 533 4029 Reipublicae,
571 3942 637 4012 tibi
666 3964 726 4011 eos
755 3942 982 4025 commendo,
1017 3963 1056 4008 ac

63 4057 146 4133 peto
172 4040 314 4127 collegii
336 4042 448 4110 nostri
466 4053 499 4112 et
521 4043 679 4133 ipsorum
697 4043 860 4129 nomine,
882 4041 1055 4132 utpubli-

64 4169 102 4214 ca
138 4141 328 4212 autoritate
357 4143 598 4214 testimonium
626 4145 677 4214 eis
702 4145 884 4215 doctrinae
910 4145 1055 4214 tribuas.

64 4241 144 4314 Hoc
181 4241 351 4312 beneficio
383 4242 480 4334 ipsos
514 4245 580 4315 tibi
610 4245 648 4314 in
686 4259 895 4335 perpetuum
929 4245 1054 4314 devin-

64 4348 145 4416 cies.
223 4339 302 4416 Oro
334 4357 451 4414 autem
480 4345 594 4416 filium
623 4342 712 4427 Dei,
751 4347 949 4417 Dominum
987 4368 1053 4413 no-

64 4459 178 4516 strum
205 4443 322 4515 lesum
348 4440 548 4532 Christum,
578 4446 797 4517 conditorem
824 4446 961 4535 generis
984 4441 1052 4514 hu·

64 4548 162 4616 mani
198 4557 234 4617 et
265 4541 462 4631 Ecclesiae,
500 4560 540 4618 ut
569 4569 706 4639 semper
738 4546 776 4616 in
809 4541 867 4617 his
898 4544 1052 4635 regioni-

65 4647 128 4719 bus
164 4660 199 4717 et
230 4646 323 4716 inter
353 4669 420 4717 nos
445 4658 623 4718 aeternam
655 4649 725 4718 sibi
755 4647 896 4737 colligat
927 4644 1051 4717 Eccle-

65 4747 148 4818 siam
183 4769 269 4816 voce
301 4759 336 4819 et
367 4746 569 4819 Ministerio
602 4744 789 4840 Evangelii
814 4749 887 4832 sui,
925 4763 961 4819 et
986 4770 1051 4817 nos

64 4871 187 4918 omnes
222 4847 326 4920 saciat
357 4871 439 4920 vasa
474 4849 734 4932 misericordiae
766 4863 800 4923 et
832 4873 963 4940 organa
995 4875 1051 4920 sa-

62 4947 203 5022 lutaris.

1108 3546 1193 3602 runt
1209 3543 1243 3601 et
1256 3525 1420 3620 Europae
1437 3545 1471 3601 et
1487 3527 1662 3603 Ecclesiae
1680 3525 1879 3629 ἀλάστορες
1884 3583 1897 3619 ,
1923 3558 2007 3604 nam
2025 3534 2090 3602 de-

1106 3635 1205 3703 tectis
1227 3633 1410 3704 fraudibus
1433 3628 1646 3702 Pontificum
1666 3634 1798 3703 multae
1821 3648 1936 3726 partes
1958 3633 2091 3705 doctri·

1107 3757 1173 3804 nae
1200 3734 1438 3818 illustrantur,
1470 3748 1504 3803 et
1530 3733 1829 3824 praemuniuntur
1850 3737 1965 3807 bonae
1988 3759 2089 3806 men·

1106 3849 1175 3920 tes,
1197 3859 1243 3904 ne
1258 3833 1434 3904 similibus
1448 3835 1628 3904 erroribus
1642 3835 1829 3908 fascinatas
1844 3853 1999 3931 pereant.

1207 3931 1253 4005 Ut
1272 3948 1389 4005 autem
1405 3930 1470 4005 hae
1483 3929 1651 4006 historiae
1664 3936 1867 4011 iunioribus
1876 3953 1980 4012 notae
1990 3939 2095 4023 liant,¹

1104 4037 1249 4128 prodest
1267 4036 1353 4105 alias
1374 4035 1479 4105 aliam
1492 4052 1627 4129 partem
1643 4039 1808 4122 recitare,
1834 4065 1915 4112 cum
1930 4040 2088 4132 integrae

1104 4161 1178 4208 non
1195 4137 1330 4228 possint
1347 4159 1418 4206 uuo
1435 4149 1592 4229 tempore
1607 4140 1747 4232 exponi.
1796 4138 1902 4212 Nunc
1918 4142 2027 4233 igitur
2041 4143 2087 4211 de

1104 4237 1286 4310 Ludovico
1309 4234 1446 4308 Bavaro
1473 4239 1607 4324 dicam,
1641 4241 1685 4310 de
1708 4266 1778 4336 quo
1800 4236 1887 4313 haec
1909 4245 2085 4335 disputata

1104 4353 1198 4410 sunt.
1247 4335 1363 4410 Possit
1384 4362 1430 4408 ne
1449 4361 1523 4410 esse
1539 4338 1754 4433 Imperator,
1780 4343 1842 4436 qui
1864 4343 1931 4416 rite
1953 4346 2086 4420 electus

1103 4454 1153 4512 est
1172 4464 1193 4511 a
1216 4438 1349 4512 Senatu
1366 4435 1589 4526 Electorum,
1613 4443 1684 4513 nisi
1705 4445 1844 4516 accedat
1865 4443 2084 4516 confirmatio

1103 4542 1292 4635 pontificia.
1349 4539 1619 4614 contenderunt
1639 4557 1723 4614 tunc
1747 4542 1952 4633 Pontifices,
1977 4543 2082 4616 Petro

1102 4667 1175 4713 non
1198 4644 1311 4712 solum
1326 4641 1564 4714 ministerium
1575 4639 1763 4736 Evangelii
1778 4647 1982 4717 mandatum
2000 4668 2084 4734 esse,

1101 4745 1160 4814 sed
1178 4742 1283 4814 etiam
1298 4743 1463 4816 traditam
1479 4765 1650 4834 sorqmam
1669 4757 1875 4837 potestatem
1890 4747 2082 4837 politicam,

1100 4867 1166 4914 nec
1180 4866 1380 4938 quenquam
1398 4844 1489 4916 iuste
1504 4859 1624 4917 tenere
1639 4845 1847 4938 imperium,
1870 4846 1940 4918 nisi
1956 4849 2082 4918 adsen-

1100 4946 1208 5017 tiente
1221 4938 1317 5019 Petri
1338 4966 1544 5020 successore.
1593 4944 1691 5020 llaec
1710 4959 1751 5017 ut
1765 4947 1918 5020 indoctis
1935 4973 2080 5042 persua-

1099 5050 1285 5133 derentur,
1304 5047 1423 5118 variae
1438 5048 1642 5138 praestigiae
1655 5046 1834 5119 mentibus
1846 5063 1951 5144 atque
1967 5051 2079 5122 oculis

1098 5142 1285 5218 hominum
1315 5147 1449 5218 offusae
1477 5161 1570 5221 sunt.
1628 5147 1875 5245 Refutationes
1904 5173 2079 5244 opposue-

1098 5262 1183 5319 runt
1210 5248 1279 5319 viri
1302 5248 1417 5334 docti,
1447 5248 1598 5334 Dentes,
1627 5247 1811 5322 Massilius
1833 5250 2023 5322 Patavinus
2043 5263 2078 5321 et

1098 5345 1231 5422 Occam
1245 5348 1402 5442 Anglus,
1427 5349 1491 5444 qui
1506 5347 1760 5446 Heidelbergae
1773 5353 2000 5424 concionatus
2014 5363 2077 5424 est.
