4714 5832
224 241 297 324 tut

224 437 308 484 vere
330 413 509 496 decretum
524 405 612 500 Dei,
638 423 672 480 et
693 409 871 480 exanimo
888 410 1087 490 lactantur,
1113 408 1217 480 nobis

223 515 339 588 stium
354 512 421 584 Dei
445 513 617 580 donatum
636 534 710 582 esse
727 525 761 582 et
778 506 845 581 hac
861 511 968 582 erecti
984 511 1071 596 tide,
1097 513 1216 590 Deum

226 617 408 689 irruerant.

225 919 405 1044 Q

497 1139 581 1222 De
602 1133 836 1252 fermento
862 1146 944 1222 etc.

295 1315 327 1368 ln
342 1313 433 1366 select.
447 1313 526 1370 Decl.
545 1311 578 1366 T.
593 1311 638 1367 lll.
659 1331 684 1382 p.
699 1311 750 1365 453
762 1330 839 1393 app,
868 1311 987 1370 Servcst.
1006 1311 1039 1366 T.
1056 1308 1103 1364 lll.
1123 1329 1147 1379 p.
1159 1307 1219 1361 439.

327 1395 353 1435 et
367 1381 483 1434 Richard
503 1381 536 1434 Τ.
552 1379 598 1431 ΙΙΙ.
619 1381 715 1450 ptos.
753 1379 841 1432 Etram
859 1381 1017 1449 separatimc
1042 1418 1060 1448 „
1070 1377 1167 1430 Oratio
1186 1377 1219 1428 de

327 1450 524 1515 similitudine,
564 1449 592 1502 in
618 1467 670 1518 qua
695 1448 812 1519 dicitur,
844 1448 1022 1518 Evangelinm
1048 1449 1136 1500 sinsile
1162 1465 1219 1498 esse

328 1519 465 1570 termento
489 1520 570 1570 mixto
595 1519 681 1568 tribus
707 1513 811 1570 larinas
829 1519 908 1582 satis,
939 1516 1047 1570 recita
1070 1517 1125 1569 vat.
1145 1519 1216 1568 Tru*

329 1587 425 1656 tagus·
446 1583 559 1639 wius.
579 1585 653 1638 rsss.
673 1581 740 1640 aza
758 1586 795 1656 ρι.

228 1767 357 1836 Oratio
383 1760 429 1832 de
450 1756 643 1853 fermento
660 1764 779 1830 misto
796 1759 917 1832 tribus
932 1756 1094 1853 farinae
1111 1764 1219 1831 satis.

225 1919 314 2004 Nisi
333 1941 427 1998 certo
446 1927 614 1996 sciremus
629 1919 721 1992 hanc
738 1948 984 1994 aerumnosam
1001 1927 1128 2005 vitam,
1154 1927 1219 1995 iter

226 2055 298 2101 esse
320 2033 365 2098 ad
386 2027 626 2098 dulcissimam
649 2025 806 2095 coelestis
827 2023 1006 2096 Ecclesiae
1029 2039 1218 2096 consuetu-

224 2134 365 2213 dinem,
391 2131 428 2197 in
444 2153 513 2220 qua
528 2123 623 2196 Deus
638 2149 712 2194 sese
726 2128 831 2195 nohis
845 2127 962 2217 palam
978 2131 1157 2208 ostendet,
1186 2141 1219 2198 et

225 2257 324 2304 suam
351 2232 484 2312 lucem,
509 2227 738 2319 sapientiam,
764 2227 958 2313 iusticiam,
984 2229 1156 2297 laeticiam
1179 2229 1216 2296 in

137 2407 143 2418 ,
226 2348 299 2404 tota
320 2330 526 2400 aeternitate
549 2328 842 2409 communicabit,
868 2331 947 2420 quis
965 2331 1137 2400 sustinere
1153 2333 1217 2399 do-

224 2437 319 2504 lores
348 2446 382 2501 et
404 2454 533 2519 agonas
557 2423 663 2496 buius
686 2429 777 2496 vitae
799 2431 1077 2499 innumerabiles
1100 2447 1217 2522 posset

225 2550 287 2606 ant
316 2531 442 2602 vellet?
501 2529 572 2601 Sed
603 2531 805 2599 intueamur
834 2531 937 2599 illum
969 2545 1131 2624 portum,
1172 2535 1216 2602 ad

225 2660 329 2730 quem
350 2633 565 2712 accedimus,
591 2629 699 2698 simul
721 2631 827 2698 etiam
849 2632 1000 2702 sciamus
1017 2657 1081 2701 nos
1097 2633 1135 2700 in
1150 2628 1216 2703 hac

223 2738 327 2819 navi,
360 2758 450 2828 quae
480 2730 692 2800 saevissimis
719 2729 862 2801 llatibus
881 2733 1049 2822 agitatur,
1082 2759 1215 2826 nequa-

224 2861 331 2931 quam
353 2835 448 2904 solos
470 2846 504 2902 et
524 2832 599 2900 siue
623 2831 756 2900 araxilio
782 2857 862 2903 esse.
914 2833 1062 2925 Semper
1085 2836 1216 2904 assidet

224 2939 270 3006 acl
294 2935 433 3006 clavum
457 2929 647 3020 bliusDci,
674 2947 790 3003 custos
804 2931 955 3004 humani
970 2936 1125 3022 generis,
1154 2937 1215 3028 qui

225 3052 389 3108 naturam
425 3027 618 3103 humanam
651 3035 858 3125 assumpsit,
900 3060 945 3103 ue
977 3031 1064 3104 haec
1095 3049 1214 3105 nostra

224 3163 337 3209 massa
353 3137 514 3207 [unditus
529 3135 672 3226 periret.
724 3131 793 3204 Hic
809 3137 970 3226 protegit,
997 3149 1119 3219 armat,
1146 3138 1214 3204 eri-

224 3241 294 3330 git,
328 3249 517 3316 sustentat,
549 3235 694 3304 adiuvat
721 3260 806 3320 nos,
842 3261 886 3303 ne
915 3232 980 3306 hac
1004 3251 1100 3306 tanta
1122 3239 1215 3307 mole

224 3342 447 3412 miseriarum
471 3337 628 3429 oppressi
650 3337 905 3426 extinguamur.
960 3335 1123 3406 Vivimus
1148 3339 1214 3427 igi-

225 3457 302 3524 tur,
327 3467 400 3510 uon
420 3453 461 3509 ut
482 3431 703 3534 φιλόψυχοι,
732 3439 814 3532 quia
838 3437 908 3508 vita
930 3463 993 3528 per
1009 3463 1083 3507 sese
1101 3441 1215 3509 dulcis

224 3546 288 3628 sit',
314 3556 374 3614 aut
399 3541 443 3610 sit
463 3540 568 3631 plena
585 3540 824 3627 voluptatum:
853 3543 911 3606 sed
930 3555 971 3609 ut
984 3539 1060 3609 Deo
1078 3542 1214 3608 obtem-

223 3667 403 3736 peremus,
431 3655 465 3711 et
478 3641 559 3710 freti
574 3640 788 3731 opitulatore
801 3640 874 3708 filio
889 3637 973 3724 Dei,
999 3642 1138 3709 labores
1152 3644 1215 3710 ad-

226 3746 365 3824 siduos,
393 3767 512 3820 curas,
536 3741 677 3810 dolores
695 3741 731 3808 in
753 3741 925 3826 ecclesiis,
948 3743 986 3810 in
1001 3737 1149 3826 scholis,
1175 3743 1214 3809 in

225 3847 367 3928 castris,
393 3843 431 3912 in
453 3843 572 3924 cirria,
593 3845 635 3909 'et
651 3840 688 3908 in
704 3841 909 3910 oeconomia
924 3845 1155 3926 sustinemus,
1181 3858 1215 3912 et

223 3947 322 4015 illam
347 3968 462 4014 arcem
483 3955 663 4014 aeternam
686 3939 753 4011 hoc
774 3966 984 4012 aerumnoso
1002 3967 1107 4014 cursu
1123 3944 1213 4036 peti-

221 4070 312 4116 mus.
364 4043 460 4114 Haec
483 4047 527 4113 de
550 4043 696 4112 vivendi
719 4045 833 4112 causis
855 4045 1025 4126 miseriis,
1053 4058 1088 4115 et
1113 4047 1213 4114 auxi-

220 4147 297 4234 liis,
321 4145 461 4215 assidue
481 4145 666 4234 cogitanda
683 4159 784 4229 sunt,
811 4157 850 4214 ut
865 4147 1120 4216 confirmentur
1136 4147 1213 4215 aui-

220 4250 289 4332 mi,
324 4272 369 4316 ne
401 4245 538 4315 labores
561 4249 774 4316 necessarios
797 4247 996 4337 defugiant,
1030 4261 1093 4318 aut
1114 4249 1212 4318 dese-

221 4362 312 4422 rant.
365 4346 468 4418 Hauc
492 4349 864 4417 commonefactionem
891 4373 958 4418 vox
974 4350 1094 4418 divina
1112 4371 1213 4443 saepe

221 4451 406 4544 proponit,
432 4449 531 4518 iubet
551 4447 709 4536 singulos
734 4451 846 4519 lacere
868 4451 925 4519 sui
948 4451 1055 4519 officii
1077 4475 1211 4540 operas,

222 4567 256 4622 et
272 4565 389 4644 petere
401 4562 436 4620 et
452 4564 633 4641 expectare
648 4549 788 4619 loelices
806 4565 951 4622 eventus
967 4549 1082 4622 aDeo.
1117 4551 1212 4622 Sub-

222 4651 317 4723 ditus
333 4667 405 4722 esto
424 4649 521 4735 Deo,
547 4651 664 4744 inquit
680 4649 860 4732 Psalmus,
884 4667 917 4722 et
931 4677 993 4721 ora
1010 4678 1102 4724 eum.

253 4803 255 4808 .
324 4745 402 4822 Etsi
418 4753 526 4840 igitur
540 4745 637 4822 hunc
652 4767 813 4822 nostrum
829 4755 987 4824 laborem
1002 4753 1040 4823 iu
1051 4756 1211 4823 docendo

222 4864 255 4922 et
286 4851 477 4936 discendo,
509 4865 544 4922 et
574 4866 684 4923 totam
714 4855 959 4924 doctrinarum
988 4855 1212 4946 propagatio-

220 4977 323 5038 nem,
356 4953 570 5023 comitantur
598 4954 731 5026 multae
754 4979 808 5025 res
831 4955 1019 5036 molestae,
1053 4970 1212 5026 contem-

219 5066 319 5148 ptus,
352 5055 453 5138 odia,
485 5071 688 5148 paupertas,
723 5057 880 5145 ingentia
910 5059 1121 5134 certamina,
1155 5083 1211 5128 ca-

220 5155 394 5240 lumniae,
433 5155 669 5246 ingratitudo,
707 5157 831 5242 exilia,
869 5157 1066 5254 supplicia,
1093 5172 1211 5228 tamen

220 5257 303 5352 qula
328 5257 458 5327 scimus
481 5253 599 5328 Deum
622 5257 842 5328 severissime
864 5259 1066 5352 praecipere
1089 5279 1124 5330 et
1146 5263 1212 5327 do-

217 5359 321 5432 cendi
332 5374 370 5431 et
386 5355 549 5429 discendi
565 5357 746 5444 laborem,
771 5355 863 5431 banc
875 5359 1040 5431 militiam
1056 5386 1130 5431 non
1147 5361 1210 5430 de-

740 285 750 292 .
869 233 1035 312 ouen
1067 233 1142 310 nn
1175 187 1622 324 rsaus'urom

2187 245 2261 318 108

1268 408 1435 495 serimus,
1457 433 1523 478 nec
1536 409 1723 480 obiicimus
1736 404 1843 480 huius
1857 413 1971 483 nostri
1987 413 2147 484 muneris
2162 438 2264 485 exer·

1270 509 1351 582 citia
1376 525 1410 580 et
1432 533 1565 602 operas.
1624 504 1781 580 Oramus
1803 527 1920 583 autem
1945 513 2059 584 filium
2085 516 2174 599 Dei,
2200 517 2263 610 qui

1270 627 1323 683 cst
1337 605 1445 712 λόγος
1458 611 1593 682 aeterni
1610 613 1737 703 patris,
1764 626 1804 683 ut
1820 614 1895 707 ipse
1912 609 2005 684 hanc
2022 611 2177 714 λογικὴν
2197 621 2263 688 λα-

1269 707 1395 808 τρείαν
1417 714 1591 803 gubernet
1607 727 1641 784 et
1657 714 1810 783 adiuvet.
1861 715 2055 806 vigilantia
2071 731 2105 788 et
2121 719 2264 810 sapien-

1270 816 1319 886 tia
1340 809 1496 884 humana
1519 839 1594 884 non
1617 828 1669 884 est
1684 836 1748 905 par
1761 817 1891 887 nostris
1908 831 1943 887 et
1958 817 2124 909 periculis
2140 835 2174 890 et
2188 844 2265 890 cer-

1271 915 1476 986 taminibus.
1527 914 1619 986 Nam
1640 929 1675 985 et
1694 929 1821 986 natura
1842 917 1944 988 facile
1968 919 2188 1008 languebunt
2207 922 2265 991 in·

1271 1018 1393 1106 genia,
1420 1031 1454 1086 ct
1474 1013 1608 1088 diaboli
1631 1017 1876 1110 multipliciter
1898 1019 2114 1094 insidiantur
2130 1023 2264 1092 docen-

1271 1120 1367 1190 tibus
1390 1133 1424 1188 et
1444 1119 1679 1202 discentibus,
1705 1132 1745 1188 ut
1765 1121 1928 1190 omnium
1950 1120 2149 1191 seculorum
2175 1119 2264 1193 hor-

1273 1220 1393 1288 ribilia
1413 1221 1568 1310 exempla
1592 1221 1797 1289 ostendunt.
1849 1219 1951 1310 Quae
1967 1223 2063 1291 enim
2081 1237 2176 1294 aetas
2196 1225 2264 1295 suit

1272 1322 1349 1390 sine
1362 1321 1572 1390 monstrosis
1582 1320 1836 1411 opinionibus?
1860 1322 2161 1394 sinecalumniis'?
2187 1326 2264 1393 sine

1272 1418 1535 1516 sycophantiis?
1559 1421 1876 1514 sinecorruptelis?
1903 1424 2165 1494 sinedissidiis?
2189 1421 2264 1496 Ex-

1273 1537 1349 1593 tant
1363 1524 1448 1593 libri
1463 1537 1566 1594 tcstes
1581 1525 1627 1592 de
1642 1536 1715 1594 tota
1730 1522 1949 1616 antiquitate.
2001 1524 2073 1595 Sed
2090 1540 2208 1596 tamen
2226 1527 2264 1595 in

1271 1621 1428 1694 Ecclesia
1443 1625 1535 1694 filius
1545 1615 1613 1692 Dei
1628 1648 1702 1692 non
1718 1623 1804 1694 sinit
1819 1625 1960 1716 penitus
1973 1625 2129 1718 extingui
2147 1627 2264 1696 lucem

1273 1727 1448 1806 veritatis,
1475 1740 1509 1797 et
1525 1749 1605 1794 cum
1622 1723 1669 1795 sit
1685 1719 1794 1823 λόγος
1808 1727 1942 1795 aeterni
1959 1729 2089 1816 patris,
2116 1753 2199 1798 vere
2216 1745 2266 1798 est

1272 1827 1391 1896 efficax
1417 1851 1501 1896 voce
1525 1849 1607 1895 suae
1629 1828 1829 1908 doctrinae,
1854 1841 1889 1896 ct
1909 1827 2111 1921 aliquorum
2126 1842 2264 1900 mentes
2340 1885 2341 1892 ι

1272 1930 1374 1997 docet
1392 1940 1426 1995 et
1444 1927 1649 2010 confirmat,
1675 1951 1720 1996 ue
1735 1951 1755 1996 a
1772 1927 1920 1998 veritate
1936 1929 2110 1997 aberrent.
2164 1927 2266 2000 Sicut
2340 1967 2341 1970 ¹

1272 2043 1305 2097 ct
1329 2041 1505 2120 precatur:
1529 2023 1715 2097 sanctifica
1730 2051 1789 2096 eos
1804 2028 1842 2095 in
1859 2028 2025 2114 veritate,
2050 2052 2166 2096 sermo
2184 2043 2266 2099 tuus

1273 2143 1324 2198 est
1342 2129 1480 2200 veritas.
1533 2123 1581 2196 Et
1597 2123 1684 2195 haec
1699 2129 1824 2197 ultima
1843 2143 1877 2198 et
1894 2129 2006 2198 delira
2023 2129 2150 2198 mundi
2169 2144 2265 2199 actas
2340 2153 2341 2202 3

1271 2255 1312 2298 eo
1338 2230 1416 2318 plus
1439 2225 1586 2297 habebit
1607 2251 1791 2311 errorum,
1818 2230 1900 2322 quia
1925 2229 2095 2321 paulatim
2110 2232 2266 2300 maiores

1272 2331 1356 2399 frent
1378 2325 1661 2399 etEcclesiarum
1682 2343 1717 2399 et
1736 2329 2265 2421 imperiorumdilacerationes.

1270 2429 1318 2501 Et
1339 2445 1495 2499 crescent
1512 2430 1614 2513 odia,
1638 2444 1671 2498 et
1686 2431 1798 2500 furiae
1814 2431 2084 2501 ambitiosorum
2099 2431 2266 2521 ingenio·

1271 2556 1350 2601 rum
1374 2531 1568 2622 impedient
1589 2530 1770 2600 saniorum
1792 2531 1969 2626 colloquia
1985 2546 2019 2602 ct
2033 2533 2264 2614 deliberatio·
2340 2553 2341 2628 ξ

1271 2659 1344 2703 nes.
1401 2631 1640 2721 intelligamus
1654 2632 1763 2720 igitur
1777 2633 1952 2723 pericula,
1978 2651 2011 2702 et
2027 2633 2166 2703 assidue
2182 2659 2263 2728 pre-

1270 2759 1392 2803 cemur
1413 2733 1524 2802 filium
1543 2733 1612 2802 Dei
1629 2731 1821 2802 Dominum
1841 2748 2002 2803 nostrum
2022 2729 2137 2802 lesum
2156 2731 2262 2808 Chri.

1270 2849 1382 2914 stum,
1422 2849 1463 2902 ut
1493 2858 1559 2902 nos
1589 2847 1624 2902 et
1650 2836 1822 2921 gubernet
1848 2847 1883 2904 et
1904 2834 2105 2919 confirmet,
2146 2841 2262 2907 acab

1269 2937 1346 3027 ipso
1362 2937 1578 3006 aberremus.
2029 2985 2038 3004 .

1371 3033 1468 3104 llaec
1484 3033 1630 3126 praelati
1645 3057 1765 3103 sumus
1780 3037 1824 3103 de
1839 3028 2054 3106 scholasticis
2065 3035 2262 3118 laboribus,
2340 3013 2341 3080 3

1269 3150 1310 3205 ut
1327 3153 1360 3206 et
1375 3137 1535 3204 discendi
1552 3149 1585 3205 et
1603 3137 1769 3225 precandi
1786 3161 1869 3205 cura
1885 3137 2107 3210 ersrscitetur.
2156 3137 2262 3209 Nunc
2340 3167 2341 3232 j

1270 3238 1349 3330 quia
1374 3237 1410 3304 iu
1435 3232 1489 3305 his
1515 3232 1672 3305 honestis
1688 3239 1932 3326 congressibus
1947 3240 2048 3306 decet
2062 3239 2200 3330 aliquid
2219 3245 2261 3310 de
2340 3249 2341 3324 g

1270 3354 1367 3430 parte
1387 3339 1506 3433 aliqua
1527 3338 1710 3408 doctrinae
1730 3342 1773 3406 ad
1797 3339 1954 3406 iuniores
1972 3339 2188 3409 crudiendos
2206 3344 2262 3411 di·

1268 3464 1364 3523 cere,
1389 3463 1525 3508 sumam
1550 3453 1796 3527 argumentum
1823 3463 1896 3508 nou
1921 3440 2078 3510 alienum
2102 3465 2121 3508 a
2147 3445 2262 3511 medi·
2340 3463 2341 3480 ¹

1269 3565 1390 3609 corum
1416 3539 1589 3608 doctrina.
1641 3535 1760 3627 Pingit
1775 3539 1951 3610 Dominus
1975 3542 2113 3633 aliquot
2134 3543 2261 3632 imagi-

1268 3664 1330 3708 nes
1354 3637 1550 3725 Ecclesiae,
1583 3664 1733 3732 quarum
1754 3665 1826 3708 una
1850 3635 1936 3710 haec
1959 3657 2028 3713 estc
2060 3643 2123 3713 Ait
2145 3645 2262 3715 simile

1268 3766 1341 3810 esse
1376 3764 1523 3830 regnum
1554 3740 1735 3809 coelorum
1765 3744 1959 3827 fermento,
2002 3747 2100 3835 quod
2132 3747 2263 3816 mulier

1269 3844 1390 3912 miscet
1412 3842 1524 3911 tribus
1547 3843 1681 3910 farinae
1703 3843 1803 3928 satis,
1829 3843 1942 3914 donec
1966 3858 2078 3916 totum
2102 3847 2263 3917 fermcn·
2340 3879 2341 3944 ι

1268 3957 1373 4017 tetur.
1432 3939 1557 4011 Brevis
1587 3943 1743 4013 narratio
1768 3958 1837 4030 est,
1870 3947 1932 4012 sed
1957 3946 2071 4015 dulcis
2095 3950 2263 4020 conside·

1266 4047 1381 4129 tanti,
1407 4044 1489 4137 quia
1510 4043 1623 4113 multa
1645 4045 1746 4113 docet
1769 4047 1813 4114 de
1839 4046 2037 4117 ministerio
2061 4043 2262 4139 Evangelii,
2340 4065 2341 4136 ἢ

1267 4149 1311 4215 de
1335 4146 1542 4216 collectione
1556 4141 1755 4230 Ecclesiae,
1781 4150 1825 4214 de
1842 4148 2071 4218 renovatione
2089 4145 2260 4235 bominis,

1267 4249 1310 4318 de
1334 4245 1559 4318 restitutione
1582 4246 1740 4316 iusticiae
1757 4262 1790 4317 et
1805 4248 1898 4318 vitae
1915 4262 2087 4318 aeternae·
2139 4247 2261 4324 Huius

1267 4351 1449 4421 doctrinae
1470 4349 1704 4418 consideratio
1725 4351 1837 4418 bonas
1862 4364 1997 4421 mentes
2020 4364 2054 4420 et
2074 4352 2261 4426 confirmat

1266 4465 1300 4521 et
1322 4451 1536 4522 consolatur.
1586 4449 1658 4519 Nos
1681 4464 1774 4520 certe
1790 4453 1829 4518 in
1846 4446 1977 4522 scholis
1993 4453 2117 4522 talium
2135 4479 2259 4525 narra-

1266 4554 1403 4623 tionum
1427 4552 1597 4620 vocabula
1622 4552 1823 4622 iunioribus
1838 4554 2063 4646 interpretari
2078 4557 2260 4630 debemus.

1265 4652 1440 4732 Primum¹
1457 4654 1566 4740 igitur
1595 4655 1639 4721 de
1665 4653 1849 4724 vocabulis
1873 4656 2004 4725 dicam:
2038 4653 2164 4726 Satura
2188 4655 2259 4730 boc

1264 4755 1344 4824 loco
1367 4779 1435 4824 vox
1457 4749 1575 4823 Ebrca
1598 4767 1667 4844 est,
1695 4779 1895 4825 mensuram
1919 4757 2140 4847 significans,
2166 4785 2259 4854 quae

1266 4869 1317 4924 est
1334 4856 1435 4925 tertia
1452 4879 1533 4947 pars
1545 4856 1736 4940 medimni,
1763 4871 1867 4928 erunt
1883 4858 1992 4948 igitur
2007 4859 2077 4929 tria
2091 4861 2164 4930 sa'ta
2182 4888 2257 4933 me·

1265 4958 1409 5028 ditonus
1433 4956 1580 5045 integer.
1638 4953 1688 5026 Ut
1712 4971 1829 5027 autem
1852 4963 1950 5030 velut
1973 4962 2020 5029 ob
2044 4959 2169 5031 oculos
2190 4989 2258 5055 po-

1265 5055 1348 5127 na'm
1376 5074 1559 5127 mensurae
1587 5057 1889 5146 magnitudinem,
1925 5062 2127 5132 medimnus
2159 5061 2256 5136 Asti-

1265 5183 1326 5230 cus
1348 5162 1604 5252 propemodum
1628 5161 1791 5249 congruit
1807 5186 1886 5231 cum
1902 5161 2045 5254 Lipsico
2060 5165 2257 5250 medimno,

1264 5284 1371 5354 quem
1394 5261 1582 5331 nominant
1598 5259 1739 5352 Lipsiae
1758 5262 1808 5332 ets
1830 5261 1992 5357 &dtdfftb
2024 5265 2061 5336 id
2084 5267 2191 5338 etiam
2214 5295 2253 5339 cx

1263 5363 1373 5434 veteri
1390 5363 1509 5455 precio
1525 5361 1676 5450 intelligi
1695 5378 1817 5455 potest.
1868 5361 1956 5437 Erat
1971 5369 2065 5437 enim
2082 5367 2156 5460 lege
2174 5395 2254 5464 prc-
