<?xml version="1.0" encoding="UTF-8"?>
<!DOCTYPE html PUBLIC "-//W3C//DTD XHTML 1.0 Transitional//EN"
    "http://www.w3.org/TR/xhtml1/DTD/xhtml1-transitional.dtd">
<html xmlns="http://www.w3.org/1999/xhtml" xml:lang="en" lang="en">
 <head>
  <title>
</title>
<meta http-equiv="Content-Type" content="text/html;charset=utf-8" />
  <meta name='ocr-system' content='tesseract 3.04.00' />
  <meta name='ocr-capabilities' content='ocr_page ocr_carea ocr_par ocr_line ocrx_word'/>
</head>
<body>
  <div class='ocr_page' id='page_1' title='image "./corpusreformato13melagoog_0406.png"; bbox 0 0 4604 5804; ppageno 0'>
   <div class='ocr_carea' id='block_1_1' title="bbox 104 282 2137 399">
    <p class='ocr_par' dir='ltr' id='par_1_1' title="bbox 104 282 2137 399">
     <span class='ocr_line' id='line_1_1' title="bbox 104 282 2137 399; baseline 0.028 -58"><span class='ocrx_word' id='word_1_1' title='bbox 104 287 184 365; x_wconf 63' lang='grc' dir='ltr'><strong>,ω</strong></span> <span class='ocrx_word' id='word_1_2' title='bbox 786 287 815 362; x_wconf 90' lang='lat'><strong>1.</strong></span> <span class='ocrx_word' id='word_1_3' title='bbox 868 282 1163 368; x_wconf 72' lang='lat' dir='ltr'><strong>canonicos</strong></span> <span class='ocrx_word' id='word_1_4' title='bbox 1194 285 1442 368; x_wconf 81' lang='lat' dir='ltr'><strong>canroms.</strong></span> <span class='ocrx_word' id='word_1_5' title='bbox 2061 321 2137 399; x_wconf 82' lang='lat' dir='ltr'><strong>ero</strong></span> 
     </span>
    </p>
   </div>
   <div class='ocr_carea' id='block_1_2' title="bbox 1 455 2132 2694">
    <p class='ocr_par' dir='ltr' id='par_1_2' title="bbox 1 455 2132 2694">
     <span class='ocr_line' id='line_1_2' title="bbox 102 455 2132 568; baseline 0.013 -36"><span class='ocrx_word' id='word_1_6' title='bbox 102 461 176 532; x_wconf 89' lang='lat' dir='ltr'><strong>bus</strong></span> <span class='ocrx_word' id='word_1_7' title='bbox 197 471 232 533; x_wconf 90' lang='lat' dir='ltr'><strong>et</strong></span> <span class='ocrx_word' id='word_1_8' title='bbox 246 455 383 532; x_wconf 86' lang='lat' dir='ltr'><strong>ultimis</strong></span> <span class='ocrx_word' id='word_1_9' title='bbox 399 459 523 552; x_wconf 88' lang='lat' dir='ltr'><strong>poenis</strong></span> <span class='ocrx_word' id='word_1_10' title='bbox 539 458 792 552; x_wconf 87' lang='lat' dir='ltr'><strong>opprimuntur</strong></span> <span class='ocrx_word' id='word_1_11' title='bbox 807 458 850 540; x_wconf 89' lang='lat' dir='ltr'><strong>ii,</strong></span> <span class='ocrx_word' id='word_1_12' title='bbox 877 461 940 554; x_wconf 88' lang='lat' dir='ltr'><strong>qui</strong></span> <span class='ocrx_word' id='word_1_13' title='bbox 962 459 1091 536; x_wconf 81' lang='lat' dir='ltr'><strong>iniusta</strong></span> <span class='ocrx_word' id='word_1_14' title='bbox 1141 485 1223 532; x_wconf 90' lang='lat' dir='ltr'><strong>cum</strong></span> <span class='ocrx_word' id='word_1_15' title='bbox 1238 457 1295 533; x_wconf 89' lang='lat' dir='ltr'><strong>his</strong></span> <span class='ocrx_word' id='word_1_16' title='bbox 1311 463 1406 536; x_wconf 87' lang='lat' dir='ltr'><strong>bona</strong></span> <span class='ocrx_word' id='word_1_17' title='bbox 1424 464 1692 560; x_wconf 89' lang='lat' dir='ltr'><strong>damnatorum,</strong></span> <span class='ocrx_word' id='word_1_18' title='bbox 1713 483 1749 546; x_wconf 91' lang='lat' dir='ltr'><strong>et</strong></span> <span class='ocrx_word' id='word_1_19' title='bbox 1764 477 1958 554; x_wconf 87' lang='lat' dir='ltr'><strong>multorum</strong></span> <span class='ocrx_word' id='word_1_20' title='bbox 1981 485 2132 568; x_wconf 80' lang='lat' dir='ltr'><strong>aliorum</strong></span> 
     </span>
     <span class='ocr_line' id='line_1_3' title="bbox 99 561 1398 652; baseline 0.005 -20"><span class='ocrx_word' id='word_1_21' title='bbox 99 561 430 648; x_wconf 70' lang='lat' dir='ltr'><strong>bellomontem,</strong></span> <span class='ocrx_word' id='word_1_22' title='bbox 455 585 514 634; x_wconf 81' lang='lat' dir='ltr'><strong>eeu</strong></span> <span class='ocrx_word' id='word_1_23' title='bbox 537 562 621 632; x_wconf 91' lang='lat' dir='ltr'><strong>odio</strong></span> <span class='ocrx_word' id='word_1_24' title='bbox 646 583 707 632; x_wconf 89' lang='lat' dir='ltr'><strong>seu</strong></span> <span class='ocrx_word' id='word_1_25' title='bbox 732 561 924 652; x_wconf 87' lang='lat' dir='ltr'><strong>cupiditate</strong></span> <span class='ocrx_word' id='word_1_26' title='bbox 948 563 1092 634; x_wconf 89' lang='lat' dir='ltr'><strong>maioris</strong></span> <span class='ocrx_word' id='word_1_27' title='bbox 1143 564 1398 652; x_wconf 76' lang='lat' dir='ltr'><strong>partiebantur.</strong></span> 
     </span>
     <span class='ocr_line' id='line_1_4' title="bbox 96 659 2128 787; baseline 0.014 -56"><span class='ocrx_word' id='word_1_28' title='bbox 96 660 292 755; x_wconf 86' lang='lat' dir='ltr'><strong>potentiae.</strong></span> <span class='ocrx_word' id='word_1_29' title='bbox 325 660 472 734; x_wconf 80' lang='lat' dir='ltr'>Initium</span> <span class='ocrx_word' id='word_1_30' title='bbox 488 659 594 735; x_wconf 85' lang='lat' dir='ltr'><strong>huius</strong></span> <span class='ocrx_word' id='word_1_31' title='bbox 609 661 695 732; x_wconf 91' lang='lat' dir='ltr'><strong>belli</strong></span> <span class='ocrx_word' id='word_1_32' title='bbox 709 662 777 732; x_wconf 80' lang='lat' dir='ltr'><strong>tuit</strong></span> <span class='ocrx_word' id='word_1_33' title='bbox 791 675 909 732; x_wconf 89' lang='lat' dir='ltr'><strong>ortum</strong></span> <span class='ocrx_word' id='word_1_34' title='bbox 923 663 969 732; x_wconf 92' lang='lat' dir='ltr'><strong>ab</strong></span> <span class='ocrx_word' id='word_1_35' title='bbox 979 659 1092 734; x_wconf 90' lang='lat' dir='ltr'><strong>Athe-</strong></span> <span class='ocrx_word' id='word_1_36' title='bbox 1242 661 1330 766; x_wconf 70' lang='lat' dir='ltr'><strong>lllrat</strong></span> <span class='ocrx_word' id='word_1_37' title='bbox 1355 666 1449 739; x_wconf 89' lang='lat' dir='ltr'><strong>inter</strong></span> <span class='ocrx_word' id='word_1_38' title='bbox 1473 663 1538 740; x_wconf 87' lang='lat' dir='ltr'><strong>hos</strong></span> <span class='ocrx_word' id='word_1_39' title='bbox 1561 672 1705 763; x_wconf 89' lang='lat' dir='ltr'><strong>triginta</strong></span> <span class='ocrx_word' id='word_1_40' title='bbox 1719 669 1984 776; x_wconf 79' lang='lat' dir='ltr'><em>Theramenes,</em></span> <span class='ocrx_word' id='word_1_41' title='bbox 2011 695 2073 787; x_wconf 84' lang='lat' dir='ltr'><strong>qui</strong></span> <span class='ocrx_word' id='word_1_42' title='bbox 2088 713 2128 770; x_wconf 81' lang='lat' dir='ltr'><strong>ut</strong></span> 
     </span>
     <span class='ocr_line' id='line_1_5' title="bbox 96 761 2115 874; baseline 0.016 -40"><span class='ocrx_word' id='word_1_43' title='bbox 96 763 306 849; x_wconf 82' lang='lat' dir='ltr'><strong>nienribur,</strong></span> <span class='ocrx_word' id='word_1_44' title='bbox 331 764 395 857; x_wconf 83' lang='lat' dir='ltr'><strong>qrri</strong></span> <span class='ocrx_word' id='word_1_45' title='bbox 417 764 594 836; x_wconf 86' lang='lat' dir='ltr'><strong>adiunctis</strong></span> <span class='ocrx_word' id='word_1_46' title='bbox 607 761 792 856; x_wconf 89' lang='lat' dir='ltr'><strong>Corcyreis</strong></span> <span class='ocrx_word' id='word_1_47' title='bbox 813 764 1008 854; x_wconf 88' lang='lat' dir='ltr'><strong>potentiam</strong></span> <span class='ocrx_word' id='word_1_48' title='bbox 1024 788 1088 836; x_wconf 91' lang='lat' dir='ltr'><strong>au·</strong></span> <span class='ocrx_word' id='word_1_49' title='bbox 1141 776 1216 835; x_wconf 89' lang='lat' dir='ltr'><strong>erat</strong></span> <span class='ocrx_word' id='word_1_50' title='bbox 1230 779 1377 853; x_wconf 88' lang='lat' dir='ltr'><strong>astutos,</strong></span> <span class='ocrx_word' id='word_1_51' title='bbox 1404 782 1551 843; x_wconf 88' lang='lat' dir='ltr'><strong>etautea</strong></span> <span class='ocrx_word' id='word_1_52' title='bbox 1566 777 1781 850; x_wconf 78' lang='lat' dir='ltr'><strong>mutationes</strong></span> <span class='ocrx_word' id='word_1_53' title='bbox 1794 787 1965 874; x_wconf 88' lang='lat' dir='ltr'><strong>quasdam</strong></span> <span class='ocrx_word' id='word_1_54' title='bbox 1980 813 2115 871; x_wconf 83' lang='lat' dir='ltr'><strong>rexerat</strong></span> 
     </span>
     <span class='ocr_line' id='line_1_6' title="bbox 95 854 2127 972; baseline 0.017 -40"><span class='ocrx_word' id='word_1_55' title='bbox 95 887 182 954; x_wconf 89' lang='lat' dir='ltr'><strong>gere</strong></span> <span class='ocrx_word' id='word_1_56' title='bbox 213 864 455 947; x_wconf 86' lang='lat' dir='ltr'><strong>conabantur,</strong></span> <span class='ocrx_word' id='word_1_57' title='bbox 491 877 525 934; x_wconf 92' lang='lat' dir='ltr'><strong>et</strong></span> <span class='ocrx_word' id='word_1_58' title='bbox 553 863 851 936; x_wconf 87' lang='lat' dir='ltr'><strong>Lacedaemonios</strong></span> <span class='ocrx_word' id='word_1_59' title='bbox 883 878 1089 937; x_wconf 87' lang='lat' dir='ltr'><strong>contemne·</strong></span> <span class='ocrx_word' id='word_1_60' title='bbox 1140 878 1175 936; x_wconf 91' lang='lat' dir='ltr'><strong>et</strong></span> <span class='ocrx_word' id='word_1_61' title='bbox 1187 879 1262 938; x_wconf 88' lang='lat' dir='ltr'><strong>arte</strong></span> <span class='ocrx_word' id='word_1_62' title='bbox 1277 868 1471 940; x_wconf 88' lang='lat' dir='ltr'><strong>deduxerat</strong></span> <span class='ocrx_word' id='word_1_63' title='bbox 1486 895 1560 942; x_wconf 89' lang='lat' dir='ltr'><strong>rem</strong></span> <span class='ocrx_word' id='word_1_64' title='bbox 1576 877 1622 946; x_wconf 91' lang='lat' dir='ltr'><strong>ad</strong></span> <span class='ocrx_word' id='word_1_65' title='bbox 1634 878 1872 972; x_wconf 89' lang='lat' dir='ltr'><strong>deditionem,</strong></span> <span class='ocrx_word' id='word_1_66' title='bbox 1891 903 1931 960; x_wconf 90' lang='lat' dir='ltr'><strong>ut</strong></span> <span class='ocrx_word' id='word_1_67' title='bbox 1947 895 2033 965; x_wconf 90' lang='lat' dir='ltr'><strong>urbs</strong></span> <span class='ocrx_word' id='word_1_68' title='bbox 2050 854 2127 970; x_wconf 50' lang='lat' dir='ltr'><strong>ser-²</strong></span> 
     </span>
     <span class='ocr_line' id='line_1_7' title="bbox 94 960 2124 1088; baseline 0.017 -52"><span class='ocrx_word' id='word_1_69' title='bbox 94 967 200 1036; x_wconf 86' lang='lat' dir='ltr'><strong>bant.</strong></span> <span class='ocrx_word' id='word_1_70' title='bbox 252 960 408 1036; x_wconf 87' lang='lat' dir='ltr'><strong>Accessit</strong></span> <span class='ocrx_word' id='word_1_71' title='bbox 423 978 457 1036; x_wconf 92' lang='lat' dir='ltr'><strong>et</strong></span> <span class='ocrx_word' id='word_1_72' title='bbox 474 965 597 1042; x_wconf 86' lang='lat' dir='ltr'><strong>odium</strong></span> <span class='ocrx_word' id='word_1_73' title='bbox 616 966 655 1034; x_wconf 91' lang='lat' dir='ltr'><strong>iu</strong></span> <span class='ocrx_word' id='word_1_74' title='bbox 669 962 806 1036; x_wconf 88' lang='lat' dir='ltr'><strong>Pericle</strong></span> <span class='ocrx_word' id='word_1_75' title='bbox 822 967 990 1037; x_wconf 87' lang='lat' dir='ltr'><strong>adversus</strong></span> <span class='ocrx_word' id='word_1_76' title='bbox 1007 965 1088 1037; x_wconf 90' lang='lat' dir='ltr'><strong>Me·</strong></span> <span class='ocrx_word' id='word_1_77' title='bbox 1139 978 1293 1042; x_wconf 86' lang='lat' dir='ltr'><strong>varetor.</strong></span> <span class='ocrx_word' id='word_1_78' title='bbox 1343 966 1414 1040; x_wconf 87' lang='lat' dir='ltr'><strong>Hic</strong></span> <span class='ocrx_word' id='word_1_79' title='bbox 1431 972 1598 1066; x_wconf 84' lang='lat' dir='ltr'><strong>cogitans,</strong></span> <span class='ocrx_word' id='word_1_80' title='bbox 1626 971 1719 1050; x_wconf 89' lang='lat' dir='ltr'><strong>hanc</strong></span> <span class='ocrx_word' id='word_1_81' title='bbox 1732 985 1916 1060; x_wconf 83' lang='lat' dir='ltr'><strong>saeviciam</strong></span> <span class='ocrx_word' id='word_1_82' title='bbox 1933 1015 2006 1064; x_wconf 89' lang='lat' dir='ltr'><strong>non</strong></span> <span class='ocrx_word' id='word_1_83' title='bbox 2022 1021 2124 1088; x_wconf 88' lang='lat' dir='ltr'><strong>posse</strong></span> 
     </span>
     <span class='ocr_line' id='line_1_8' title="bbox 94 1063 2122 1174; baseline 0.019 -39"><span class='ocrx_word' id='word_1_84' title='bbox 94 1087 273 1154; x_wconf 87' lang='lat' dir='ltr'><strong>garenses.</strong></span> <span class='ocrx_word' id='word_1_85' title='bbox 306 1063 416 1137; x_wconf 81' lang='lat' dir='ltr'>Venit</span> <span class='ocrx_word' id='word_1_86' title='bbox 429 1066 538 1155; x_wconf 86' lang='lat' dir='ltr'><strong>igitur</strong></span> <span class='ocrx_word' id='word_1_87' title='bbox 552 1065 591 1135; x_wconf 88' lang='lat' dir='ltr'><strong>in</strong></span> <span class='ocrx_word' id='word_1_88' title='bbox 606 1067 739 1136; x_wconf 87' lang='lat' dir='ltr'><strong>tristem</strong></span> <span class='ocrx_word' id='word_1_89' title='bbox 754 1067 957 1139; x_wconf 85' lang='lat' dir='ltr'><strong>servitutem</strong></span> <span class='ocrx_word' id='word_1_90' title='bbox 970 1063 1088 1140; x_wconf 90' lang='lat' dir='ltr'><strong>Attica</strong></span> <span class='ocrx_word' id='word_1_91' title='bbox 1139 1065 1345 1139; x_wconf 80' lang='lat' dir='ltr'><strong>diuturnam</strong></span> <span class='ocrx_word' id='word_1_92' title='bbox 1361 1091 1450 1154; x_wconf 87' lang='lat' dir='ltr'><strong>esse,</strong></span> <span class='ocrx_word' id='word_1_93' title='bbox 1476 1071 1512 1144; x_wconf 88' lang='lat' dir='ltr'><strong>&#39;et</strong></span> <span class='ocrx_word' id='word_1_94' title='bbox 1535 1077 1648 1150; x_wconf 87' lang='lat' dir='ltr'><strong>sciens</strong></span> <span class='ocrx_word' id='word_1_95' title='bbox 1663 1087 1912 1170; x_wconf 87' lang='lat' dir='ltr'><strong>praestantiam</strong></span> <span class='ocrx_word' id='word_1_96' title='bbox 1926 1095 2070 1170; x_wconf 89' lang='lat' dir='ltr'><strong>virtutis</strong></span> <span class='ocrx_word' id='word_1_97' title='bbox 2083 1104 2122 1174; x_wconf 91' lang='lat' dir='ltr'><strong>in</strong></span> 
     </span>
     <span class='ocr_line' id='line_1_9' title="bbox 95 1161 2123 1280; baseline 0.018 -44"><span class='ocrx_word' id='word_1_98' title='bbox 95 1167 234 1238; x_wconf 85' lang='lat' dir='ltr'><strong>civitas.</strong></span> <span class='ocrx_word' id='word_1_99' title='bbox 284 1161 388 1238; x_wconf 76' lang='lat' dir='ltr'><strong>litut</strong></span> <span class='ocrx_word' id='word_1_100' title='bbox 404 1166 557 1257; x_wconf 79' lang='lat' dir='ltr'><strong>intelligi</strong></span> <span class='ocrx_word' id='word_1_101' title='bbox 573 1180 710 1258; x_wconf 84' lang='lat' dir='ltr'><strong>posset,</strong></span> <span class='ocrx_word' id='word_1_102' title='bbox 736 1167 907 1256; x_wconf 75' lang='lat' dir='ltr'><strong>singulari</strong></span> <span class='ocrx_word' id='word_1_103' title='bbox 926 1168 1084 1260; x_wconf 84' lang='lat' dir='ltr'><strong>exemplo</strong></span> <span class='ocrx_word' id='word_1_104' title='bbox 1137 1162 1363 1262; x_wconf 84' lang='lat' dir='ltr'><strong>Thrasybulo</strong></span> <span class='ocrx_word' id='word_1_105' title='bbox 1392 1173 1515 1253; x_wconf 83' lang='lat' dir='ltr'><strong>exule,</strong></span> <span class='ocrx_word' id='word_1_106' title='bbox 1563 1176 1632 1248; x_wconf 87' lang='lat' dir='ltr'><strong>fuit</strong></span> <span class='ocrx_word' id='word_1_107' title='bbox 1666 1175 1826 1256; x_wconf 74' lang='lat' dir='ltr'><strong>hortator</strong></span> <span class='ocrx_word' id='word_1_108' title='bbox 1857 1195 2123 1280; x_wconf 86' lang='lat' dir='ltr'><strong>moderationis.</strong></span> 
     </span>
     <span class='ocr_line' id='line_1_10' title="bbox 94 1265 2123 1378; baseline 0.017 -42"><span class='ocrx_word' id='word_1_109' title='bbox 94 1267 301 1359; x_wconf 82' lang='lat' dir='ltr'><strong>superbiam</strong></span> <span class='ocrx_word' id='word_1_110' title='bbox 331 1269 495 1360; x_wconf 87' lang='lat' dir='ltr'><strong>punitam</strong></span> <span class='ocrx_word' id='word_1_111' title='bbox 523 1291 614 1352; x_wconf 91' lang='lat' dir='ltr'><strong>esse,</strong></span> <span class='ocrx_word' id='word_1_112' title='bbox 629 1271 693 1338; x_wconf 66' lang='lat' dir='ltr'><strong>xad</strong></span> <span class='ocrx_word' id='word_1_113' title='bbox 725 1282 868 1340; x_wconf 87' lang='lat' dir='ltr'><strong>cantum</strong></span> <span class='ocrx_word' id='word_1_114' title='bbox 895 1267 1084 1341; x_wconf 91' lang='lat' dir='ltr'><strong>Tibiarum</strong></span> <span class='ocrx_word' id='word_1_115' title='bbox 1136 1265 1301 1340; x_wconf 89' lang='lat' dir='ltr'><strong>Metuens</strong></span> <span class='ocrx_word' id='word_1_116' title='bbox 1319 1269 1583 1362; x_wconf 89' lang='lat' dir='ltr'><strong>igiturCritias,</strong></span> <span class='ocrx_word' id='word_1_117' title='bbox 1608 1281 1670 1372; x_wconf 90' lang='lat' dir='ltr'><strong>qui</strong></span> <span class='ocrx_word' id='word_1_118' title='bbox 1686 1282 1781 1354; x_wconf 92' lang='lat' dir='ltr'><strong>inter</strong></span> <span class='ocrx_word' id='word_1_119' title='bbox 1792 1287 1936 1378; x_wconf 87' lang='lat' dir='ltr'><strong>triginta</strong></span> <span class='ocrx_word' id='word_1_120' title='bbox 1951 1303 2123 1374; x_wconf 85' lang='lat' dir='ltr'><strong>crudelis.</strong></span> 
     </span>
     <span class='ocr_line' id='line_1_11' title="bbox 93 1367 2120 1486; baseline 0.018 -48"><span class='ocrx_word' id='word_1_121' title='bbox 93 1367 196 1438; x_wconf 88' lang='lat' dir='ltr'><strong>muri</strong></span> <span class='ocrx_word' id='word_1_122' title='bbox 209 1367 322 1438; x_wconf 81' lang='lat' dir='ltr'><strong>eversi</strong></span> <span class='ocrx_word' id='word_1_123' title='bbox 336 1383 437 1455; x_wconf 86' lang='lat' dir='ltr'><strong>sunt,</strong></span> <span class='ocrx_word' id='word_1_124' title='bbox 463 1381 497 1442; x_wconf 92' lang='lat' dir='ltr'><strong>et</strong></span> <span class='ocrx_word' id='word_1_125' title='bbox 512 1391 619 1438; x_wconf 81' lang='lat' dir='ltr'><strong>naves</strong></span> <span class='ocrx_word' id='word_1_126' title='bbox 633 1383 817 1443; x_wconf 85' lang='lat' dir='ltr'><strong>crematae.</strong></span> <span class='ocrx_word' id='word_1_127' title='bbox 1136 1368 1246 1440; x_wconf 83' lang='lat' dir='ltr'><strong>simus</strong></span> <span class='ocrx_word' id='word_1_128' title='bbox 1263 1386 1353 1458; x_wconf 88' lang='lat' dir='ltr'><strong>erat,</strong></span> <span class='ocrx_word' id='word_1_129' title='bbox 1375 1397 1437 1460; x_wconf 92' lang='lat' dir='ltr'><strong>ne,</strong></span> <span class='ocrx_word' id='word_1_130' title='bbox 1463 1389 1503 1446; x_wconf 92' lang='lat' dir='ltr'><strong>ut</strong></span> <span class='ocrx_word' id='word_1_131' title='bbox 1518 1391 1591 1447; x_wconf 90' lang='lat' dir='ltr'><strong>crat</strong></span> <span class='ocrx_word' id='word_1_132' title='bbox 1608 1382 1733 1452; x_wconf 87' lang='lat' dir='ltr'><strong>artifex</strong></span> <span class='ocrx_word' id='word_1_133' title='bbox 1754 1381 2011 1486; x_wconf 86' lang='lat' dir='ltr'><strong>Theramenes,</strong></span> <span class='ocrx_word' id='word_1_134' title='bbox 2033 1426 2120 1478; x_wconf 85' lang='lat' dir='ltr'><strong>con-</strong></span> 
     </span>
     <span class='ocr_line' id='line_1_12' title="bbox 200 1464 2118 1578; baseline 0.02 -37"><span class='ocrx_word' id='word_1_135' title='bbox 200 1467 398 1560; x_wconf 87' lang='lat' dir='ltr'><strong>Scriptores</strong></span> <span class='ocrx_word' id='word_1_136' title='bbox 416 1469 605 1541; x_wconf 91' lang='lat' dir='ltr'><strong>nominant</strong></span> <span class='ocrx_word' id='word_1_137' title='bbox 626 1464 719 1540; x_wconf 89' lang='lat' dir='ltr'><strong>hanc</strong></span> <span class='ocrx_word' id='word_1_138' title='bbox 738 1465 960 1542; x_wconf 85' lang='lat' dir='ltr'><strong>Athenarum</strong></span> <span class='ocrx_word' id='word_1_139' title='bbox 984 1472 1084 1541; x_wconf 92' lang='lat' dir='ltr'><strong>dedi·</strong></span> <span class='ocrx_word' id='word_1_140' title='bbox 1135 1483 1188 1540; x_wconf 86' lang='lat' dir='ltr'><strong>tra</strong></span> <span class='ocrx_word' id='word_1_141' title='bbox 1212 1465 1458 1547; x_wconf 86' lang='lat' dir='ltr'><strong>honestatum</strong></span> <span class='ocrx_word' id='word_1_142' title='bbox 1482 1476 1619 1570; x_wconf 88' lang='lat' dir='ltr'><strong>aliquid</strong></span> <span class='ocrx_word' id='word_1_143' title='bbox 1648 1483 1853 1576; x_wconf 90' lang='lat' dir='ltr'><strong>moliretur,</strong></span> <span class='ocrx_word' id='word_1_144' title='bbox 1880 1514 2016 1573; x_wconf 86' lang='lat' dir='ltr'><strong>accusat</strong></span> <span class='ocrx_word' id='word_1_145' title='bbox 2037 1528 2118 1578; x_wconf 90' lang='lat' dir='ltr'><strong>eum</strong></span> 
     </span>
     <span class='ocr_line' id='line_1_13' title="bbox 90 1567 2119 1678; baseline 0.013 -39"><span class='ocrx_word' id='word_1_146' title='bbox 90 1573 232 1644; x_wconf 88' lang='lat' dir='ltr'><strong>tionem</strong></span> <span class='ocrx_word' id='word_1_147' title='bbox 262 1571 368 1642; x_wconf 88' lang='lat' dir='ltr'><strong>finem</strong></span> <span class='ocrx_word' id='word_1_148' title='bbox 398 1570 484 1641; x_wconf 90' lang='lat' dir='ltr'><strong>belli</strong></span> <span class='ocrx_word' id='word_1_149' title='bbox 508 1567 818 1663; x_wconf 83' lang='lat' dir='ltr'><strong>Peloponnesiaci,</strong></span> <span class='ocrx_word' id='word_1_150' title='bbox 852 1572 935 1664; x_wconf 89' lang='lat' dir='ltr'><strong>quia</strong></span> <span class='ocrx_word' id='word_1_151' title='bbox 957 1573 1085 1643; x_wconf 91' lang='lat' dir='ltr'><strong>caeteri</strong></span> <span class='ocrx_word' id='word_1_152' title='bbox 1134 1574 1228 1662; x_wconf 89' lang='lat' dir='ltr'><strong>apud</strong></span> <span class='ocrx_word' id='word_1_153' title='bbox 1256 1572 1426 1663; x_wconf 85' lang='lat' dir='ltr'><strong>collegas,</strong></span> <span class='ocrx_word' id='word_1_154' title='bbox 1453 1588 1488 1646; x_wconf 91' lang='lat' dir='ltr'><strong>et</strong></span> <span class='ocrx_word' id='word_1_155' title='bbox 1504 1579 1592 1668; x_wconf 90' lang='lat' dir='ltr'><strong>petit</strong></span> <span class='ocrx_word' id='word_1_156' title='bbox 1606 1603 1685 1652; x_wconf 89' lang='lat' dir='ltr'><strong>eum</strong></span> <span class='ocrx_word' id='word_1_157' title='bbox 1708 1585 1869 1663; x_wconf 85' lang='lat' dir='ltr'><strong>interfici.</strong></span> <span class='ocrx_word' id='word_1_158' title='bbox 1921 1594 2119 1678; x_wconf 65' lang='lat' dir='ltr'><strong>Therme.</strong></span> 
     </span>
     <span class='ocr_line' id='line_1_14' title="bbox 93 1669 2119 1780; baseline 0.014 -39"><span class='ocrx_word' id='word_1_159' title='bbox 93 1669 228 1742; x_wconf 88' lang='lat' dir='ltr'><strong>Graeci</strong></span> <span class='ocrx_word' id='word_1_160' title='bbox 258 1671 513 1765; x_wconf 86' lang='lat' dir='ltr'><strong>aliquantisper</strong></span> <span class='ocrx_word' id='word_1_161' title='bbox 540 1673 771 1765; x_wconf 84' lang='lat' dir='ltr'><strong>quieverunt,</strong></span> <span class='ocrx_word' id='word_1_162' title='bbox 812 1695 893 1743; x_wconf 89' lang='lat' dir='ltr'><strong>cum</strong></span> <span class='ocrx_word' id='word_1_163' title='bbox 924 1674 1082 1763; x_wconf 89' lang='lat' dir='ltr'><strong>potentia</strong></span> <span class='ocrx_word' id='word_1_164' title='bbox 1132 1695 1245 1742; x_wconf 89' lang='lat' dir='ltr'><strong>nesse</strong></span> <span class='ocrx_word' id='word_1_165' title='bbox 1262 1690 1413 1762; x_wconf 84' lang='lat' dir='ltr'><strong>excusat,</strong></span> <span class='ocrx_word' id='word_1_166' title='bbox 1431 1690 1467 1749; x_wconf 93' lang='lat' dir='ltr'><strong>et</strong></span> <span class='ocrx_word' id='word_1_167' title='bbox 1482 1684 1681 1770; x_wconf 86' lang='lat' dir='ltr'><strong>respondet,</strong></span> <span class='ocrx_word' id='word_1_168' title='bbox 1703 1709 1763 1756; x_wconf 91' lang='lat' dir='ltr'><strong>sua</strong></span> <span class='ocrx_word' id='word_1_169' title='bbox 1780 1693 1927 1765; x_wconf 89' lang='lat' dir='ltr'><strong>consilia</strong></span> <span class='ocrx_word' id='word_1_170' title='bbox 1943 1721 2017 1772; x_wconf 91' lang='lat' dir='ltr'><strong>non</strong></span> <span class='ocrx_word' id='word_1_171' title='bbox 2033 1729 2119 1780; x_wconf 90' lang='lat' dir='ltr'><strong>con.</strong></span> 
     </span>
     <span class='ocr_line' id='line_1_15' title="bbox 90 1769 2119 1900; baseline 0.014 -58"><span class='ocrx_word' id='word_1_172' title='bbox 90 1769 459 1866; x_wconf 79' lang='lat' dir='ltr'><strong>Lacedaemoniorum</strong></span> <span class='ocrx_word' id='word_1_173' title='bbox 491 1773 728 1843; x_wconf 86' lang='lat' dir='ltr'><strong>formidabilis</strong></span> <span class='ocrx_word' id='word_1_174' title='bbox 760 1787 865 1856; x_wconf 89' lang='lat' dir='ltr'><strong>esset,</strong></span> <span class='ocrx_word' id='word_1_175' title='bbox 900 1788 935 1845; x_wconf 91' lang='lat' dir='ltr'><strong>et</strong></span> <span class='ocrx_word' id='word_1_176' title='bbox 961 1797 1081 1866; x_wconf 88' lang='lat' dir='ltr'><strong>aspera</strong></span> <span class='ocrx_word' id='word_1_177' title='bbox 1129 1773 1240 1860; x_wconf 45' lang='lat' dir='ltr'><strong>,traria</strong></span> <span class='ocrx_word' id='word_1_178' title='bbox 1263 1769 1345 1845; x_wconf 91' lang='lat' dir='ltr'><strong>huic</strong></span> <span class='ocrx_word' id='word_1_179' title='bbox 1367 1778 1492 1863; x_wconf 91' lang='lat' dir='ltr'><strong>statui,</strong></span> <span class='ocrx_word' id='word_1_180' title='bbox 1518 1782 1578 1850; x_wconf 86' lang='lat' dir='ltr'><strong>sed</strong></span> <span class='ocrx_word' id='word_1_181' title='bbox 1602 1785 1719 1874; x_wconf 85' lang='lat' dir='ltr'><strong>potius</strong></span> <span class='ocrx_word' id='word_1_182' title='bbox 1735 1788 1901 1866; x_wconf 90' lang='lat' dir='ltr'><strong>salutaria</strong></span> <span class='ocrx_word' id='word_1_183' title='bbox 1916 1821 2008 1888; x_wconf 85' lang='lat' dir='ltr'><strong>esse,</strong></span> <span class='ocrx_word' id='word_1_184' title='bbox 2033 1811 2119 1900; x_wconf 70' lang='lat' dir='ltr'><strong>quia</strong></span> 
     </span>
     <span class='ocr_line' id='line_1_16' title="bbox 91 1868 2115 1982; baseline 0.02 -42"><span class='ocrx_word' id='word_1_185' title='bbox 91 1883 212 1942; x_wconf 88' lang='lat' dir='ltr'><strong>essent</strong></span> <span class='ocrx_word' id='word_1_186' title='bbox 228 1872 387 1963; x_wconf 89' lang='lat' dir='ltr'><strong>imperia.</strong></span> <span class='ocrx_word' id='word_1_187' title='bbox 436 1871 511 1944; x_wconf 91' lang='lat' dir='ltr'><strong>Nec</strong></span> <span class='ocrx_word' id='word_1_188' title='bbox 525 1874 639 1944; x_wconf 90' lang='lat' dir='ltr'><strong>multo</strong></span> <span class='ocrx_word' id='word_1_189' title='bbox 659 1885 740 1965; x_wconf 89' lang='lat' dir='ltr'><strong>post</strong></span> <span class='ocrx_word' id='word_1_190' title='bbox 752 1868 936 1963; x_wconf 79' lang='lat' dir='ltr'><strong>Agesilaus</strong></span> <span class='ocrx_word' id='word_1_191' title='bbox 950 1876 1082 1944; x_wconf 87' lang='lat' dir='ltr'><strong>exerci-</strong></span> <span class='ocrx_word' id='word_1_192' title='bbox 1132 1872 1263 1944; x_wconf 88' lang='lat' dir='ltr'><strong>iniusta</strong></span> <span class='ocrx_word' id='word_1_193' title='bbox 1280 1877 1426 1972; x_wconf 85' lang='lat' dir='ltr'><strong>saevicia</strong></span> <span class='ocrx_word' id='word_1_194' title='bbox 1442 1902 1515 1952; x_wconf 90' lang='lat' dir='ltr'><strong>non</strong></span> <span class='ocrx_word' id='word_1_195' title='bbox 1532 1885 1639 1972; x_wconf 89' lang='lat' dir='ltr'><strong>possit</strong></span> <span class='ocrx_word' id='word_1_196' title='bbox 1655 1908 1728 1956; x_wconf 89' lang='lat' dir='ltr'><strong>esse</strong></span> <span class='ocrx_word' id='word_1_197' title='bbox 1744 1891 1924 1970; x_wconf 91' lang='lat' dir='ltr'><strong>diuturna.</strong></span> <span class='ocrx_word' id='word_1_198' title='bbox 1949 1895 1997 1973; x_wconf 83' lang='lat' dir='ltr'><strong>Et</strong></span> <span class='ocrx_word' id='word_1_199' title='bbox 2012 1931 2115 1982; x_wconf 90' lang='lat' dir='ltr'><strong>nosse</strong></span> 
     </span>
     <span class='ocr_line' id='line_1_17' title="bbox 88 1966 2115 2082; baseline 0.015 -42"><span class='ocrx_word' id='word_1_200' title='bbox 88 1987 169 2044; x_wconf 87' lang='lat' dir='ltr'><strong>tum</strong></span> <span class='ocrx_word' id='word_1_201' title='bbox 189 1972 229 2040; x_wconf 90' lang='lat' dir='ltr'><strong>in</strong></span> <span class='ocrx_word' id='word_1_202' title='bbox 243 1966 493 2050; x_wconf 80' lang='lat' dir='ltr'><strong>Asiamduxit.</strong></span> <span class='ocrx_word' id='word_1_203' title='bbox 526 1970 725 2046; x_wconf 84' lang='lat' dir='ltr'><strong>Atticarum</strong></span> <span class='ocrx_word' id='word_1_204' title='bbox 743 1997 825 2043; x_wconf 89' lang='lat' dir='ltr'><strong>vero</strong></span> <span class='ocrx_word' id='word_1_205' title='bbox 841 1975 1080 2046; x_wconf 90' lang='lat' dir='ltr'><strong>calamitatum</strong></span> <span class='ocrx_word' id='word_1_206' title='bbox 1132 1997 1167 2044; x_wconf 86' lang='lat' dir='ltr'><strong>sc</strong></span> <span class='ocrx_word' id='word_1_207' title='bbox 1189 1976 1307 2070; x_wconf 92' lang='lat' dir='ltr'><strong>inquit</strong></span> <span class='ocrx_word' id='word_1_208' title='bbox 1325 1978 1607 2068; x_wconf 87' lang='lat' dir='ltr'><strong>magnitudinem</strong></span> <span class='ocrx_word' id='word_1_209' title='bbox 1631 1987 1743 2060; x_wconf 91' lang='lat' dir='ltr'><strong>animi</strong></span> <span class='ocrx_word' id='word_1_210' title='bbox 1766 2005 1801 2062; x_wconf 88' lang='lat' dir='ltr'><strong>et</strong></span> <span class='ocrx_word' id='word_1_211' title='bbox 1828 1998 1967 2070; x_wconf 89' lang='lat' dir='ltr'><strong>consilii</strong></span> <span class='ocrx_word' id='word_1_212' title='bbox 1992 2005 2031 2074; x_wconf 91' lang='lat' dir='ltr'><strong>in</strong></span> <span class='ocrx_word' id='word_1_213' title='bbox 2055 2033 2115 2082; x_wconf 71' lang='lat' dir='ltr'><strong>ex.</strong></span> 
     </span>
     <span class='ocr_line' id='line_1_18' title="bbox 89 2071 2117 2182; baseline 0.025 -51"><span class='ocrx_word' id='word_1_214' title='bbox 89 2072 257 2143; x_wconf 78' lang='lat' dir='ltr'><strong>nondum</strong></span> <span class='ocrx_word' id='word_1_215' title='bbox 272 2073 353 2143; x_wconf 76' lang='lat' dir='ltr'><strong>finis</strong></span> <span class='ocrx_word' id='word_1_216' title='bbox 366 2071 445 2144; x_wconf 86' lang='lat' dir='ltr'><strong>suit.</strong></span> <span class='ocrx_word' id='word_1_217' title='bbox 492 2071 583 2142; x_wconf 87' lang='lat' dir='ltr'><strong>Nam</strong></span> <span class='ocrx_word' id='word_1_218' title='bbox 600 2075 744 2164; x_wconf 90' lang='lat' dir='ltr'><strong>triginta</strong></span> <span class='ocrx_word' id='word_1_219' title='bbox 760 2077 915 2168; x_wconf 89' lang='lat' dir='ltr'><strong>tyranni,</strong></span> <span class='ocrx_word' id='word_1_220' title='bbox 941 2077 985 2146; x_wconf 80' lang='lat' dir='ltr'><strong>de</strong></span> <span class='ocrx_word' id='word_1_221' title='bbox 1001 2078 1082 2170; x_wconf 85' lang='lat' dir='ltr'><strong>qoi-</strong></span> <span class='ocrx_word' id='word_1_222' title='bbox 1130 2075 1233 2168; x_wconf 90' lang='lat' dir='ltr'><strong>pulso</strong></span> <span class='ocrx_word' id='word_1_223' title='bbox 1251 2073 1498 2176; x_wconf 89' lang='lat' dir='ltr'><strong>Thrasybulo,</strong></span> <span class='ocrx_word' id='word_1_224' title='bbox 1523 2083 1586 2176; x_wconf 85' lang='lat' dir='ltr'><strong>qui</strong></span> <span class='ocrx_word' id='word_1_225' title='bbox 1605 2101 1730 2160; x_wconf 82' lang='lat' dir='ltr'><strong>nactus</strong></span> <span class='ocrx_word' id='word_1_226' title='bbox 1750 2095 1891 2168; x_wconf 78' lang='lat' dir='ltr'><strong>extalum</strong></span> <span class='ocrx_word' id='word_1_227' title='bbox 1912 2105 2117 2182; x_wconf 72' lang='lat' dir='ltr'><strong>multitudi-</strong></span> 
     </span>
     <span class='ocr_line' id='line_1_19' title="bbox 87 2174 2113 2292; baseline 0.02 -47"><span class='ocrx_word' id='word_1_228' title='bbox 87 2177 161 2245; x_wconf 88' lang='lat' dir='ltr'><strong>bus</strong></span> <span class='ocrx_word' id='word_1_229' title='bbox 185 2195 267 2242; x_wconf 83' lang='lat' dir='ltr'><strong>mox</strong></span> <span class='ocrx_word' id='word_1_230' title='bbox 290 2174 446 2256; x_wconf 91' lang='lat' dir='ltr'><strong>dicetur,</strong></span> <span class='ocrx_word' id='word_1_231' title='bbox 473 2175 591 2266; x_wconf 89' lang='lat' dir='ltr'><strong>plures</strong></span> <span class='ocrx_word' id='word_1_232' title='bbox 614 2176 706 2245; x_wconf 87' lang='lat' dir='ltr'><strong>cives</strong></span> <span class='ocrx_word' id='word_1_233' title='bbox 726 2175 821 2244; x_wconf 90' lang='lat' dir='ltr'><strong>intra</strong></span> <span class='ocrx_word' id='word_1_234' title='bbox 843 2189 923 2246; x_wconf 87' lang='lat' dir='ltr'><strong>octo</strong></span> <span class='ocrx_word' id='word_1_235' title='bbox 944 2200 1080 2249; x_wconf 89' lang='lat' dir='ltr'><strong>menses</strong></span> <span class='ocrx_word' id='word_1_236' title='bbox 1130 2199 1230 2262; x_wconf 92' lang='lat' dir='ltr'><strong>nem,</strong></span> <span class='ocrx_word' id='word_1_237' title='bbox 1263 2201 1337 2250; x_wconf 90' lang='lat' dir='ltr'><strong>non</strong></span> <span class='ocrx_word' id='word_1_238' title='bbox 1371 2183 1418 2252; x_wconf 91' lang='lat' dir='ltr'><strong>sit</strong></span> <span class='ocrx_word' id='word_1_239' title='bbox 1447 2183 1643 2258; x_wconf 88' lang='lat' dir='ltr'><strong>omissuros</strong></span> <span class='ocrx_word' id='word_1_240' title='bbox 1675 2193 1821 2266; x_wconf 88' lang='lat' dir='ltr'><strong>consilia</strong></span> <span class='ocrx_word' id='word_1_241' title='bbox 1852 2213 2113 2292; x_wconf 86' lang='lat' dir='ltr'><strong>recuperandae</strong></span> 
     </span>
     <span class='ocr_line' id='line_1_20' title="bbox 87 2271 1275 2370; baseline 0.006 -24"><span class='ocrx_word' id='word_1_242' title='bbox 87 2273 330 2359; x_wconf 88' lang='lat' dir='ltr'><strong>trucidarunt,</strong></span> <span class='ocrx_word' id='word_1_243' title='bbox 357 2299 462 2367; x_wconf 88' lang='lat' dir='ltr'><strong>quam</strong></span> <span class='ocrx_word' id='word_1_244' title='bbox 478 2275 649 2345; x_wconf 89' lang='lat' dir='ltr'><strong>decennio</strong></span> <span class='ocrx_word' id='word_1_245' title='bbox 666 2277 711 2347; x_wconf 88' lang='lat' dir='ltr'><strong>ab</strong></span> <span class='ocrx_word' id='word_1_246' title='bbox 727 2271 890 2348; x_wconf 86' lang='lat' dir='ltr'><strong>hostibus</strong></span> <span class='ocrx_word' id='word_1_247' title='bbox 905 2279 1080 2350; x_wconf 82' lang='lat' dir='ltr'><strong>interiecti</strong></span> <span class='ocrx_word' id='word_1_248' title='bbox 1129 2278 1275 2370; x_wconf 89' lang='lat' dir='ltr'><strong>patriae.</strong></span> 
     </span>
     <span class='ocr_line' id='line_1_21' title="bbox 1 2371 2113 2489; baseline 0.02 -46"><span class='ocrx_word' id='word_1_249' title='bbox 1 2445 2 2450; x_wconf 66' lang='grc'>,</span> <span class='ocrx_word' id='word_1_250' title='bbox 86 2378 252 2454; x_wconf 86' lang='lat' dir='ltr'><strong>fuerant,</strong></span> <span class='ocrx_word' id='word_1_251' title='bbox 277 2389 319 2446; x_wconf 88' lang='lat' dir='ltr'><strong>ut</strong></span> <span class='ocrx_word' id='word_1_252' title='bbox 334 2389 456 2448; x_wconf 90' lang='lat' dir='ltr'><strong>narrat</strong></span> <span class='ocrx_word' id='word_1_253' title='bbox 472 2371 686 2468; x_wconf 87' lang='lat' dir='ltr'><strong>Xenophon.</strong></span> <span class='ocrx_word' id='word_1_254' title='bbox 720 2373 845 2448; x_wconf 88' lang='lat' dir='ltr'><strong>Postea</strong></span> <span class='ocrx_word' id='word_1_255' title='bbox 859 2381 1078 2470; x_wconf 90' lang='lat' dir='ltr'><strong>recuperatio</strong></span> <span class='ocrx_word' id='word_1_256' title='bbox 1230 2377 1395 2472; x_wconf 86' lang='lat' dir='ltr'><strong>Denique</strong></span> <span class='ocrx_word' id='word_1_257' title='bbox 1417 2381 1473 2452; x_wconf 81' lang='lat' dir='ltr'><strong>lex</strong></span> <span class='ocrx_word' id='word_1_258' title='bbox 1498 2386 1663 2459; x_wconf 89' lang='lat' dir='ltr'><strong>tuebatur</strong></span> <span class='ocrx_word' id='word_1_259' title='bbox 1687 2389 1965 2489; x_wconf 87' lang='lat' dir='ltr'><strong>Theramenem,</strong></span> <span class='ocrx_word' id='word_1_260' title='bbox 1992 2431 2113 2484; x_wconf 90' lang='lat' dir='ltr'><strong>recens</strong></span> 
     </span>
     <span class='ocr_line' id='line_1_22' title="bbox 86 2473 2113 2606; baseline 0.021 -62"><span class='ocrx_word' id='word_1_261' title='bbox 86 2475 267 2547; x_wconf 87' lang='lat' dir='ltr'><strong>libertatis</strong></span> <span class='ocrx_word' id='word_1_262' title='bbox 291 2477 470 2549; x_wconf 85' lang='lat' dir='ltr'><strong>mirabiles</strong></span> <span class='ocrx_word' id='word_1_263' title='bbox 486 2498 585 2547; x_wconf 86' lang='lat' dir='ltr'><strong>casus</strong></span> <span class='ocrx_word' id='word_1_264' title='bbox 601 2473 719 2552; x_wconf 91' lang='lat' dir='ltr'><strong>hahet.</strong></span> <span class='ocrx_word' id='word_1_265' title='bbox 770 2475 874 2549; x_wconf 84' lang='lat' dir='ltr'><strong>Nunc</strong></span> <span class='ocrx_word' id='word_1_266' title='bbox 886 2504 999 2550; x_wconf 88' lang='lat' dir='ltr'><strong>anuos</strong></span> <span class='ocrx_word' id='word_1_267' title='bbox 1015 2505 1079 2552; x_wconf 91' lang='lat' dir='ltr'><strong>an·</strong></span> <span class='ocrx_word' id='word_1_268' title='bbox 1129 2478 1216 2550; x_wconf 87' lang='lat' dir='ltr'><strong>lata:</strong></span> <span class='ocrx_word' id='word_1_269' title='bbox 1250 2477 1303 2549; x_wconf 90' lang='lat' dir='ltr'><strong>Ne</strong></span> <span class='ocrx_word' id='word_1_270' title='bbox 1318 2481 1490 2573; x_wconf 88' lang='lat' dir='ltr'><strong>collegae,</strong></span> <span class='ocrx_word' id='word_1_271' title='bbox 1513 2499 1574 2558; x_wconf 91' lang='lat' dir='ltr'><strong>aut</strong></span> <span class='ocrx_word' id='word_1_272' title='bbox 1590 2487 1664 2575; x_wconf 92' lang='lat' dir='ltr'><strong>illi,</strong></span> <span class='ocrx_word' id='word_1_273' title='bbox 1688 2495 1750 2585; x_wconf 88' lang='lat' dir='ltr'><strong>qui</strong></span> <span class='ocrx_word' id='word_1_274' title='bbox 1767 2498 1804 2566; x_wconf 92' lang='lat' dir='ltr'><strong>in</strong></span> <span class='ocrx_word' id='word_1_275' title='bbox 1820 2505 1975 2591; x_wconf 88' lang='lat' dir='ltr'><strong>catalogo</strong></span> <span class='ocrx_word' id='word_1_276' title='bbox 1992 2515 2113 2606; x_wconf 86' lang='lat' dir='ltr'><strong>scripti</strong></span> 
     </span>
     <span class='ocr_line' id='line_1_23' title="bbox 84 2577 2112 2694; baseline 0.021 -60"><span class='ocrx_word' id='word_1_277' title='bbox 84 2577 305 2649; x_wconf 72' lang='lat' dir='ltr'><strong>notabimus.</strong></span> <span class='ocrx_word' id='word_1_278' title='bbox 1129 2593 1249 2665; x_wconf 84' lang='lat' dir='ltr'><strong>erant,</strong></span> <span class='ocrx_word' id='word_1_279' title='bbox 1275 2582 1351 2652; x_wconf 89' lang='lat' dir='ltr'><strong>sine</strong></span> <span class='ocrx_word' id='word_1_280' title='bbox 1374 2581 1507 2654; x_wconf 91' lang='lat' dir='ltr'><strong>iudicio</strong></span> <span class='ocrx_word' id='word_1_281' title='bbox 1531 2587 1820 2672; x_wconf 86' lang='lat' dir='ltr'><strong>interficerentur.</strong></span> <span class='ocrx_word' id='word_1_282' title='bbox 1870 2599 1921 2673; x_wconf 95' lang='lat' dir='ltr'><strong>At</strong></span> <span class='ocrx_word' id='word_1_283' title='bbox 1944 2627 2026 2694; x_wconf 90' lang='lat' dir='ltr'><strong>ego,</strong></span> <span class='ocrx_word' id='word_1_284' title='bbox 2052 2617 2112 2686; x_wconf 83' lang='lat' dir='ltr'><strong>in.</strong></span> 
     </span>
    </p>
   </div>
   <div class='ocr_carea' id='block_1_3' title="bbox 80 2679 2146 5197">
    <p class='ocr_par' dir='ltr' id='par_1_3' title="bbox 80 2679 2146 5197">
     <span class='ocr_line' id='line_1_24' title="bbox 1129 2679 2109 2791; baseline 0.04 -43"><span class='ocrx_word' id='word_1_285' title='bbox 1129 2682 1207 2774; x_wconf 88' lang='lat' dir='ltr'><strong>quit</strong></span> <span class='ocrx_word' id='word_1_286' title='bbox 1228 2679 1377 2770; x_wconf 84' lang='lat' dir='ltr'><strong>Critias,</strong></span> <span class='ocrx_word' id='word_1_287' title='bbox 1402 2707 1447 2755; x_wconf 92' lang='lat' dir='ltr'><strong>ne</strong></span> <span class='ocrx_word' id='word_1_288' title='bbox 1469 2681 1530 2759; x_wconf 89' lang='lat' dir='ltr'><strong>hic</strong></span> <span class='ocrx_word' id='word_1_289' title='bbox 1552 2690 1628 2780; x_wconf 85' lang='lat' dir='ltr'><strong>lege</strong></span> <span class='ocrx_word' id='word_1_290' title='bbox 1651 2717 1688 2764; x_wconf 89' lang='lat' dir='ltr'><strong>se</strong></span> <span class='ocrx_word' id='word_1_291' title='bbox 1710 2699 1802 2768; x_wconf 89' lang='lat' dir='ltr'><strong>tueri</strong></span> <span class='ocrx_word' id='word_1_292' title='bbox 1826 2704 1953 2791; x_wconf 89' lang='lat' dir='ltr'><strong>possit,</strong></span> <span class='ocrx_word' id='word_1_293' title='bbox 1978 2733 2109 2786; x_wconf 87' lang='lat' dir='ltr'><strong>nomen</strong></span> 
     </span>
     <span class='ocr_line' id='line_1_25' title="bbox 1130 2783 2111 2903; baseline 0.038 -55"><span class='ocrx_word' id='word_1_294' title='bbox 1130 2783 1204 2850; x_wconf 90' lang='lat' dir='ltr'><strong>eius</strong></span> <span class='ocrx_word' id='word_1_295' title='bbox 1221 2785 1343 2870; x_wconf 92' lang='lat' dir='ltr'><strong>deleo,</strong></span> <span class='ocrx_word' id='word_1_296' title='bbox 1370 2799 1507 2858; x_wconf 88' lang='lat' dir='ltr'><strong>etcum</strong></span> <span class='ocrx_word' id='word_1_297' title='bbox 1530 2794 1739 2870; x_wconf 90' lang='lat' dir='ltr'><strong>condemno.</strong></span> <span class='ocrx_word' id='word_1_298' title='bbox 1791 2795 1924 2882; x_wconf 86' lang='lat' dir='ltr'><strong>Tacent</strong></span> <span class='ocrx_word' id='word_1_299' title='bbox 1946 2810 2111 2903; x_wconf 85' lang='lat' dir='ltr'><strong>collegae,</strong></span> 
     </span>
     <span class='ocr_line' id='line_1_26' title="bbox 1129 2883 2112 2990; baseline 0.035 -42"><span class='ocrx_word' id='word_1_300' title='bbox 1129 2883 1211 2976; x_wconf 92' lang='lat' dir='ltr'><strong>quia</strong></span> <span class='ocrx_word' id='word_1_301' title='bbox 1229 2883 1353 2957; x_wconf 85' lang='lat' dir='ltr'><strong>vident</strong></span> <span class='ocrx_word' id='word_1_302' title='bbox 1367 2901 1520 2962; x_wconf 85' lang='lat' dir='ltr'><strong>armatos</strong></span> <span class='ocrx_word' id='word_1_303' title='bbox 1533 2913 1576 2961; x_wconf 82' lang='lat' dir='ltr'><strong>ex</strong></span> <span class='ocrx_word' id='word_1_304' title='bbox 1598 2896 1755 2986; x_wconf 88' lang='lat' dir='ltr'><strong>catalogo</strong></span> <span class='ocrx_word' id='word_1_305' title='bbox 1776 2900 2010 2982; x_wconf 87' lang='lat' dir='ltr'><strong>circumstare.</strong></span> <span class='ocrx_word' id='word_1_306' title='bbox 2061 2913 2112 2990; x_wconf 84' lang='lat' dir='ltr'><strong>Et</strong></span> 
     </span>
     <span class='ocr_line' id='line_1_27' title="bbox 1129 2986 2146 3102; baseline 0.038 -50"><span class='ocrx_word' id='word_1_307' title='bbox 1129 3007 1209 3054; x_wconf 94' lang='lat' dir='ltr'><strong>cum</strong></span> <span class='ocrx_word' id='word_1_308' title='bbox 1236 2986 1281 3054; x_wconf 89' lang='lat' dir='ltr'><strong>ad</strong></span> <span class='ocrx_word' id='word_1_309' title='bbox 1312 3009 1410 3056; x_wconf 86' lang='lat' dir='ltr'><strong>aram</strong></span> <span class='ocrx_word' id='word_1_310' title='bbox 1435 2989 1641 3080; x_wconf 79' lang='lat' dir='ltr'><strong>confugeret</strong></span> <span class='ocrx_word' id='word_1_311' title='bbox 1665 2992 1926 3092; x_wconf 85' lang='lat' dir='ltr'><strong>Theramenes,</strong></span> <span class='ocrx_word' id='word_1_312' title='bbox 1960 3011 2112 3102; x_wconf 91' lang='lat' dir='ltr'><strong>imperat</strong></span> <span class='ocrx_word' id='word_1_313' title='bbox 2137 3059 2146 3072; x_wconf 40' lang='lat' dir='ltr'><strong>s</strong></span> 
     </span>
     <span class='ocr_line' id='line_1_28' title="bbox 1128 3084 2112 3202; baseline 0.039 -49"><span class='ocrx_word' id='word_1_314' title='bbox 1128 3084 1313 3157; x_wconf 88' lang='lat' dir='ltr'><strong>lictoribus</strong></span> <span class='ocrx_word' id='word_1_315' title='bbox 1330 3085 1477 3172; x_wconf 89' lang='lat' dir='ltr'><strong>Critias,</strong></span> <span class='ocrx_word' id='word_1_316' title='bbox 1503 3104 1544 3165; x_wconf 91' lang='lat' dir='ltr'><strong>ut</strong></span> <span class='ocrx_word' id='word_1_317' title='bbox 1569 3117 1649 3166; x_wconf 92' lang='lat' dir='ltr'><strong>eum</strong></span> <span class='ocrx_word' id='word_1_318' title='bbox 1674 3097 1720 3170; x_wconf 92' lang='lat' dir='ltr'><strong>ab</strong></span> <span class='ocrx_word' id='word_1_319' title='bbox 1744 3124 1803 3172; x_wconf 90' lang='lat' dir='ltr'><strong>ara</strong></span> <span class='ocrx_word' id='word_1_320' title='bbox 1829 3103 2053 3202; x_wconf 83' lang='lat' dir='ltr'><strong>abstrahant,</strong></span> <span class='ocrx_word' id='word_1_321' title='bbox 2076 3134 2112 3190; x_wconf 93' lang='lat' dir='ltr'><strong>et</strong></span> 
     </span>
     <span class='ocr_line' id='line_1_29' title="bbox 1127 3186 2113 3291; baseline 0.034 -35"><span class='ocrx_word' id='word_1_322' title='bbox 1127 3186 1351 3265; x_wconf 87' lang='lat' dir='ltr'><strong>interficiant.</strong></span> <span class='ocrx_word' id='word_1_323' title='bbox 1400 3187 1610 3264; x_wconf 87' lang='lat' dir='ltr'><strong>Abstractus</strong></span> <span class='ocrx_word' id='word_1_324' title='bbox 1624 3197 1767 3272; x_wconf 92' lang='lat' dir='ltr'><strong>ducitur</strong></span> <span class='ocrx_word' id='word_1_325' title='bbox 1780 3205 1823 3274; x_wconf 92' lang='lat' dir='ltr'><strong>ad</strong></span> <span class='ocrx_word' id='word_1_326' title='bbox 1840 3201 2035 3284; x_wconf 89' lang='lat' dir='ltr'><strong>hibendum</strong></span> <span class='ocrx_word' id='word_1_327' title='bbox 2052 3244 2113 3291; x_wconf 85' lang='lat' dir='ltr'><strong>ve-</strong></span> 
     </span>
     <span class='ocr_line' id='line_1_30' title="bbox 1127 3290 2110 3404; baseline 0.035 -48"><span class='ocrx_word' id='word_1_328' title='bbox 1127 3311 1280 3376; x_wconf 86' lang='lat' dir='ltr'><strong>nenum,</strong></span> <span class='ocrx_word' id='word_1_329' title='bbox 1306 3292 1401 3383; x_wconf 93' lang='lat' dir='ltr'><strong>quod</strong></span> <span class='ocrx_word' id='word_1_330' title='bbox 1427 3316 1507 3363; x_wconf 89' lang='lat' dir='ltr'><strong>eum</strong></span> <span class='ocrx_word' id='word_1_331' title='bbox 1533 3290 1767 3388; x_wconf 77' lang='lat' dir='ltr'><strong>euhausisset,</strong></span> <span class='ocrx_word' id='word_1_332' title='bbox 1794 3319 1828 3376; x_wconf 91' lang='lat' dir='ltr'><strong>et</strong></span> <span class='ocrx_word' id='word_1_333' title='bbox 1850 3308 2110 3404; x_wconf 89' lang='lat' dir='ltr'><strong>aliquantulum</strong></span> 
     </span>
     <span class='ocr_line' id='line_1_31' title="bbox 1127 3388 2110 3509; baseline 0.037 -54"><span class='ocrx_word' id='word_1_334' title='bbox 1127 3388 1224 3480; x_wconf 89' lang='lat' dir='ltr'><strong>quod</strong></span> <span class='ocrx_word' id='word_1_335' title='bbox 1256 3391 1432 3482; x_wconf 89' lang='lat' dir='ltr'><strong>reliquum</strong></span> <span class='ocrx_word' id='word_1_336' title='bbox 1467 3408 1557 3480; x_wconf 91' lang='lat' dir='ltr'><strong>erat,</strong></span> <span class='ocrx_word' id='word_1_337' title='bbox 1591 3397 1789 3488; x_wconf 86' lang='lat' dir='ltr'><strong>effudisset,</strong></span> <span class='ocrx_word' id='word_1_338' title='bbox 1822 3406 1942 3479; x_wconf 88' lang='lat' dir='ltr'><strong>iocans</strong></span> <span class='ocrx_word' id='word_1_339' title='bbox 1975 3415 2110 3509; x_wconf 82' lang='lat' dir='ltr'><strong>inquit:</strong></span> 
     </span>
     <span class='ocr_line' id='line_1_32' title="bbox 1126 3485 2109 3589; baseline 0.034 -32"><span class='ocrx_word' id='word_1_340' title='bbox 1126 3485 1206 3558; x_wconf 90' lang='lat' dir='ltr'><strong>Hoc</strong></span> <span class='ocrx_word' id='word_1_341' title='bbox 1232 3489 1385 3580; x_wconf 87' lang='lat' dir='ltr'><strong>propino</strong></span> <span class='ocrx_word' id='word_1_342' title='bbox 1409 3487 1553 3568; x_wconf 84' lang='lat' dir='ltr'><strong>Critiae.</strong></span> <span class='ocrx_word' id='word_1_343' title='bbox 1604 3493 1675 3569; x_wconf 88' lang='lat' dir='ltr'><strong>Hic</strong></span> <span class='ocrx_word' id='word_1_344' title='bbox 1700 3503 1811 3572; x_wconf 83' lang='lat' dir='ltr'><strong>exitus</strong></span> <span class='ocrx_word' id='word_1_345' title='bbox 1837 3521 1888 3578; x_wconf 90' lang='lat' dir='ltr'><strong>est</strong></span> <span class='ocrx_word' id='word_1_346' title='bbox 1914 3507 2109 3589; x_wconf 85' lang='lat' dir='ltr'><strong>Therame-</strong></span> 
     </span>
     <span class='ocr_line' id='line_1_33' title="bbox 280 3590 2108 3762; baseline 0.034 -133"><span class='ocrx_word' id='word_1_347' title='bbox 280 3658 350 3729; x_wconf 49' lang='grc' dir='ltr'><strong>ΒΘ</strong></span> <span class='ocrx_word' id='word_1_348' title='bbox 383 3661 595 3753; x_wconf 54' lang='lat' dir='ltr'><strong>mmm</strong></span> <span class='ocrx_word' id='word_1_349' title='bbox 632 3659 865 3751; x_wconf 39' lang='lat' dir='ltr'><strong>Tyranni&amp;</strong></span> <span class='ocrx_word' id='word_1_350' title='bbox 1126 3590 1405 3762; x_wconf 50' lang='lat' dir='ltr'><strong>llls&#39;’ll¹alerlmi</strong></span> <span class='ocrx_word' id='word_1_351' title='bbox 1422 3595 1570 3666; x_wconf 86' lang='lat' dir='ltr'><strong>saevicia</strong></span> <span class='ocrx_word' id='word_1_352' title='bbox 1595 3598 1749 3688; x_wconf 88' lang='lat' dir='ltr'><strong>collegae</strong></span> <span class='ocrx_word' id='word_1_353' title='bbox 1771 3617 2108 3696; x_wconf 88' lang='lat' dir='ltr'><strong>proptcrmoderata</strong></span> 
     </span>
     <span class='ocr_line' id='line_1_34' title="bbox 865 3709 1994 3776; baseline 0.019 -21"><span class='ocrx_word' id='word_1_354' title='bbox 865 3709 875 3732; x_wconf 94' lang='lat'><strong>·</strong></span> <span class='ocrx_word' id='word_1_355' title='bbox 1145 3716 1287 3764; x_wconf 87' lang='lat' dir='ltr'><strong>onsrr.</strong></span> <span class='ocrx_word' id='word_1_356' title='bbox 1871 3727 1872 3730; x_wconf 68' lang='grc'>’</span> <span class='ocrx_word' id='word_1_357' title='bbox 1981 3762 1994 3776; x_wconf 92' lang='grc'><strong>..</strong></span> 
     </span>
     <span class='ocr_line' id='line_1_35' title="bbox 190 3785 2110 3912; baseline 0.017 -61"><span class='ocrx_word' id='word_1_358' title='bbox 190 3793 239 3869; x_wconf 71' lang='lat' dir='ltr'><strong>Ur</strong></span> <span class='ocrx_word' id='word_1_359' title='bbox 260 3808 378 3866; x_wconf 66' lang='lat' dir='ltr'><strong>autom</strong></span> <span class='ocrx_word' id='word_1_360' title='bbox 394 3785 834 3864; x_wconf 69' lang='lat' dir='ltr'><strong>victoreslracedaemonii</strong></span> <span class='ocrx_word' id='word_1_361' title='bbox 849 3794 985 3889; x_wconf 88' lang='lat' dir='ltr'><strong>ubique</strong></span> <span class='ocrx_word' id='word_1_362' title='bbox 1008 3821 1074 3889; x_wconf 87' lang='lat' dir='ltr'><strong>po.</strong></span> <span class='ocrx_word' id='word_1_363' title='bbox 1226 3790 1356 3864; x_wconf 83' lang='lat' dir='ltr'><strong>Fuerat</strong></span> <span class='ocrx_word' id='word_1_364' title='bbox 1370 3805 1487 3866; x_wconf 86' lang='lat' dir='ltr'><strong>autem</strong></span> <span class='ocrx_word' id='word_1_365' title='bbox 1509 3809 1543 3868; x_wconf 89' lang='lat' dir='ltr'><strong>et</strong></span> <span class='ocrx_word' id='word_1_366' title='bbox 1558 3813 1660 3871; x_wconf 87' lang='lat' dir='ltr'><strong>antea</strong></span> <span class='ocrx_word' id='word_1_367' title='bbox 1676 3804 1913 3880; x_wconf 90' lang='lat' dir='ltr'><strong>mutationum</strong></span> <span class='ocrx_word' id='word_1_368' title='bbox 1933 3812 1971 3884; x_wconf 93' lang='lat' dir='ltr'><strong>in</strong></span> <span class='ocrx_word' id='word_1_369' title='bbox 1987 3815 2110 3912; x_wconf 84' lang='lat' dir='ltr'><strong>Repu.</strong></span> 
     </span>
     <span class='ocr_line' id='line_1_36' title="bbox 81 3888 2110 3996; baseline 0.018 -36"><span class='ocrx_word' id='word_1_370' title='bbox 81 3898 232 3976; x_wconf 67' lang='lat' dir='ltr'><strong>tentiam</strong></span> <span class='ocrx_word' id='word_1_371' title='bbox 256 3895 369 3988; x_wconf 88' lang='lat' dir='ltr'><strong>plebis</strong></span> <span class='ocrx_word' id='word_1_372' title='bbox 392 3894 657 3974; x_wconf 90' lang='lat' dir='ltr'><strong>diminuebaut,</strong></span> <span class='ocrx_word' id='word_1_373' title='bbox 683 3908 718 3966; x_wconf 93' lang='lat' dir='ltr'><strong>et</strong></span> <span class='ocrx_word' id='word_1_374' title='bbox 741 3888 966 3984; x_wconf 89' lang='lat' dir='ltr'><strong>Oligarchias</strong></span> <span class='ocrx_word' id='word_1_375' title='bbox 988 3922 1074 3969; x_wconf 90' lang='lat' dir='ltr'><strong>con·</strong></span> <span class='ocrx_word' id='word_1_376' title='bbox 1125 3892 1218 3964; x_wconf 91' lang='lat' dir='ltr'><strong>blica</strong></span> <span class='ocrx_word' id='word_1_377' title='bbox 1243 3909 1277 3967; x_wconf 91' lang='lat' dir='ltr'><strong>et</strong></span> <span class='ocrx_word' id='word_1_378' title='bbox 1299 3906 1402 3966; x_wconf 88' lang='lat' dir='ltr'><strong>autor</strong></span> <span class='ocrx_word' id='word_1_379' title='bbox 1426 3909 1460 3968; x_wconf 90' lang='lat' dir='ltr'><strong>et</strong></span> <span class='ocrx_word' id='word_1_380' title='bbox 1481 3897 1674 3973; x_wconf 89' lang='lat' dir='ltr'><strong>dissolutor</strong></span> <span class='ocrx_word' id='word_1_381' title='bbox 1694 3905 1861 3996; x_wconf 86' lang='lat' dir='ltr'><strong>callidus,</strong></span> <span class='ocrx_word' id='word_1_382' title='bbox 1885 3935 1946 3986; x_wconf 88' lang='lat' dir='ltr'><strong>seu</strong></span> <span class='ocrx_word' id='word_1_383' title='bbox 1966 3931 2006 3990; x_wconf 93' lang='lat' dir='ltr'><strong>ut</strong></span> <span class='ocrx_word' id='word_1_384' title='bbox 2020 3918 2110 3994; x_wconf 88' lang='lat' dir='ltr'><strong>Rei-</strong></span> 
     </span>
     <span class='ocr_line' id='line_1_37' title="bbox 83 3990 2108 4096; baseline 0.011 -22"><span class='ocrx_word' id='word_1_385' title='bbox 83 3999 294 4075; x_wconf 86' lang='lat' dir='ltr'><strong>stituebant:</strong></span> <span class='ocrx_word' id='word_1_386' title='bbox 333 3997 382 4067; x_wconf 92' lang='lat' dir='ltr'><strong>ita</strong></span> <span class='ocrx_word' id='word_1_387' title='bbox 405 4009 438 4065; x_wconf 91' lang='lat' dir='ltr'><strong>et</strong></span> <span class='ocrx_word' id='word_1_388' title='bbox 458 3990 612 4067; x_wconf 89' lang='lat' dir='ltr'><strong>Athenis</strong></span> <span class='ocrx_word' id='word_1_389' title='bbox 633 3995 783 4066; x_wconf 80' lang='lat' dir='ltr'><strong>sormam</strong></span> <span class='ocrx_word' id='word_1_390' title='bbox 807 3997 1073 4086; x_wconf 81' lang='lat' dir='ltr'><strong>gubernationis</strong></span> <span class='ocrx_word' id='word_1_391' title='bbox 1124 3994 1306 4087; x_wconf 65' lang='lat' dir='ltr'><strong>publicae,</strong></span> <span class='ocrx_word' id='word_1_392' title='bbox 1331 4018 1393 4067; x_wconf 71' lang='lat'><strong>⁸0¹1</strong></span> <span class='ocrx_word' id='word_1_393' title='bbox 1408 3999 1531 4071; x_wconf 64' lang='lat' dir='ltr'><strong>”Uibi</strong></span> <span class='ocrx_word' id='word_1_394' title='bbox 1548 4003 1763 4090; x_wconf 70' lang='lat' dir='ltr'><strong>⁰01¹⁸ulereh</strong></span> <span class='ocrx_word' id='word_1_395' title='bbox 1790 4023 1831 4080; x_wconf 91' lang='lat' dir='ltr'><strong>ut</strong></span> <span class='ocrx_word' id='word_1_396' title='bbox 1851 4011 1892 4082; x_wconf 88' lang='lat' dir='ltr'><strong>in</strong></span> <span class='ocrx_word' id='word_1_397' title='bbox 1906 4013 2108 4096; x_wconf 87' lang='lat' dir='ltr'><strong>Comoediis</strong></span> 
     </span>
     <span class='ocr_line' id='line_1_38' title="bbox 82 4092 2108 4209; baseline 0.014 -42"><span class='ocrx_word' id='word_1_398' title='bbox 82 4112 290 4178; x_wconf 83' lang='lat' dir='ltr'><strong>mutarunt,</strong></span> <span class='ocrx_word' id='word_1_399' title='bbox 322 4110 359 4167; x_wconf 88' lang='lat' dir='ltr'><strong>et</strong></span> <span class='ocrx_word' id='word_1_400' title='bbox 380 4097 523 4185; x_wconf 86' lang='lat' dir='ltr'><strong>triginta</strong></span> <span class='ocrx_word' id='word_1_401' title='bbox 549 4095 637 4167; x_wconf 88' lang='lat' dir='ltr'><strong>viris</strong></span> <span class='ocrx_word' id='word_1_402' title='bbox 661 4092 942 4170; x_wconf 80' lang='lat' dir='ltr'><strong>Atheniensibus</strong></span> <span class='ocrx_word' id='word_1_403' title='bbox 965 4102 1072 4172; x_wconf 77' lang='lat' dir='ltr'><strong>dede.</strong></span> <span class='ocrx_word' id='word_1_404' title='bbox 1124 4099 1337 4184; x_wconf 83' lang='lat' dir='ltr'><strong>exagitatur,</strong></span> <span class='ocrx_word' id='word_1_405' title='bbox 1369 4101 1463 4192; x_wconf 90' lang='lat' dir='ltr'><strong>qnod</strong></span> <span class='ocrx_word' id='word_1_406' title='bbox 1488 4115 1563 4174; x_wconf 92' lang='lat' dir='ltr'><strong>arte</strong></span> <span class='ocrx_word' id='word_1_407' title='bbox 1587 4105 1712 4176; x_wconf 87' lang='lat' dir='ltr'><strong>solitus</strong></span> <span class='ocrx_word' id='word_1_408' title='bbox 1734 4110 1779 4180; x_wconf 90' lang='lat' dir='ltr'><strong>sit</strong></span> <span class='ocrx_word' id='word_1_409' title='bbox 1801 4135 1838 4182; x_wconf 90' lang='lat' dir='ltr'><strong>sc</strong></span> <span class='ocrx_word' id='word_1_410' title='bbox 1869 4137 1910 4186; x_wconf 84' lang='lat' dir='ltr'><strong>ex</strong></span> <span class='ocrx_word' id='word_1_411' title='bbox 1942 4123 2108 4209; x_wconf 83' lang='lat' dir='ltr'><strong>periculis</strong></span> 
     </span>
     <span class='ocr_line' id='line_1_39' title="bbox 84 4198 2107 4299; baseline 0.018 -37"><span class='ocrx_word' id='word_1_412' title='bbox 84 4217 172 4276; x_wconf 76' lang='lat' dir='ltr'><strong>mot</strong></span> <span class='ocrx_word' id='word_1_413' title='bbox 189 4222 363 4271; x_wconf 86' lang='lat' dir='ltr'><strong>summam</strong></span> <span class='ocrx_word' id='word_1_414' title='bbox 386 4211 612 4291; x_wconf 88' lang='lat' dir='ltr'><strong>potestatem,</strong></span> <span class='ocrx_word' id='word_1_415' title='bbox 636 4211 671 4268; x_wconf 95' lang='lat' dir='ltr'><strong>et</strong></span> <span class='ocrx_word' id='word_1_416' title='bbox 687 4199 902 4270; x_wconf 86' lang='lat' dir='ltr'><strong>addiderunt</strong></span> <span class='ocrx_word' id='word_1_417' title='bbox 919 4199 1073 4274; x_wconf 90' lang='lat' dir='ltr'><strong>Laconi·</strong></span> <span class='ocrx_word' id='word_1_418' title='bbox 1123 4198 1300 4286; x_wconf 87' lang='lat' dir='ltr'><strong>evolvere,</strong></span> <span class='ocrx_word' id='word_1_419' title='bbox 1326 4211 1359 4270; x_wconf 92' lang='lat' dir='ltr'><strong>ct</strong></span> <span class='ocrx_word' id='word_1_420' title='bbox 1377 4203 1472 4271; x_wconf 75' lang='lat' dir='ltr'><strong>sc&#39;ad</strong></span> <span class='ocrx_word' id='word_1_421' title='bbox 1487 4204 1686 4275; x_wconf 86' lang='lat' dir='ltr'><strong>occasiones</strong></span> <span class='ocrx_word' id='word_1_422' title='bbox 1711 4208 1901 4286; x_wconf 84' lang='lat' dir='ltr'><strong>inflectere.</strong></span> <span class='ocrx_word' id='word_1_423' title='bbox 1956 4217 2058 4293; x_wconf 90' lang='lat' dir='ltr'><strong>Uude</strong></span> <span class='ocrx_word' id='word_1_424' title='bbox 2072 4242 2107 4299; x_wconf 94' lang='lat' dir='ltr'><strong>et</strong></span> 
     </span>
     <span class='ocr_line' id='line_1_40' title="bbox 84 4293 2104 4409; baseline 0.021 -56"><span class='ocrx_word' id='word_1_425' title='bbox 84 4329 166 4377; x_wconf 67' lang='lat' dir='ltr'><strong>mm</strong></span> <span class='ocrx_word' id='word_1_426' title='bbox 189 4300 417 4396; x_wconf 62' lang='lat' dir='ltr'><strong>praesidium.</strong></span> <span class='ocrx_word' id='word_1_427' title='bbox 469 4295 519 4366; x_wconf 87' lang='lat' dir='ltr'><strong>Hi</strong></span> <span class='ocrx_word' id='word_1_428' title='bbox 540 4297 684 4387; x_wconf 85' lang='lat' dir='ltr'><strong>triginta</strong></span> <span class='ocrx_word' id='word_1_429' title='bbox 708 4299 812 4370; x_wconf 90' lang='lat' dir='ltr'><strong>initio</strong></span> <span class='ocrx_word' id='word_1_430' title='bbox 831 4323 895 4370; x_wconf 85' lang='lat' dir='ltr'><strong>suo</strong></span> <span class='ocrx_word' id='word_1_431' title='bbox 912 4304 1071 4391; x_wconf 88' lang='lat' dir='ltr'><strong>consilio,</strong></span> <span class='ocrx_word' id='word_1_432' title='bbox 1122 4293 1328 4370; x_wconf 88' lang='lat' dir='ltr'><strong>Cothnrnus</strong></span> <span class='ocrx_word' id='word_1_433' title='bbox 1361 4301 1565 4373; x_wconf 88' lang='lat' dir='ltr'><strong>nominatos</strong></span> <span class='ocrx_word' id='word_1_434' title='bbox 1597 4320 1657 4382; x_wconf 89' lang='lat' dir='ltr'><strong>est.</strong></span> <span class='ocrx_word' id='word_1_435' title='bbox 1714 4303 1762 4382; x_wconf 83' lang='lat' dir='ltr'><strong>Et</strong></span> <span class='ocrx_word' id='word_1_436' title='bbox 1784 4311 2040 4409; x_wconf 87' lang='lat' dir='ltr'><strong>Aristophanes</strong></span> <span class='ocrx_word' id='word_1_437' title='bbox 2066 4325 2104 4396; x_wconf 92' lang='lat' dir='ltr'><strong>in</strong></span> 
     </span>
     <span class='ocr_line' id='line_1_41' title="bbox 84 4396 2104 4498; baseline 0.022 -46"><span class='ocrx_word' id='word_1_438' title='bbox 84 4409 163 4477; x_wconf 62' lang='lat' dir='ltr'><strong>,gne</strong></span> <span class='ocrx_word' id='word_1_439' title='bbox 178 4401 393 4494; x_wconf 65' lang='lat' dir='ltr'><strong>cognitione,</strong></span> <span class='ocrx_word' id='word_1_440' title='bbox 415 4398 641 4488; x_wconf 80' lang='lat' dir='ltr'><strong>turbulentos</strong></span> <span class='ocrx_word' id='word_1_441' title='bbox 658 4398 762 4487; x_wconf 87' lang='lat' dir='ltr'><strong>cives,</strong></span> <span class='ocrx_word' id='word_1_442' title='bbox 788 4423 878 4494; x_wconf 90' lang='lat' dir='ltr'><strong>quos</strong></span> <span class='ocrx_word' id='word_1_443' title='bbox 891 4402 999 4474; x_wconf 86' lang='lat' dir='ltr'><strong>fuisse</strong></span> <span class='ocrx_word' id='word_1_444' title='bbox 1016 4429 1071 4476; x_wconf 90' lang='lat' dir='ltr'><strong>se-</strong></span> <span class='ocrx_word' id='word_1_445' title='bbox 1120 4396 1236 4471; x_wconf 86' lang='lat' dir='ltr'><strong>Rauis</strong></span> <span class='ocrx_word' id='word_1_446' title='bbox 1249 4401 1308 4485; x_wconf 85' lang='lat' dir='ltr'><strong>ait,</strong></span> <span class='ocrx_word' id='word_1_447' title='bbox 1335 4425 1414 4471; x_wconf 91' lang='lat' dir='ltr'><strong>cum</strong></span> <span class='ocrx_word' id='word_1_448' title='bbox 1429 4404 1580 4474; x_wconf 87' lang='lat' dir='ltr'><strong>venitin</strong></span> <span class='ocrx_word' id='word_1_449' title='bbox 1600 4408 1800 4498; x_wconf 88' lang='lat' dir='ltr'><strong>discrimen,</strong></span> <span class='ocrx_word' id='word_1_450' title='bbox 1826 4429 1901 4486; x_wconf 92' lang='lat' dir='ltr'><strong>arte</strong></span> <span class='ocrx_word' id='word_1_451' title='bbox 1915 4419 2104 4498; x_wconf 89' lang='lat' dir='ltr'><strong>eluctatum</strong></span> 
     </span>
     <span class='ocr_line' id='line_1_42' title="bbox 84 4499 2103 4620; baseline 0.014 -40"><span class='ocrx_word' id='word_1_452' title='bbox 84 4507 263 4580; x_wconf 86' lang='lat' dir='ltr'><strong>ditionum</strong></span> <span class='ocrx_word' id='word_1_453' title='bbox 279 4515 417 4574; x_wconf 82' lang='lat' dir='ltr'><strong>autores</strong></span> <span class='ocrx_word' id='word_1_454' title='bbox 430 4513 555 4572; x_wconf 92' lang='lat' dir='ltr'><strong>notum</strong></span> <span class='ocrx_word' id='word_1_455' title='bbox 571 4514 663 4586; x_wconf 90' lang='lat' dir='ltr'><strong>erat,</strong></span> <span class='ocrx_word' id='word_1_456' title='bbox 684 4499 946 4574; x_wconf 81' lang='lat' dir='ltr'><strong>interfecerunt.</strong></span> <span class='ocrx_word' id='word_1_457' title='bbox 996 4503 1070 4576; x_wconf 89' lang='lat' dir='ltr'><strong>Nec</strong></span> <span class='ocrx_word' id='word_1_458' title='bbox 1122 4521 1211 4572; x_wconf 82' lang='lat' dir='ltr'><strong>esse:</strong></span> <span class='ocrx_word' id='word_1_459' title='bbox 1248 4499 1453 4575; x_wconf 68' lang='lat' dir='ltr'><strong>He‘mtht&#39;</strong></span> <span class='ocrx_word' id='word_1_460' title='bbox 1479 4501 1550 4586; x_wconf 67' lang='grc' dir='ltr'><strong>ἔξω</strong></span> <span class='ocrx_word' id='word_1_461' title='bbox 1578 4511 1708 4584; x_wconf 61' lang='grc' dir='ltr'><em>κακῶν</em></span> <span class='ocrx_word' id='word_1_462' title='bbox 1722 4507 1767 4583; x_wconf 74' lang='grc' dir='ltr'><em>θῦ</em></span> <span class='ocrx_word' id='word_1_463' title='bbox 1784 4515 1867 4608; x_wconf 62' lang='lat' dir='ltr'><strong>five</strong></span> <span class='ocrx_word' id='word_1_464' title='bbox 1888 4513 1979 4594; x_wconf 65' lang='grc' dir='ltr'><strong>ἀλλὰ</strong></span> <span class='ocrx_word' id='word_1_465' title='bbox 1995 4529 2103 4620; x_wconf 66' lang='lat' dir='ltr'><strong>malos,</strong></span> 
     </span>
     <span class='ocr_line' id='line_1_43' title="bbox 83 4601 2104 4706; baseline 0.014 -35"><span class='ocrx_word' id='word_1_466' title='bbox 83 4611 122 4680; x_wconf 84' lang='lat' dir='ltr'><strong>id</strong></span> <span class='ocrx_word' id='word_1_467' title='bbox 136 4628 238 4698; x_wconf 78' lang='lat' dir='ltr'><strong>aegre</strong></span> <span class='ocrx_word' id='word_1_468' title='bbox 253 4603 335 4676; x_wconf 88' lang='lat' dir='ltr'><strong>tulit</strong></span> <span class='ocrx_word' id='word_1_469' title='bbox 351 4601 516 4696; x_wconf 72' lang='lat' dir='ltr'><strong>populus,</strong></span> <span class='ocrx_word' id='word_1_470' title='bbox 541 4601 625 4694; x_wconf 87' lang='lat' dir='ltr'><strong>quie</strong></span> <span class='ocrx_word' id='word_1_471' title='bbox 642 4625 748 4673; x_wconf 88' lang='lat' dir='ltr'><strong>nemo</strong></span> <span class='ocrx_word' id='word_1_472' title='bbox 764 4601 948 4692; x_wconf 84' lang='lat' dir='ltr'><strong>ignorabat</strong></span> <span class='ocrx_word' id='word_1_473' title='bbox 961 4607 1070 4679; x_wconf 73' lang='lat' dir='ltr'><strong>fuisse</strong></span> <span class='ocrx_word' id='word_1_474' title='bbox 1120 4601 1282 4672; x_wconf 89' lang='lat' dir='ltr'><strong>alludens</strong></span> <span class='ocrx_word' id='word_1_475' title='bbox 1301 4605 1343 4673; x_wconf 90' lang='lat' dir='ltr'><strong>ad</strong></span> <span class='ocrx_word' id='word_1_476' title='bbox 1370 4605 1494 4674; x_wconf 91' lang='lat' dir='ltr'><strong>ludum</strong></span> <span class='ocrx_word' id='word_1_477' title='bbox 1517 4607 1688 4696; x_wconf 87' lang='lat' dir='ltr'><strong>talorum,</strong></span> <span class='ocrx_word' id='word_1_478' title='bbox 1713 4633 1788 4683; x_wconf 87' lang='lat' dir='ltr'><strong>non</strong></span> <span class='ocrx_word' id='word_1_479' title='bbox 1810 4619 1945 4706; x_wconf 88' lang='lat' dir='ltr'><strong>unitas,</strong></span> <span class='ocrx_word' id='word_1_480' title='bbox 1967 4627 2030 4696; x_wconf 87' lang='lat' dir='ltr'><strong>sed</strong></span> <span class='ocrx_word' id='word_1_481' title='bbox 2049 4651 2104 4699; x_wconf 90' lang='lat' dir='ltr'><strong>se-</strong></span> 
     </span>
     <span class='ocr_line' id='line_1_44' title="bbox 84 4698 2103 4800; baseline 0.023 -47"><span class='ocrx_word' id='word_1_482' title='bbox 84 4709 287 4792; x_wconf 58' lang='lat' dir='ltr'><strong>,0g1250503‚</strong></span> <span class='ocrx_word' id='word_1_483' title='bbox 312 4717 348 4776; x_wconf 64' lang='lat' dir='ltr'><strong>et</strong></span> <span class='ocrx_word' id='word_1_484' title='bbox 361 4724 499 4774; x_wconf 73' lang='lat' dir='ltr'><strong>necesse</strong></span> <span class='ocrx_word' id='word_1_485' title='bbox 514 4715 600 4787; x_wconf 87' lang='lat' dir='ltr'><strong>erat,</strong></span> <span class='ocrx_word' id='word_1_486' title='bbox 625 4701 743 4794; x_wconf 89' lang='lat' dir='ltr'><strong>palam</strong></span> <span class='ocrx_word' id='word_1_487' title='bbox 759 4702 944 4777; x_wconf 87' lang='lat' dir='ltr'><strong>seditiosos</strong></span> <span class='ocrx_word' id='word_1_488' title='bbox 958 4731 979 4776; x_wconf 93' lang='lat' dir='ltr'><strong>e</strong></span> <span class='ocrx_word' id='word_1_489' title='bbox 993 4731 1069 4780; x_wconf 89' lang='lat' dir='ltr'><strong>me-</strong></span> <span class='ocrx_word' id='word_1_490' title='bbox 1119 4701 1180 4773; x_wconf 93' lang='lat' dir='ltr'><strong>nio</strong></span> <span class='ocrx_word' id='word_1_491' title='bbox 1199 4703 1322 4777; x_wconf 88' lang='lat' dir='ltr'><strong>victor.</strong></span> <span class='ocrx_word' id='word_1_492' title='bbox 1356 4698 1498 4776; x_wconf 88' lang='lat' dir='ltr'><strong>Accidit</strong></span> <span class='ocrx_word' id='word_1_493' title='bbox 1513 4720 1629 4780; x_wconf 86' lang='lat' dir='ltr'><strong>autem</strong></span> <span class='ocrx_word' id='word_1_494' title='bbox 1647 4707 1769 4782; x_wconf 92' lang='lat' dir='ltr'><strong>hocin</strong></span> <span class='ocrx_word' id='word_1_495' title='bbox 1787 4716 1953 4791; x_wconf 90' lang='lat' dir='ltr'><strong>civilibus</strong></span> <span class='ocrx_word' id='word_1_496' title='bbox 1965 4725 2103 4800; x_wconf 89' lang='lat' dir='ltr'><strong>dissen-</strong></span> 
     </span>
     <span class='ocr_line' id='line_1_45' title="bbox 83 4802 2103 4924; baseline 0.019 -61"><span class='ocrx_word' id='word_1_497' title='bbox 83 4813 144 4884; x_wconf 66' lang='lat' dir='ltr'><strong>gto</strong></span> <span class='ocrx_word' id='word_1_498' title='bbox 172 4809 308 4879; x_wconf 74' lang='lat' dir='ltr'><strong>tollere.</strong></span> <span class='ocrx_word' id='word_1_499' title='bbox 361 4802 431 4876; x_wconf 91' lang='lat' dir='ltr'><strong>Sed</strong></span> <span class='ocrx_word' id='word_1_500' title='bbox 461 4804 690 4875; x_wconf 89' lang='lat' dir='ltr'><strong>immoderata</strong></span> <span class='ocrx_word' id='word_1_501' title='bbox 721 4804 877 4896; x_wconf 86' lang='lat' dir='ltr'><strong>potentia</strong></span> <span class='ocrx_word' id='word_1_502' title='bbox 906 4831 980 4878; x_wconf 86' lang='lat' dir='ltr'><strong>non</strong></span> <span class='ocrx_word' id='word_1_503' title='bbox 1004 4809 1068 4881; x_wconf 84' lang='lat' dir='ltr'><strong>diu</strong></span> <span class='ocrx_word' id='word_1_504' title='bbox 1119 4804 1298 4886; x_wconf 89' lang='lat' dir='ltr'><strong>sionibus,</strong></span> <span class='ocrx_word' id='word_1_505' title='bbox 1322 4819 1362 4876; x_wconf 92' lang='lat' dir='ltr'><strong>ut</strong></span> <span class='ocrx_word' id='word_1_506' title='bbox 1386 4809 1560 4879; x_wconf 88' lang='lat' dir='ltr'><strong>moderati</strong></span> <span class='ocrx_word' id='word_1_507' title='bbox 1585 4834 1604 4880; x_wconf 91' lang='lat' dir='ltr'><strong>a</strong></span> <span class='ocrx_word' id='word_1_508' title='bbox 1628 4807 1953 4892; x_wconf 89' lang='lat' dir='ltr'><strong>vehementioribus</strong></span> <span class='ocrx_word' id='word_1_509' title='bbox 1977 4813 2103 4924; x_wconf 73' lang='lat' dir='ltr'><strong>oppri-</strong></span> 
     </span>
     <span class='ocr_line' id='line_1_46' title="bbox 80 4901 2092 5027; baseline 0.012 -46"><span class='ocrx_word' id='word_1_510' title='bbox 80 4922 201 4982; x_wconf 86' lang='lat' dir='ltr'><strong>mauet</strong></span> <span class='ocrx_word' id='word_1_511' title='bbox 223 4907 317 4978; x_wconf 85' lang='lat' dir='ltr'><strong>intre</strong></span> <span class='ocrx_word' id='word_1_512' title='bbox 339 4905 449 4978; x_wconf 87' lang='lat' dir='ltr'><strong>iustas</strong></span> <span class='ocrx_word' id='word_1_513' title='bbox 468 4919 587 4978; x_wconf 87' lang='lat' dir='ltr'><strong>metas.</strong></span> <span class='ocrx_word' id='word_1_514' title='bbox 640 4901 834 4999; x_wconf 86' lang='lat' dir='ltr'><strong>Aliquanto</strong></span> <span class='ocrx_word' id='word_1_515' title='bbox 856 4923 936 4998; x_wconf 88' lang='lat' dir='ltr'><strong>post</strong></span> <span class='ocrx_word' id='word_1_516' title='bbox 959 4907 1068 5000; x_wconf 91' lang='lat' dir='ltr'><strong>igitur</strong></span> <span class='ocrx_word' id='word_1_517' title='bbox 1117 4917 1281 4991; x_wconf 65' lang='lat' dir='ltr'><strong>mouture</strong></span> <span class='ocrx_word' id='word_1_518' title='bbox 1306 4919 1348 4976; x_wconf 70' lang='lat'><strong>11²</strong></span> <span class='ocrx_word' id='word_1_519' title='bbox 1370 4905 1443 4976; x_wconf 72' lang='lat' dir='ltr'><strong>dlcl</strong></span> <span class='ocrx_word' id='word_1_520' title='bbox 1466 4911 1571 4982; x_wconf 62' lang='lat' dir='ltr'><strong>⁵⁰¹⁶!ss</strong></span> <span class='ocrx_word' id='word_1_521' title='bbox 1605 4909 1720 5011; x_wconf 75' lang='lat' dir='ltr'><strong>”ooo</strong></span> <span class='ocrx_word' id='word_1_522' title='bbox 1743 4909 1860 5012; x_wconf 65' lang='lat' dir='ltr'><strong>drot</strong></span> <span class='ocrx_word' id='word_1_523' title='bbox 1877 4915 1982 5022; x_wconf 57' lang='grc' dir='ltr'><strong>φάγῃ</strong></span> <span class='ocrx_word' id='word_1_524' title='bbox 2002 4927 2092 5027; x_wconf 81' lang='grc' dir='ltr'><em>ὅφιν</em></span> 
     </span>
     <span class='ocr_line' id='line_1_47' title="bbox 81 4984 2103 5108; baseline 0.013 -34"><span class='ocrx_word' id='word_1_525' title='bbox 81 5007 121 5083; x_wconf 82' lang='lat' dir='ltr'><strong>hi</strong></span> <span class='ocrx_word' id='word_1_526' title='bbox 135 5009 282 5102; x_wconf 79' lang='lat' dir='ltr'><strong>triginta</strong></span> <span class='ocrx_word' id='word_1_527' title='bbox 297 5005 368 5076; x_wconf 85' lang='lat' dir='ltr'><strong>viri</strong></span> <span class='ocrx_word' id='word_1_528' title='bbox 382 5006 487 5078; x_wconf 90' lang='lat' dir='ltr'><strong>ctiam</strong></span> <span class='ocrx_word' id='word_1_529' title='bbox 506 5002 671 5078; x_wconf 89' lang='lat' dir='ltr'><strong>honestos</strong></span> <span class='ocrx_word' id='word_1_530' title='bbox 689 5007 799 5092; x_wconf 86' lang='lat' dir='ltr'><strong>cives,</strong></span> <span class='ocrx_word' id='word_1_531' title='bbox 824 5030 913 5101; x_wconf 89' lang='lat' dir='ltr'><strong>quos</strong></span> <span class='ocrx_word' id='word_1_532' title='bbox 929 5025 1065 5082; x_wconf 90' lang='lat' dir='ltr'><strong>metue·</strong></span> <span class='ocrx_word' id='word_1_533' title='bbox 1116 4998 1169 5099; x_wconf 83' lang='grc' dir='ltr'><strong>μή</strong></span> <span class='ocrx_word' id='word_1_534' title='bbox 1182 5030 1270 5078; x_wconf 80' lang='grc' dir='ltr'><strong><em>ποτε</em></strong></span> <span class='ocrx_word' id='word_1_535' title='bbox 1284 5003 1477 5104; x_wconf 71' lang='grc' dir='ltr'><em>γενήσεται</em></span> <span class='ocrx_word' id='word_1_536' title='bbox 1491 5003 1657 5108; x_wconf 80' lang='grc' dir='ltr'><em>δράκων.</em></span> <span class='ocrx_word' id='word_1_537' title='bbox 2090 4984 2103 5024; x_wconf 63' lang='lat'>&#39;</span> 
     </span>
     <span class='ocr_line' id='line_1_48' title="bbox 80 5107 1065 5197; baseline 0.002 -16"><span class='ocrx_word' id='word_1_538' title='bbox 80 5115 169 5186; x_wconf 88' lang='lat' dir='ltr'><strong>bant</strong></span> <span class='ocrx_word' id='word_1_539' title='bbox 189 5123 251 5184; x_wconf 89' lang='lat' dir='ltr'><strong>aut</strong></span> <span class='ocrx_word' id='word_1_540' title='bbox 268 5110 437 5194; x_wconf 86' lang='lat' dir='ltr'><strong>oderant,</strong></span> <span class='ocrx_word' id='word_1_541' title='bbox 461 5107 670 5197; x_wconf 86' lang='lat' dir='ltr'><strong>expulerunt</strong></span> <span class='ocrx_word' id='word_1_542' title='bbox 690 5107 850 5195; x_wconf 87' lang='lat' dir='ltr'><strong>civitate,</strong></span> <span class='ocrx_word' id='word_1_543' title='bbox 877 5123 938 5180; x_wconf 88' lang='lat' dir='ltr'><strong>aut</strong></span> <span class='ocrx_word' id='word_1_544' title='bbox 953 5111 1065 5183; x_wconf 88' lang='lat' dir='ltr'><strong>inter-</strong></span> 
     </span>
    </p>
   </div>
   <div class='ocr_carea' id='block_1_4' title="bbox 372 2723 795 2820">
    <p class='ocr_par' dir='ltr' id='par_1_4' title="bbox 372 2723 795 2820">
     <span class='ocr_line' id='line_1_49' title="bbox 372 2723 795 2820; baseline 0 -22"><span class='ocrx_word' id='word_1_545' title='bbox 372 2723 504 2820; x_wconf 90' lang='lat' dir='ltr'><strong>Captae</strong></span> <span class='ocrx_word' id='word_1_546' title='bbox 522 2741 604 2800; x_wconf 89' lang='lat' dir='ltr'><strong>sunt</strong></span> <span class='ocrx_word' id='word_1_547' title='bbox 617 2723 795 2800; x_wconf 87' lang='lat' dir='ltr'><strong>Athenae:</strong></span> 
     </span>
    </p>
   </div>
   <div class='ocr_carea' id='block_1_5' title="bbox 193 2855 1078 3570">
    <p class='ocr_par' dir='ltr' id='par_1_5' title="bbox 195 2855 818 2936">
     <span class='ocr_line' id='line_1_50' title="bbox 195 2855 818 2936; baseline 0.003 -2"><span class='ocrx_word' id='word_1_548' title='bbox 195 2865 232 2934; x_wconf 78' lang='lat'><strong>2.</strong></span> <span class='ocrx_word' id='word_1_549' title='bbox 256 2857 365 2932; x_wconf 91' lang='lat' dir='ltr'><strong>Anno</strong></span> <span class='ocrx_word' id='word_1_550' title='bbox 383 2855 586 2930; x_wconf 83' lang='lat' dir='ltr'><strong>Artaxerxis</strong></span> <span class='ocrx_word' id='word_1_551' title='bbox 602 2859 818 2936; x_wconf 88' lang='lat' dir='ltr'><strong>Mnemonis.</strong></span> 
     </span>
    </p>

    <p class='ocr_par' dir='ltr' id='par_1_6' title="bbox 195 2960 1077 3155">
     <span class='ocr_line' id='line_1_51' title="bbox 195 2960 1077 3049; baseline 0.006 -15"><span class='ocrx_word' id='word_1_552' title='bbox 195 2961 259 3035; x_wconf 75' lang='lat'><strong>27.</strong></span> <span class='ocrx_word' id='word_1_553' title='bbox 283 2960 414 3046; x_wconf 91' lang='lat' dir='ltr'><strong>Anno,</strong></span> <span class='ocrx_word' id='word_1_554' title='bbox 439 2983 559 3031; x_wconf 89' lang='lat' dir='ltr'><strong>mense</strong></span> <span class='ocrx_word' id='word_1_555' title='bbox 578 2973 693 3049; x_wconf 84' lang='lat' dir='ltr'><strong>sexto,</strong></span> <span class='ocrx_word' id='word_1_556' title='bbox 719 2964 764 3033; x_wconf 93' lang='lat' dir='ltr'><strong>ab</strong></span> <span class='ocrx_word' id='word_1_557' title='bbox 782 2963 887 3036; x_wconf 92' lang='lat' dir='ltr'><strong>initio</strong></span> <span class='ocrx_word' id='word_1_558' title='bbox 908 2964 993 3037; x_wconf 92' lang='lat' dir='ltr'><strong>belli</strong></span> <span class='ocrx_word' id='word_1_559' title='bbox 1007 2965 1077 3039; x_wconf 86' lang='lat' dir='ltr'><strong>Pe·</strong></span> 
     </span>
     <span class='ocr_line' id='line_1_52' title="bbox 295 3061 550 3155; baseline -0.008 -21"><span class='ocrx_word' id='word_1_560' title='bbox 295 3061 550 3155; x_wconf 89' lang='lat' dir='ltr'><strong>loponnesiaci.</strong></span> 
     </span>
    </p>

    <p class='ocr_par' dir='ltr' id='par_1_7' title="bbox 194 3160 810 3243">
     <span class='ocr_line' id='line_1_53' title="bbox 194 3160 810 3243; baseline 0 -7"><span class='ocrx_word' id='word_1_561' title='bbox 194 3165 255 3236; x_wconf 84' lang='grc'><strong>77.</strong></span> <span class='ocrx_word' id='word_1_562' title='bbox 283 3160 390 3234; x_wconf 91' lang='lat' dir='ltr'><strong>Anno</strong></span> <span class='ocrx_word' id='word_1_563' title='bbox 405 3187 424 3232; x_wconf 90' lang='lat' dir='ltr'><strong>a</strong></span> <span class='ocrx_word' id='word_1_564' title='bbox 439 3160 632 3234; x_wconf 90' lang='lat' dir='ltr'><strong>Salaminia</strong></span> <span class='ocrx_word' id='word_1_565' title='bbox 650 3165 810 3243; x_wconf 86' lang='lat' dir='ltr'><strong>victoria.</strong></span> 
     </span>
    </p>

    <p class='ocr_par' dir='ltr' id='par_1_8' title="bbox 194 3262 1078 3460">
     <span class='ocr_line' id='line_1_54' title="bbox 194 3262 1078 3358; baseline 0.007 -22"><span class='ocrx_word' id='word_1_566' title='bbox 194 3265 253 3336; x_wconf 88' lang='grc'><strong>19.</strong></span> <span class='ocrx_word' id='word_1_567' title='bbox 278 3262 386 3336; x_wconf 90' lang='lat' dir='ltr'><strong>Anno</strong></span> <span class='ocrx_word' id='word_1_568' title='bbox 410 3276 491 3334; x_wconf 89' lang='lat' dir='ltr'><strong>ante</strong></span> <span class='ocrx_word' id='word_1_569' title='bbox 510 3278 646 3353; x_wconf 92' lang='lat' dir='ltr'><strong>captam</strong></span> <span class='ocrx_word' id='word_1_570' title='bbox 668 3263 821 3338; x_wconf 79' lang='lat' dir='ltr'><strong>Romam</strong></span> <span class='ocrx_word' id='word_1_571' title='bbox 841 3267 1011 3358; x_wconf 85' lang='lat' dir='ltr'><strong>aGallis‚</strong></span> <span class='ocrx_word' id='word_1_572' title='bbox 1036 3284 1078 3342; x_wconf 92' lang='lat' dir='ltr'><strong>ut</strong></span> 
     </span>
     <span class='ocr_line' id='line_1_55' title="bbox 293 3362 613 3460; baseline -0.006 -26"><span class='ocrx_word' id='word_1_573' title='bbox 293 3362 466 3460; x_wconf 89' lang='lat' dir='ltr'><strong>Polybius</strong></span> <span class='ocrx_word' id='word_1_574' title='bbox 481 3364 613 3434; x_wconf 89' lang='lat' dir='ltr'><strong>scribit.</strong></span> 
     </span>
    </p>

    <p class='ocr_par' dir='ltr' id='par_1_9' title="bbox 193 3461 580 3570">
     <span class='ocr_line' id='line_1_56' title="bbox 193 3461 580 3570; baseline -0.008 -33"><span class='ocrx_word' id='word_1_575' title='bbox 193 3464 302 3570; x_wconf 83' lang='lat' dir='ltr'><strong>Auno</strong></span> <span class='ocrx_word' id='word_1_576' title='bbox 322 3465 449 3537; x_wconf 88' lang='lat' dir='ltr'><strong>mundi</strong></span> <span class='ocrx_word' id='word_1_577' title='bbox 468 3461 580 3538; x_wconf 77' lang='lat'><strong>3565.</strong></span> 
     </span>
    </p>
   </div>
   <div class='ocr_carea' id='block_1_6' title="bbox 79 5203 1065 5406">
    <p class='ocr_par' dir='ltr' id='par_1_10' title="bbox 79 5203 1065 5406">
     <span class='ocr_line' id='line_1_57' title="bbox 79 5203 1065 5300; baseline 0 -16"><span class='ocrx_word' id='word_1_578' title='bbox 79 5216 249 5294; x_wconf 87' lang='lat' dir='ltr'><strong>fecerunt.</strong></span> <span class='ocrx_word' id='word_1_579' title='bbox 276 5203 325 5281; x_wconf 80' lang='lat' dir='ltr'><strong>Et</strong></span> <span class='ocrx_word' id='word_1_580' title='bbox 338 5222 380 5280; x_wconf 87' lang='lat' dir='ltr'><strong>ut</strong></span> <span class='ocrx_word' id='word_1_581' title='bbox 394 5232 431 5279; x_wconf 89' lang='lat' dir='ltr'><strong>se</strong></span> <span class='ocrx_word' id='word_1_582' title='bbox 445 5207 627 5277; x_wconf 90' lang='lat' dir='ltr'><strong>munirent</strong></span> <span class='ocrx_word' id='word_1_583' title='bbox 642 5209 775 5279; x_wconf 87' lang='lat' dir='ltr'><strong>maiore</strong></span> <span class='ocrx_word' id='word_1_584' title='bbox 791 5211 979 5300; x_wconf 88' lang='lat' dir='ltr'><strong>praesidio,</strong></span> <span class='ocrx_word' id='word_1_585' title='bbox 1005 5238 1065 5284; x_wconf 89' lang='lat' dir='ltr'><strong>ca-</strong></span> 
     </span>
     <span class='ocr_line' id='line_1_58' title="bbox 80 5306 1063 5406; baseline -0.014 -21"><span class='ocrx_word' id='word_1_586' title='bbox 80 5317 237 5406; x_wconf 85' lang='lat' dir='ltr'><strong>talogum</strong></span> <span class='ocrx_word' id='word_1_587' title='bbox 253 5309 486 5403; x_wconf 83' lang='lat' dir='ltr'><strong>scripserunt,</strong></span> <span class='ocrx_word' id='word_1_588' title='bbox 511 5306 578 5376; x_wconf 90' lang='lat' dir='ltr'><strong>tria</strong></span> <span class='ocrx_word' id='word_1_589' title='bbox 594 5307 707 5378; x_wconf 89' lang='lat' dir='ltr'><strong>millia</strong></span> <span class='ocrx_word' id='word_1_590' title='bbox 721 5310 872 5394; x_wconf 87' lang='lat' dir='ltr'><strong>civium,</strong></span> <span class='ocrx_word' id='word_1_591' title='bbox 899 5337 988 5404; x_wconf 88' lang='lat' dir='ltr'><strong>quos</strong></span> <span class='ocrx_word' id='word_1_592' title='bbox 1001 5317 1063 5385; x_wconf 90' lang='lat' dir='ltr'><strong>de.</strong></span> 
     </span>
    </p>
   </div>
   <div class='ocr_carea' id='block_1_7' title="bbox 1227 5156 2123 5290">
    <p class='ocr_par' dir='ltr' id='par_1_11' title="bbox 1227 5156 2123 5290">
     <span class='ocr_line' id='line_1_59' title="bbox 1227 5156 2123 5290; baseline 0.027 -44"><span class='ocrx_word' id='word_1_593' title='bbox 1227 5175 1295 5248; x_wconf 82' lang='lat' dir='ltr'><strong>lle</strong></span> <span class='ocrx_word' id='word_1_594' title='bbox 1323 5173 1616 5274; x_wconf 79' lang='lat' dir='ltr'><strong>Thrasybulo</strong></span> <span class='ocrx_word' id='word_1_595' title='bbox 1650 5191 1695 5254; x_wconf 85' lang='lat' dir='ltr'><strong>et</strong></span> <span class='ocrx_word' id='word_1_596' title='bbox 1723 5177 1989 5290; x_wconf 69' lang='lat' dir='ltr'><strong>’Apraoclpc</strong></span> <span class='ocrx_word' id='word_1_597' title='bbox 2119 5156 2123 5170; x_wconf 90' lang='lat'><strong>.</strong></span> 
     </span>
    </p>
   </div>
   <div class='ocr_carea' id='block_1_8' title="bbox 1215 5304 2103 5418">
    <p class='ocr_par' dir='ltr' id='par_1_12' title="bbox 1215 5304 2103 5418">
     <span class='ocr_line' id='line_1_60' title="bbox 1215 5304 2103 5418; baseline 0.028 -38"><span class='ocrx_word' id='word_1_598' title='bbox 1215 5304 1295 5380; x_wconf 81' lang='lat' dir='ltr'><strong>Etsi</strong></span> <span class='ocrx_word' id='word_1_599' title='bbox 1319 5324 1436 5380; x_wconf 89' lang='lat' dir='ltr'><strong>autem</strong></span> <span class='ocrx_word' id='word_1_600' title='bbox 1458 5325 1539 5405; x_wconf 90' lang='lat' dir='ltr'><strong>post</strong></span> <span class='ocrx_word' id='word_1_601' title='bbox 1569 5307 1661 5386; x_wconf 91' lang='lat' dir='ltr'><strong>hanc</strong></span> <span class='ocrx_word' id='word_1_602' title='bbox 1692 5317 1827 5390; x_wconf 91' lang='lat' dir='ltr'><strong>cladem</strong></span> <span class='ocrx_word' id='word_1_603' title='bbox 1851 5348 1917 5394; x_wconf 88' lang='lat' dir='ltr'><strong>nec</strong></span> <span class='ocrx_word' id='word_1_604' title='bbox 1944 5335 2103 5418; x_wconf 90' lang='lat' dir='ltr'><strong>potentia</strong></span> 
     </span>
    </p>
   </div>
   <div class='ocr_carea' id='block_1_9' title="bbox 80 5407 2103 5506">
    <p class='ocr_par' dir='ltr' id='par_1_13' title="bbox 80 5407 2103 5506">
     <span class='ocr_line' id='line_1_61' title="bbox 80 5407 2103 5506; baseline 0.01 -21"><span class='ocrx_word' id='word_1_605' title='bbox 80 5417 187 5487; x_wconf 87' lang='lat' dir='ltr'><strong>lectos</strong></span> <span class='ocrx_word' id='word_1_606' title='bbox 210 5437 252 5484; x_wconf 90' lang='lat' dir='ltr'><strong>ex</strong></span> <span class='ocrx_word' id='word_1_607' title='bbox 272 5411 417 5484; x_wconf 87' lang='lat' dir='ltr'><strong>caeteris</strong></span> <span class='ocrx_word' id='word_1_608' title='bbox 432 5407 678 5480; x_wconf 80' lang='lat' dir='ltr'><strong>existimabant</strong></span> <span class='ocrx_word' id='word_1_609' title='bbox 690 5409 759 5480; x_wconf 87' lang='lat' dir='ltr'><strong>sibi</strong></span> <span class='ocrx_word' id='word_1_610' title='bbox 776 5413 853 5484; x_wconf 84' lang='lat' dir='ltr'><strong>fore</strong></span> <span class='ocrx_word' id='word_1_611' title='bbox 866 5411 1004 5503; x_wconf 84' lang='lat' dir='ltr'><strong>fideles,</strong></span> <span class='ocrx_word' id='word_1_612' title='bbox 1029 5431 1063 5488; x_wconf 89' lang='lat' dir='ltr'><strong>et</strong></span> <span class='ocrx_word' id='word_1_613' title='bbox 1117 5410 1220 5506; x_wconf 85' lang='lat' dir='ltr'><strong>prior</strong></span> <span class='ocrx_word' id='word_1_614' title='bbox 1236 5407 1480 5502; x_wconf 87' lang='lat' dir='ltr'><strong>Athenarum,</strong></span> <span class='ocrx_word' id='word_1_615' title='bbox 1504 5437 1570 5484; x_wconf 89' lang='lat' dir='ltr'><strong>nec</strong></span> <span class='ocrx_word' id='word_1_616' title='bbox 1591 5417 1704 5490; x_wconf 86' lang='lat' dir='ltr'><strong>virtus</strong></span> <span class='ocrx_word' id='word_1_617' title='bbox 1724 5444 1789 5492; x_wconf 82' lang='lat' dir='ltr'><strong>nec</strong></span> <span class='ocrx_word' id='word_1_618' title='bbox 1811 5425 1979 5499; x_wconf 88' lang='lat' dir='ltr'><strong>autoritas</strong></span> <span class='ocrx_word' id='word_1_619' title='bbox 2000 5436 2103 5505; x_wconf 89' lang='lat' dir='ltr'><strong>resti·</strong></span> 
     </span>
    </p>
   </div>
   <div class='ocr_carea' id='block_1_10' title="bbox 131 5511 638 5589">
    <p class='ocr_par' dir='ltr' id='par_1_14' title="bbox 131 5511 638 5589">
     <span class='ocr_line' id='line_1_62' title="bbox 131 5511 638 5589; baseline -0.018 0"><span class='ocrx_word' id='word_1_620' title='bbox 131 5522 309 5589; x_wconf 72' lang='lat' dir='ltr'><strong>hircana.</strong></span> <span class='ocrx_word' id='word_1_621' title='bbox 334 5516 437 5586; x_wconf 80' lang='lat' dir='ltr'><strong>Orco.</strong></span> <span class='ocrx_word' id='word_1_622' title='bbox 463 5515 545 5582; x_wconf 82' lang='lat' dir='ltr'><strong>Vor.</strong></span> <span class='ocrx_word' id='word_1_623' title='bbox 560 5511 638 5580; x_wconf 84' lang='grc' dir='ltr'><strong>ΧΠ.</strong></span> 
     </span>
    </p>
   </div>
   <div class='ocr_carea' id='block_1_11' title="bbox 1317 5511 1633 5780">
    <p class='ocr_par' dir='ltr' id='par_1_15' title="bbox 1317 5511 1633 5780">
     <span class='ocr_line' id='line_1_63' title="bbox 1539 5511 1633 5592; baseline 0.064 -5"><span class='ocrx_word' id='word_1_624' title='bbox 1539 5511 1633 5592; x_wconf 75' lang='lat'><strong>52-</strong></span> 
     </span>
     <span class='ocr_line' id='line_1_64' title="bbox 1317 5709 1443 5780; baseline 0.016 -1"><span class='ocrx_word' id='word_1_625' title='bbox 1317 5709 1443 5780; x_wconf 60' lang='lat' dir='ltr'>A</span> 
     </span>
    </p>
   </div>
   <div class='ocr_carea' id='block_1_12' title="bbox 0 0 2306 5802">
    <p class='ocr_par' dir='ltr' id='par_1_16' title="bbox 0 0 2306 5802">
     <span class='ocr_line' id='line_1_65' title="bbox 0 0 2306 5802; baseline 0 0"><span class='ocrx_word' id='word_1_626' title='bbox 0 0 2306 5802; x_wconf 95' lang='lat' dir='ltr'><strong> </strong></span> 
     </span>
    </p>
   </div>
   <div class='ocr_carea' id='block_1_13' title="bbox 2111 5734 2226 5780">
    <p class='ocr_par' dir='ltr' id='par_1_17' title="bbox 2111 5734 2226 5780">
     <span class='ocr_line' id='line_1_66' title="bbox 2111 5734 2226 5780; baseline 0.017 -1"><span class='ocrx_word' id='word_1_627' title='bbox 2111 5734 2226 5780; x_wconf 66' lang='lat' dir='ltr'><strong>-A</strong></span> 
     </span>
    </p>
   </div>
  </div>
 </body>
</html>
