4604 5804
73 287 136 386 sn
467 211 475 220 ’
716 281 770 354 ·1.
821 225 1118 374 cusosrcou
1150 239 1399 392 cantosrs.
1814 317 1818 320 -
2019 305 2094 386 7„

72 457 235 532 bernatio.
300 451 497 527 Creverunt
525 454 594 527 sub
624 477 666 526 eo
699 453 878 526 idolorum
919 452 1046 524 cultus.
1100 451 2089 554 completasunttriamilliaannorumaconditomun.

72 561 195 652 Spretis
217 557 395 632 seniorum
422 555 600 644 consiliis,
625 579 705 628 cum
730 580 804 627 non
825 554 931 625 vellet
950 553 1047 624 leva·
1098 558 1159 630 do.
1209 551 1264 626 lta
1279 551 1378 624 Deus
1393 577 1467 626 non
1483 555 1599 649 longis
1615 562 1812 640 intervallis
1827 572 2003 650 Doctores
2016 586 2085 654 mi-

71 664 191 732 tionem
205 651 352 730 onerum
370 659 596 751 publicorum
611 657 816 748 admittere,
841 655 1046 728 defecerunt
1095 657 1161 742 sit,
1186 655 1318 750 quibus
1333 657 1474 731 addidit
1491 659 1643 734 illustria
1663 669 1880 746 testimonia:
1900 677 1991 755 'Post
2006 683 2099 758 Noe

68 741 105 834 eb
127 787 164 833 eo
187 763 306 832 decem
335 761 470 848 tribus,
502 775 537 832 et
558 759 658 831 aliud
680 781 827 850 regnum
850 759 1045 829 constitue·
1097 755 1298 844 Abraham,
1338 755 1485 851 loseph,
1528 761 1674 852 Mosen,
1711 767 1833 860 losue,
1868 777 2087 882 Samuelem,

67 879 153 937 runt.
212 859 332 933 Gessit
360 863 453 936 bella
482 859 697 932 infoeliciter
726 885 806 932 cum
834 882 914 951 rege
946 858 1045 930 lero-
1093 858 1288 940 Davidem,
1312 872 1347 930 et
1368 885 1448 932 mox
1468 865 1573 935 valde
1591 867 1880 960 insignesEliam
1896 879 2082 962 etElisac.

67 969 157 1035 boam
181 977 217 1036 et
239 989 319 1036 cum
341 959 538 1058 Aegyptiis.
599 961 652 1035 lta
674 975 754 1055 post
777 985 920 1033 auream
947 975 1042 1035 aeta·
1093 985 1166 1037 um.
1218 957 1400 1032 Elisaeum
1424 965 1562 1036 audivit
1582 963 1718 1048 Esaias.
1770 975 1877 1054 Hunc
1899 980 2077 1069 Ieremias.

67 1082 125 1136 tem
167 1057 371 1145 S'alomonis
409 1079 445 1134 et
487 1065 626 1158 peccata
657 1066 834 1136 cumulata
867 1075 968 1149 sunt,
1006 1077 1043 1136 et
1093 1061 1280 1134 Ieremiam
1302 1059 1444 1139 Daniel.
1494 1063 1679 1144 Danielem
1706 1073 1868 1170 Aggaeus
1891 1087 2079 1170 etZacha.

65 1191 198 1258 magnae
216 1155 433 1238 calamitates
452 1179 602 1238 secutae.
636 1161 734 1236 llaec
750 1167 907 1258 exempla
922 1177 1042 1238 osten·
1092 1164 1174 1240 rias.
1223 1162 1365 1235 Deinde
1380 1167 1527 1240 fuerunt
1541 1167 1754 1264 Malachiae,
1777 1177 1912 1271 Onias,
1936 1187 2078 1269 Maces.¹

68 1272 163 1354 dunt,
184 1293 250 1340 nec
267 1267 478 1340 diuturnum
496 1291 571 1340 esse
585 1267 748 1340 foelicem
763 1281 894 1340 statum
911 1290 1040 1358 regno·
1092 1267 1191 1353 baei,
1216 1265 1374 1352 Simeon,
1400 1265 1603 1361 Zachariae,
1627 1271 1806 1355 Iohannes
1819 1283 1988 1382 Baptista,
2015 1302 2080 1392 qui

68 1395 153 1455 rum,
176 1393 242 1441 nec
259 1372 377 1440 sedem
395 1371 543 1440 eandem
557 1369 790 1462 imperiorum
805 1369 869 1441 diu
883 1392 1041 1461 manere,
1090 1368 1304 1442 monstravit
1337 1365 1521 1444 Christum
1556 1395 1788 1468 praesentem.
1852 1388 2077 1474 Gubernasio

64 1451 143 1542 sicut
165 1471 202 1540 in
227 1471 388 1546 Siracide
404 1471 550 1542 dicitur:
575 1469 743 1562 Regnum
768 1485 906 1563 agente
923 1484 1041 1542 trans-
1072 1485 1210 1546 ,autem
1232 1464 1274 1538 E
1280 1465 1299 1542 l
1305 1466 1322 1538 i
1327 1494 1395 1556 ae,
1420 1488 1594 1568 qnantum
1618 1503 1660 1550 ex
1676 1483 1806 1578 scripta
1821 1484 1969 1570 historia
1983 1507 2077 1594 sumi
2148 1573 2152 1582 ,

66 1575 165 1644 fertur
180 1575 225 1644 ad
241 1587 380 1664 gentem
398 1586 544 1666 propter
558 1571 786 1648 iniusticiam.
823 1571 1039 1668 Quanquam
1089 1586 1216 1667 potest,
1241 1573 1490 1667 complectitur
1504 1601 1618 1650 annos
1633 1581 1761 1676 viginti
1777 1590 1926 1668 circiter.
1963 1595 2007 1670 E
2012 1600 2031 1672 l
2037 1603 2076 1674 i-

65 1689 166 1746 autem
197 1687 234 1746 et
260 1671 440 1746 Ecclesiae
474 1687 604 1746 nocent
634 1675 866 1767 imperiorum
903 1674 1040 1762 ruinae,
1088 1672 1194 1746 soei
1213 1676 1421 1765 gubernatio
1437 1678 1577 1752 circiter
1593 1706 1706 1757 annos
1721 1696 1954 1790 septuaginta.
1991 1703 2076 1782 Fuit

65 1789 167 1846 umen
182 1775 280 1850 Deus
293 1778 429 1868 potenti
445 1779 566 1847 dextra
586 1776 756 1872 reliquias
772 1791 977 1862 conservat,
1003 1788 1040 1848 et
1089 1793 1208 1849 autem
1230 1777 1356 1867 ingens
1372 1779 1600 1872 beneficium,
1624 1787 1711 1858 tales
1725 1792 1887 1869 doctores
1902 1814 1975 1874 tam
1992 1806 2075 1880 lon-

65 1890 195 1970 propter
213 1901 273 1948 eas
294 1879 552 1972 aliquantisper
573 1878 722 1970 imperia
742 1878 887 1964 retinet,
912 1901 958 1948 ne
974 1876 1038 1950 de·
1089 1902 1132 1970 go
1158 1893 1315 1972 tempore
1338 1873 1485 1968 habere,
1510 1885 1573 1980 qui
1593 1888 1638 1958 de
1666 1891 1787 1964 dubiis
1808 1905 2075 1992 quaestionibus

65 1980 124 2052 sint
155 1973 325 2073 hospitia.
390 1977 493 2052 Hanc
530 1979 809 2052 consolationem
837 1975 1038 2074 Prophetae
1088 1983 1303 2073 respondere
1329 1995 1506 2074 poterant.
1563 1984 1618 2059 Ac
1645 2011 1835 2088 propagata
1867 2019 1919 2076 est
1942 2001 2107 2104 horum.

10 2089 11 2092 ‘
65 2103 152 2172 saepe
171 2094 350 2172 repetunt.
576 2165 578 2168 ,
1088 2083 1250 2154 doctrina
1275 2085 1318 2153 ad
1335 2099 1513 2176 posteros,
1541 2091 1626 2184 quia
1641 2110 1761 2170 coetus
1784 2102 1996 2182 discentium
2013 2137 2073 2186 eos

150 2178 187 2251 A
194 2180 242 2251 bi
248 2207 274 2252 a
297 2182 392 2254 filius
411 2180 577 2255 Roboam
598 2184 760 2273 regnavit
782 2197 853 2254 tres
869 2205 983 2255 annos
998 2183 1036 2253 in
1088 2179 1253 2256 habuisse
1268 2187 1495 2260 manifestum
1510 2204 1571 2263 est.

62 2262 148 2354 luda.
196 2283 300 2358 Vicit
314 2306 440 2375 magno
454 2284 591 2376 praelio
606 2285 795 2357 exercitum
811 2283 1010 2359 leroboam.
1189 2283 1337 2357 Necesse
1360 2304 1411 2360 est
1432 2302 1571 2380 autem,
1597 2307 1706 2370 totam
1731 2305 1858 2378 seriem
1874 2301 2072 2406 Propheta-

151 2379 244 2456 Asa
272 2388 433 2476 regnavit
455 2384 494 2456 in
521 2385 610 2457 luda
636 2411 750 2458 annos
775 2384 837 2461 41.
895 2387 1038 2459 Delevit
1088 2412 1186 2474 rum,
1210 2411 1333 2459 eorum
1350 2415 1488 2477 vocem,
1513 2419 1724 2471 consensum
1738 2406 1939 2500 doctrinae,
1962 2421 2072 2492 mira-

63 2483 161 2571 idola,
195 2483 304 2560 etiam
335 2511 419 2559 suae
440 2488 564 2558 matris
591 2489 721 2580 impios
744 2490 862 2558 cultus
884 2489 1037 2561 sustulit.
1088 2490 1188 2576 cula,
1227 2490 1513 2564 coniunctionem
1552 2498 1647 2570 inter
1681 2503 1795 2596 ipsos,
1836 2502 2072 2600 considerare.

64 2581 146 2660 pici,
159 2583 366 2680 Aethiopes.
417 2588 489 2661 Sed
505 2601 626 2680 postea
641 2603 798 2660 mutatus
814 2590 898 2660 fecit
911 2590 1037 2661 foedus
1084 2589 1178 2662 Nam
1201 2595 1426 2666 consentiens
1448 2620 1516 2667 vox
1540 2599 1722 2674 doctrinae
1745 2613 1864 2683 erudit
1884 2631 1919 2688 et
1940 2625 2073 2694 confir-

64 2710 130 2756 cum
148 2714 229 2780 rege
245 2689 391 2785 Syriae,
414 2703 449 2764 et
464 2688 672 2782 obiurgatus
686 2687 902 2786 Prophetam
920 2692 1037 2764 inclu-
1087 2706 1161 2765 mat
1181 2694 1258 2785 pias
1287 2711 1441 2784 mentes,
1475 2711 1511 2771 et
1542 2701 1640 2774 illius
1661 2703 1893 2799 pulcherrimi
1920 2725 2072 2808 agminis

10 2789 12 2806 “
63 2787 347 2870 sisinffleerem,
884 2869 886 2874 ,
1087 2795 1292 2868 coniunctio
1323 2800 1496 2888 ostendit,
1534 2815 1570 2875 et
1597 2829 1670 2877 esse
1701 2803 1896 2887 Ecclesiam
1918 2817 2005 2911 Dei,
2037 2841 2072 2900 es

149 2884 390 2990 Iosophat
412 2891 493 2984 pius
510 2891 676 2966 etfoelir.
727 2890 907 2984 Regnavit
919 2894 960 2966 in
974 2893 1035 2967 lu·
1087 2898 1201 2991 qualis
1216 2899 1274 2972 sit.
1325 2897 1453 2973 Monet
1466 2905 1651 2993 docentes,
1682 2922 1724 2982 ut
1738 2913 1809 3006 ipsi
1825 2943 1968 3020 quoque
1985 2952 2073 3000 con.

63 2991 99 3060 da
117 3017 226 3067 annos
250 2994 380 3086 viginti
406 2993 576 3089 quinque.
635 2993 780 3066 Fecerat
808 2997 935 3069 foedus
955 3023 1035 3069 cum
1086 2999 1304 3070 functionem
1326 3001 1514 3076 intersere
1535 3019 1713 3086 tueantur.
1765 3015 1864 3108 Quid
1887 3023 2073 3116 pulchrius

63 3114 130 3182 rege
150 3095 265 3190 impio
287 3091 434 3182 Achab,
459 3109 605 3188 propter
623 3096 719 3192 quod
734 3120 756 3168 a
771 3097 849 3170 Deo
866 3098 1035 3192 obiurga·
1086 3113 1137 3172 est
1153 3102 1215 3172 tali
1229 3102 1398 3194 collegio,
1421 3107 1525 3200 quale
1537 3122 1589 3182 est
1603 3107 1736 3185 Elisaei
1752 3131 1789 3190 et
1802 3118 2072 3224 discipulorum,

62 3203 108 3262 tus
130 3211 189 3270 est.
243 3195 372 3268 Postea
393 3198 492 3268 domi
506 3198 638 3270 iudicia
658 3201 862 3288 constituit,
888 3215 923 3274 et
941 3203 1036 3273 iudi·-
1086 3203 1124 3274 in
1160 3227 1231 3297 quo
1262 3202 1360 3277 Deus
1393 3200 1550 3296 habitat,
1589 3227 1626 3288 et
1658 3219 1842 3294 manifesta
1868 3230 2073 3308 testimonia
2203 3251 2212 3272 ⁶

64 3295 148 3370 cibus
161 3302 217 3391 pia
234 3301 401 3369 mandata
418 3299 536 3383 dedit,
560 3321 651 3390 quae
665 3293 862 3374 recitantur
873 3305 909 3378 2.
926 3301 1036 3374 Para·
1086 3305 1261 3390 ostendit,
1284 3307 1370 3376 etin
1387 3332 1458 3403 quo
1475 3313 1591 3383 studia
1605 3334 1698 3413 ¹sunt
1713 3345 1816 3412 verae
1831 3328 2014 3407 doctrinae
2029 3340 2073 3410 de

63 3393 115 3486 llp.
137 3399 197 3472 19:
239 3398 324 3470 Non
359 3395 516 3469 hominis
550 3399 717 3470 exercetis
746 3401 938 3487 iudicium,
973 3405 1034 3474 sed
1084 3405 1161 3476 Deo
1188 3419 1223 3475 et
1246 3407 1290 3474 de
1316 3421 1442 3479 natura
1458 3415 1602 3483 rerum?
1641 3415 1690 3491 Et
1706 3425 1834 3498 ordine
1853 3431 1972 3528 aliqua
1987 3439 2073 3510 talia

62 3489 136 3575 Dei,
190 3497 241 3574 Et
268 3501 451 3580 vobiscum
475 3511 527 3570 est
559 3498 599 3568 in
630 3499 782 3586 iudicio,
813 3503 978 3576 videlicet
1001 3519 1036 3576 et
1085 3500 1345 3600 Prophetarum
1369 3511 1515 3602 collegia
1537 3515 1691 3595 fuerunt.
1750 3523 1793 3594 ln
1822 3523 2073 3611 haec'intuea-

62 3599 188 3674 adiutor
210 3615 248 3674 et
270 3603 411 3674 vindex.
471 3599 527 3673 Sit
547 3600 655 3672 timor
678 3599 824 3676 Domini
839 3606 1036 3694 vobiscum,
1085 3631 1185 3694 mur,
1210 3623 1439 3701 quaerentes,
1466 3638 1556 3708 quae
1570 3631 1603 3689 et
1616 3621 1678 3691 ubi
1694 3621 1801 3698 fuerit
1818 3623 1976 3710 Ecclesia
1988 3641 2092 3713 Dei·

63 3716 142 3772 recte
171 3704 372 3798 cognoscite
397 3718 432 3775 et
463 3702 540 3774 sitis
562 3717 780 3780 executores,
829 3703 926 3779 Vicit
944 3707 1035 3780 Am·
1086 3709 1300 3804 Quanquam
1331 3712 1463 3786 interea
1487 3715 1526 3786 in
1551 3718 1614 3794 illo
1639 3721 1715 3816 ipso
1739 3750 1848 3819 regno
1873 3731 2071 3817 lsraiilitieo

62 3805 200 3876 munitas
218 3807 297 3877 sine
317 3805 472 3898 praelio,
496 3818 537 3876 ut
556 3804 704 3876 victoria
721 3807 962 3880 testimonium
979 3835 1035 3882 es-
1084 3826 1223 3907 praeter
1247 3807 1334 3883 haec
1364 3815 1512 3907 collegia
1538 3821 1607 3893 fuit
1631 3845 1758 3924 magna
1784 3835 1977 3914 multitudo
2001 3844 2072 3916 im.

63 3917 106 3974 set
119 3907 331 3998 praesentiae
345 3905 413 3978 Dei
428 3906 466 3976 in
485 3907 551 3978 isto
567 3907 721 3998 populo,
742 3923 777 3980 et
792 3911 985 3980 doctrinae.
1083 3914 1226 4008 piorum
1249 3914 1547 4007 sacrificulorum,
1571 3925 1676 4000 multi
1696 3953 1794 4022 reges
1814 3937 1967 4014 cultores
1989 3946 2072 4018 ido-

59 4080 63 4088 ,
153 4007 333 4102 Tempore
346 4003 511 4100 losephat
527 4009 598 4080 fuit
613 4004 655 4076 E
662 4005 701 4079 lt
707 4034 760 4079 as
775 4006 974 4102 Propheta,
999 4025 1035 4086 et
1083 4017 1221 4103 lorum,
1246 4017 1350 4088 multi
1372 4021 1533 4094 seditiosi
1557 4026 1683 4118 duces,
1697 4035 1772 4130 ,qui
1794 4060 1944 4130 regnum
1963 4071 2070 4134 occu7

63 4103 453 4201 aliquandiudeinceps.
506 4107 680 4184 Successit
711 4108 794 4184 huic
816 4109 857 4183 E
866 4110 884 4183 l
892 4111 1034 4202 iscus,
1083 4120 1232 4211 pabant,
1258 4133 1292 4192 et
1305 4123 1457 4213 patriam
1472 4125 1721 4208 dilacerarunt.
1773 4135 1833 4210 Sic
1848 4142 1943 4217 inter
1956 4151 2071 4222 varias

65 4227 141 4296 quos
171 4211 334 4283 excitavit
355 4209 454 4282 Deus
481 4210 653 4282 immensa
676 4215 834 4287 bonitate
859 4215 897 4290 in
922 4240 1056 4309 regnow
1085 4221 1312 4292 confusiones
1327 4218 1522 4297 Ecclesiam
1542 4243 1659 4303 tamen
1672 4233 1769 4309 Deus
1784 4259 1919 4332 servat,
1943 4247 1983 4320 in
1998 4277 2068 4346 qus

61 4303 161 4393 impio
187 4317 308 4384 decem
335 4313 514 4397 tribuum,
545 4327 586 4384 ut
613 4315 698 4386 inde
722 4317 889 4412 reliquias
908 4313 1034 4391 Eccle-
1084 4323 1137 4415 pii
1154 4345 1296 4409 omnes,
1320 4347 1361 4395 sc
1376 4329 1562 4421 praecipue
1579 4334 1760 4426 doctores,
1787 4367 1828 4413 eo
1844 4343 2111 4437 coniunctium.

46 4399 124 4480 niae
144 4429 385 4508 excerperent,
419 4427 454 4485 et
477 4413 575 4485 idola
599 4416 776 4504 delerent,
808 4432 843 4490 ct
864 4420 1033 4496 docerent
1082 4425 1300 4516 nemmagis
1323 4449 1461 4514 amare,
1492 4444 1526 4502 et
1541 4436 1707 4510 omnibus
1721 4439 1847 4516 officiis
1861 4449 1982 4524 fovere
2005 4438 2069 4528 de·
2124 4505 2132 4520 .
2171 4445 2173 4450 ⁵

64 4516 219 4603 populum
244 4541 413 4611 quaerere
433 4539 553 4586 veram
573 4517 770 4589 doctrinam
787 4533 821 4592 et
837 4543 941 4592 veros
956 4525 1031 4594 cul·
1082 4527 1186 4608 bent,
1200 4611 1203 4618 .
1219 4541 1260 4598 ut
1288 4525 1364 4621 ipsa
1392 4531 1597 4607 coniunctio
1621 4539 1727 4613 decus
1757 4545 1902 4642 aliquod
1926 4533 2068 4650 afferat,

65 4621 111 4679 tus
131 4617 164 4686 in
188 4617 421 4714 lerosolyma,
449 4631 483 4690 et
507 4621 734 4691 ostenderent
762 4623 964 4695 testimonia
987 4627 1032 4697 de
1082 4639 1185 4699 ornet
1197 4630 1396 4702 doctrinam
1412 4645 1446 4703 et
1459 4657 1590 4707 nomen
1602 4638 1687 4728 Dei,
1709 4659 1744 4717 et
1753 4649 1939 4726 confirmet
1951 4657 2043 4748 pios.

65 4733 134 4785 vcra
154 4722 332 4806 doctrina,
357 4745 398 4792 ac
416 4733 458 4792 ut
472 4721 656 4817 aliquanto
674 4723 810 4793 diutius
830 4719 897 4795 hae
911 4728 1031 4798 decem
1183 4725 1343 4816 Iuram
1365 4737 1526 4826 regnavit
1550 4737 1589 4809 in
1612 4740 1701 4816 luda
1725 4769 1841 4820 annos
1863 4752 1899 4828 8.
1950 4755 2066 4832 Dissi-

65 4815 164 4890 tribus
182 4823 221 4893 in
236 4824 350 4915 patria
374 4824 625 4897 retinerentur.
678 4822 769 4894 Nam
786 4842 865 4918 post
878 4823 944 4898 hos
960 4843 1031 4900 sta·
1081 4831 1178 4904 milis
1215 4833 1308 4925 patri
1338 4831 1514 4931 losephat.
1573 4839 1754 4922 interfecit
1784 4867 1906 4925 omnes
1939 4859 2065 4936 fratres

66 4913 119 4986 tim
142 4924 308 4998 abductae
332 4938 426 4999 sunt.
475 4921 531 4996 Ac
552 4940 594 4998 ut
614 4925 784 4997 autoritas
803 4931 919 5001 maior
932 4946 1032 5019 esset,
1081 4956 1183 5018 suos,
1208 4935 1320 5009 coluit
1335 4936 1432 5011 idola
1455 4943 1614 5036 exemplo
1634 4963 1807 5030 materno.
1857 4951 1947 5033 Erat
1967 4965 2064 5037 enirn

65 5028 197 5116 uterque
219 5041 324 5100 natus
346 5038 416 5112 est,
447 5049 524 5096 non
545 5030 612 5099 sub
634 5051 714 5120 rege
737 5025 844 5112 Iuda,
879 5034 940 5104 sed
963 5034 1031 5105 sub
1081 5049 1185 5107 natus
1206 5061 1247 5106 ex
1271 5051 1382 5111 matre
1396 5038 1470 5114 lilia
1485 5045 1576 5134 regis
1590 5047 1770 5125 Samariae
1790 5052 1928 5134 Achab.
1981 5054 2065 5140 Fuit

63 5123 190 5208 regibus
212 5127 405 5204 Samariae.
457 5123 556 5200 Elias
580 5131 619 5200 in
638 5129 770 5225 oppido
785 5125 1029 5210 Thesbiultre
1081 5136 1228 5209 infoelix
1249 5139 1326 5211 eius
1343 5144 1564 5233 gubernatio.
1613 5149 1717 5224 Tunc
1739 5158 1835 5229 enim
1851 5156 1986 5241 Arabes
2003 5163 2064 5240 lu·

66 5213 256 5318 Iordanem,
280 5229 443 5302 Elisaeus
456 5229 495 5298 in
510 5227 678 5321 Gslgala,
704 5237 777 5305 non
794 5237 919 5328 procul
938 5261 959 5309 a
975 5237 1031 5310 le·
1082 5242 1203 5312 daeam
1220 5255 1423 5332 vastarunt,
1448 5251 1482 5317 et
1495 5246 1590 5342 'filios
1605 5248 1722 5325 loram
1740 5258 2001 5338 interfecerunt.

66 5318 164 5403 richo.
214 5331 345 5406 Incidit
366 5346 484 5404 autem
506 5331 717 5422 gubernatio
744 5359 868 5410 eorum
890 5339 930 5411 in
953 5364 1030 5412 me·
1183 5332 1425 5418 Ocharius
1446 5351 1606 5441 regnavit
1627 5356 1665 5425 in
1686 5353 2064 5458 ludaannumunum,

68 5421 150 5498 diam
174 5449 316 5507 aetatem
342 5435 480 5508 muudi.
509 5513 513 5522 .
539 5431 630 5506 Nam
658 5438 724 5509 sub
744 5453 845 5532 patre
864 5437 1031 5537 losephat
1081 5455 1202 5538 captus
1216 5470 1236 5518 a
1251 5469 1332 5538 rege
1347 5445 1528 5523 Samariae
1542 5447 1570 5524 I
1574 5449 1676 5542 elsa,
1701 5475 1790 5534 etex
1804 5460 1952 5540 vulnere
1966 5497 2063 5543 mor-

109 5529 276 5608 llmssra.
302 5541 405 5611 Oeen.
431 5539 607 5609 vocxtl.
1504 5553 1554 5632 49
1945 5567 1961 5594 ”
2068 5621 2073 5632 .
