4696 5820
128 264 205 340 277
675 255 837 332 naon
869 254 947 350 nn
988 246 1311 332 onnoomo
1342 246 1612 330 nazmtvz.
1824 232 1826 240 “
2082 280 2157 354 27,

126 457 244 521 cesso,
277 447 341 505 aut
367 443 656 503 coacervatorum
688 425 882 502 humorum
913 430 1025 511 vicio,
1063 429 1137 498 vel‘
1169 437 1204 499 et
1216 423 1474 516 disputationes
1486 426 1616 498 multas
1628 428 1802 520 eontinet,
1826 449 1861 510 et
1874 447 2030 537 exempla
2048 451 2154 544 digna

124 537 359 610 continuitate
379 536 505 606 soluta.
1168 526 1350 598 memoria.
1409 525 1581 600 Libenter
1602 532 1697 602 enim
1721 528 1791 607 huc
1814 533 1981 619 historias
1995 564 2153 628 veterum

173 693 180 713 ,
227 637 323 707 Haec
340 633 543 706 declarandi
565 627 761 724 aphorismi
782 655 904 720 cansa,
929 656 999 726 qna
1016 631 1116 724 potui
1167 627 1390 719 Scriptorum
1414 630 1605 702 adferimus
1613 684 1627 718 ,
1659 648 1700 705 ut
1723 638 1768 706 ad
1787 651 2063 732 cognoscendam
2080 652 2152 730 Ec.

122 740 298 810 brevitate
322 736 486 828 exposui,
518 749 553 806 et
570 758 635 804 oro
659 747 881 819 reverenter,
906 747 995 806 utet
1011 755 1117 822 argu·
1166 730 1291 800 clesiae
1310 729 1576 823 antiquitatem,
1610 746 1644 804 et
1660 737 1703 804 ad
1726 741 1999 822 considerandas
2015 754 2152 828 diiudi-

122 842 238 911 menti
267 855 303 911 et
335 839 508 908 orationis
539 835 746 908 tenuitatem
782 837 871 906 boni
904 835 1116 916 consulatis,
1165 831 1321 904 cationes
1346 832 1580 904 maximorum
1612 839 1843 911 certaminum
1866 846 2024 924 iuniores
2055 857 2177 930 invi-¹

122 945 222 1035 quod
245 943 400 1013 facturos
421 964 484 1010 vos
507 941 551 1008 de
567 932 786 1008 humanitate
804 951 919 1008 vestra
944 951 979 1008 et
994 936 1116 1029 aequi·
1164 947 1295 1003 tantur.
1346 929 1395 1004 Et
1421 936 1566 1024 prodest
1592 937 1724 1010 intueri
1756 945 1916 1018 omnium
1953 964 2151 1048 temporum

121 1057 214 1128 tate,
244 1057 349 1137 atque
371 1064 452 1132 erga
473 1065 530 1110 me
552 1039 801 1110 benevolentia
822 1039 996 1130 singulari
1019 1051 1115 1110 certo
1163 1031 1379 1118 Ecclesiam,
1405 1047 1446 1106 ut
1461 1037 1601 1126 piorum
1617 1039 1761 1112 iudiciis
1784 1046 1828 1116 de
1844 1049 2006 1125 doctrina
2021 1062 2153 1134 confir-

112 1131 214 1214 ‘mihi
232 1145 439 1236 persuadeo.
987 1195 989 1200 .
1164 1160 1323 1221 mensur,
1350 1149 1384 1206 et
1399 1139 1568 1229 exemplis
1580 1140 1767 1228 erigamur.
1819 1144 1868 1220 Ut
1887 1175 1966 1224 cum
1989 1158 2150 1236 videmus

226 1243 305 1318 Oro
327 1247 433 1314 etiam
454 1240 570 1314 Deum
591 1255 792 1326 aeternnm,
816 1254 951 1333 patrem
968 1240 1115 1314 Domini
1163 1238 1330 1313 omnibus
1359 1239 1576 1326 temporibus
1600 1244 1762 1335 cymbam
1786 1246 1943 1324 lilii'Dei
1964 1251 2151 1335 horribili.

120 1349 239 1418 nostri
258 1350 337 1417 lesu
360 1341 514 1431 Christi,
539 1357 655 1436 peret
677 1359 821 1434 propter
835 1343 967 1428 filium,
991 1356 1031 1414 ut
1051 1345 1116 1412 ad-
1163 1340 1230 1410 bns
1245 1339 1511 1430 tempestatibus
1529 1355 1726 1434 quassatam
1744 1369 1835 1431 esse,
1862 1366 1897 1424 et
1918 1367 2037 1430 umen
2054 1365 2150 1436 divi-

122 1450 171 1518 sit
188 1445 367 1520 Ecclesiae
389 1471 489 1534 suae,
522 1460 556 1516 et
576 1446 616 1514 in
635 1439 700 1514 hac
721 1439 842 1514 schola
859 1458 974 1514 servet
997 1469 1037 1514 ac
1051 1446 1113 1514 de-
1162 1440 1259 1511 nitus
1274 1455 1466 1526 servatam,
1493 1465 1567 1512 non
1580 1445 1786 1535 frangamur
1798 1450 1928 1524 animis
1942 1458 2004 1530 illa
2018 1465 2150 1538 tristis-

120 1551 247 1620 fendat
267 1550 386 1620 studia
409 1547 591 1620 doctrinae
623 1546 803 1630 coelestis,
834 1567 875 1616 ac
900 1559 1114 1616 caeterarum
1163 1542 1251 1611 sima
1275 1542 1408 1634 specie,
1439 1542 1677 1616 existimantes
1707 1571 1851 1637 prorsus
1880 1550 2054 1634 abiedtum
2077 1592 2151 1640 esse

119 1651 257 1722 artium
288 1663 323 1719 et
352 1665 467 1720 totum
497 1649 592 1718 vitae
623 1661 657 1718 et
680 1647 881 1719 studiorum
911 1661 1113 1718 nostrornm
1163 1666 1273 1732 genus
1286 1637 1624 1740 humanumaDeo‚
1645 1648 1704 1719 sed
1721 1650 1870 1725 sciamus
1883 1669 1999 1730 tamen
2013 1687 2151 1759 semper

120 1776 268 1826 cursum
291 1765 387 1840 regat
408 1774 449 1820 ac
472 1751 662 1838 gubernet,
695 1761 731 1818 et
756 1761 903 1819 conatus
932 1749 970 1816 in
1000 1749 1115 1816 medi·
1162 1745 1300 1838 aliquas
1320 1746 1454 1816 servari
1477 1746 1667 1840 reliquias,
1693 1773 1783 1842 quae
1804 1757 1877 1827 sint
1899 1783 1981 1833 vera
1995 1761 2065 1836 Dei
2079 1765 2152 1841 Ec-

119 1855 237 1924 cando
252 1868 392 1923 nostros
406 1865 513 1945 atque
529 1849 742 1921 industriam
756 1851 923 1924 fortunat.
966 1849 1062 1922 Dixi.
1163 1847 1285 1932 clesia,
1308 1861 1342 1918 et
1358 1841 1449 1915 banc
1463 1849 1591 1936 gestari
1605 1850 1771 1922 manibus
1788 1853 1852 1924 lilii
1875 1855 1960 1943 Dei,
1986 1889 2030 1937 ne
2046 1893 2151 1960 pror.
2279 1893 2283 1902 ’

776 1947 777 1952 ’
1162 1971 1221 2017 sus
1243 1947 1481 2039 opprimatur,
1514 1949 1605 2022 sicut
1627 1953 1720 2042 apud
1745 1950 1889 2029 Esaiam
1917 1963 2049 2037 dictum
2081 1987 2149 2044 est:

1163 2046 1241 2138 Ego
1265 2072 1327 2119 vos
1349 2047 1491 2137 gestabo
1513 2051 1618 2122 etiam
1639 2054 1678 2122 in
1692 2069 1852 2142 senecta,
1876 2055 1956 2152 Ego
1975 2067 2060 2154 feci,
2084 2095 2148 2162 ego

137 2221 151 2256 v
1006 2219 1021 2284 1
1162 2151 1305 2220 salvabo
1327 2173 1403 2225 vos.
1454 2149 1527 2220 Nec
1548 2154 1674 2224 dubito
1697 2157 1784 2250 quin
1802 2182 1927 2234 omnes
1948 2169 2009 2259 qui
2027 2167 2150 2245 Eccle-

116 2217 300 2348 Ἦ
913 2223 1103 2342 Q
1161 2251 1249 2323 siam
1271 2265 1409 2334 amant,
1443 2246 1498 2320 his
1523 2247 1679 2327 historiis
1701 2258 1937 2351 delectentur,
1963 2268 2150 2363 inquibus

504 2431 506 2434 Ι
620 2415 629 2435 ,
797 2413 806 2434 ,
1164 2353 1369 2436 recitandis,
1407 2354 1472 2424 etsi
1501 2355 1599 2426 deest
1624 2359 1810 2448 splendor,
1848 2388 1952 2457 quem
1985 2369 2150 2449 adhibuit

242 2517 244 2520 .
328 2417 404 2502 De
434 2411 654 2532 Greyffl'w
684 2413 907 2500 Namam’·
1162 2468 1315 2526 vetustas
1337 2455 1376 2522 in
1399 2456 1635 2548 panegyricis,
1660 2482 1764 2551 quem
1783 2465 1886 2552 pauci
1911 2467 2050 2544 imitare
2068 2501 2151 2568 pos-

190 2579 224 2634 tn
243 2577 322 2633 orat.
340 2576 373 2633 T.
388 2577 423 2630 v,
460 2572 603 2644 ,sosqq.,
634 2575 663 2628 tn
683 2572 864 2630 orationibus
880 2575 1025 2647 postremis
1042 2576 1114 2633 Met.
1162 2571 1264 2638 sunl,
1297 2555 1433 2626 etiarnsi
1458 2555 1587 2626 velint:
1623 2571 1739 2629 tamen
1767 2562 1873 2632 etiam
1904 2566 2023 2643 brevis
2040 2593 2151 2648 'com-

221 2666 251 2718 Ρ·
266 2647 310 2702 ⁵⁵·
327 2655 354 2701 ⁸²
378 2593 459 2716 apud
468 2641 599 2701 ffifflfl·
615 2643 647 2699 Τ·
660 2643 708 2700 ¹¹¹·
726 2663 754 2716 P·
765 2641 827 2697 ⁷³⁸·
1163 2657 1371 2728 memoratio
1393 2657 1522 2728 multas
1542 2659 1805 2732 admonitiones
1827 2665 1930 2737 offert
1948 2675 2052 2745 utiles
2069 2702 2151 2769 par..

647 2753 650 2760 ’
1162 2758 1227 2829 tim
1242 2759 1389 2843 studiis,
1414 2759 1542 2849 partim
1558 2760 1729 2832 moribus.

119 2829 254 2900 θταΐῖθ
284 2820 333 2894 ἆθ
369 2822 546 2916 θ”θθθνὶθ
577 2821 844 2914 Nazianzemi
890 2823 1057 2893 ''wilm“
1090 2843 1114 2894 α
1262 2857 1336 2928 Nec
1358 2882 1442 2929 vero
1465 2859 1652 2953 quicquam
1675 2863 1815 2936 dulcius
1836 2881 1905 2954 est,
1937 2897 2043 2965 quam
2069 2899 2149 2948 cum
2261 2941 2266 2952 .

116 2933 170 3002 Μ.
206 2921 370 2999 Iacobo
403 2918 643 3010 Idessllnm
687 2923 904 3015 Austrinos,
944 2926 1113 3016 nem>
1163 2958 1335 3029 illisviris
1350 2960 1450 3052 qnasi
1465 2960 1633 3053 colloqui,
1659 2965 1755 3056 quod
1769 2965 1823 3052 fit,
1845 2992 1926 3039 cum
1944 2973 1984 3042 in
1997 2970 2052 3046 his
2066 3002 2150 3050 nar-

462 3021 525 3097 20·
538 3020 643 3096 Febr·
661 3022 773 3098 1553·
1162 3060 1363 3132 rationibus
1376 3061 1627 3131 confirmamur
1642 3063 1798 3155 ipsorum
1823 3075 2007 3145 sententiis
2024 3078 2068 3146 de
2083 3081 2152 3150 do-

117 3163 308 3246 Honestae
330 3191 453 3240 causae
473 3183 556 3240 sunt
580 3163 709 3240 horum
734 3192 1004 3260 congressuum,
1029 3195 1113 3241 nam
1163 3162 1293 3248 ctrina,
1325 3175 1360 3233 et
1383 3161 1572 3253 exemplis,
1604 3188 1695 3258 quae
1718 3166 1758 3235 in
1779 3169 1955 3244 similibus
1972 3182 2151 3251 aerumnis

119 3292 151 3347 et
169 3270 480 3344 renunciationem
496 3270 780 3340 testimoniorum
796 3276 896 3342 decet
905 3294 978 3341 esse
993 3274 1113 3362 publi·
1162 3277 1223 3335 aut
1239 3263 1426 3334 consilium
1443 3265 1653 3352 ostendunt,
1677 3280 1739 3340 aut
1761 3283 1853 3342 certe
1868 3277 2082 3348 moesticiam
2098 3281 2152 3352 le·

119 3401 217 3459 cam,
255 3386 291 3442 et
314 3371 503 3441 convenire
533 3394 634 3440 senes
659 3385 829 3464 tanquam
860 3395 1042 3453 censores,
1073 3387 1113 3443 ut
1162 3365 1280 3435 niunl·
1337 3363 1512 3434 Videntur
1533 3366 1629 3434 enim
1659 3367 1791 3440 iniuste
1821 3388 1959 3462 petere,
1991 3393 2031 3450 ut
2054 3395 2151 3454 extra

119 3477 270 3550 audiant
289 3472 408 3566 qualia
432 3472 504 3541 sint
519 3472 702 3542 iuniorum
720 3473 859 3558 studia,
885 3473 973 3542 utile
988 3488 1057 3558 est,
1078 3487 1113 3544 et
1163 3487 1386 3535 communem
1412 3465 1513 3558 quasi
1533 3464 1667 3556 legem,
1699 3470 1804 3542 nobis
1820 3469 1913 3544 nihil
1929 3478 2076 3550 insuave
2091 3507 2151 3552 ac-

117 3581 195 3672 ipse
213 3586 420 3663 conspectus
441 3572 637 3643 multorum
661 3574 881 3644 eruditorum
906 3573 943 3642 in
960 3568 1025 3646 hac
1040 3576 1112 3644 ire·
1163 3566 1277 3651 eldat,
1302 3589 1382 3637 cum
1398 3564 1542 3659 quidem
1558 3567 1727 3654 sciamus,
1749 3594 1858 3662 quare
1876 3588 1949 3647 tota
1963 3573 2151 3652 hominum

118 3677 267 3775 quentia
281 3674 441 3745 accendit
453 3672 592 3744 animos
606 3674 789 3744 iuniorum
804 3678 849 3744 ad
865 3674 1110 3766 cogitationem
1162 3680 1288 3739 natura
1303 3666 1506 3756 ingentibus
1526 3666 1679 3738 miseriis
1698 3686 1842 3744 onerata
1858 3675 1924 3763 sit,
1952 3692 1986 3750 et
2000 3681 2080 3751 illos
2096 3684 2151 3752 vi-

118 3785 163 3852 de
198 3775 330 3848 studiis
364 3775 559 3848 doctrinae.
622 3773 866 3846 Convenimus
893 3790 1009 3846 autem
1037 3802 1111 3848 non
1162 3791 1220 3841 ros
1238 3768 1403 3838 meliores
1418 3767 1596 3861 asperiora
1614 3771 1746 3843 tulisse.

117 3895 261 3954 „ntum
284 3876 329 3946 ad
350 3871 438 3946 haec
456 3877 673 3967 spectacula,
706 3878 766 3945 sed
788 3876 902 3948 multo
931 3879 1042 3968 magis
1066 3881 1109 3949 ad
1265 3866 1319 3940 Ac
1340 3868 1380 3938 in
1402 3868 1479 3960 ipso
1501 3869 1607 3942 inllio
1631 3865 1739 3944 huius
1761 3867 1929 3950 hislorlae
1944 3875 2012 3953 hoc
2034 3908 2151 3956 exem-

117 3978 373 4076 precationem.
425 3976 546 4065 Quare
566 3976 671 4049 initio
694 3980 739 4047 ad
762 3973 854 4048 hanc
880 4003 993 4048 meam
1014 4003 1112 4050 com·
1162 3973 1262 4065 plum
1278 3970 1383 4040 nobis
1396 3984 1534 4060 gratum
1552 3995 1625 4044 esse
1647 3974 1771 4060 debet,
1797 3981 1892 4070 quod
1909 3984 2039 4056 scimus
2057 3985 2152 4058 Gre-

117 4077 415 4153 memorationem
438 4077 588 4166 gemitus
611 4092 646 4150 et
666 4093 747 4150 vota
772 4092 887 4149 vestra
913 4080 1110 4171 adiungite:
1162 4069 1583 4166 gotium-Nazianzenum
1606 4087 1727 4146 11111111
1750 4100 1823 4148 csse
1843 4095 1941 4172 patre
1959 4081 2151 4176 Episcopo,

120 4182 267 4256 Gratias
281 4179 418 4266 agimus
434 4177 513 4248 Deo
530 4193 691 4264 aeterno,
723 4180 814 4271 petri
829 4178 975 4251 Domini
997 4183 1109 4253 nostri
1163 4191 1197 4248 et
1211 4173 1334 4244 scribit
1351 4173 1426 4266 ipse
1442 4189 1511 4246 tam
1526 4175 1609 4244 felix
1625 4177 1732 4246 luisse
1746 4181 1969 4272 coniugium,
1995 4201 2035 4256 ut
2050 4189 2148 4260 aliud

19 4313 22 4318 ·
120 4284 203 4356 lesu
224 4275 380 4364 Christi,
412 4279 560 4351 creatori
582 4281 721 4368 generis
743 4277 913 4366 humani,
940 4305 1108 4354 unacum
1163 4275 1392 4368 tranquillius
1413 4298 1487 4343 non
1510 4275 1651 4348 viderit.
1711 4277 1865 4350 Matrem
1890 4283 1995 4354 etiam
2017 4304 2147 4374 narrat,

118 4386 195 4455 lilio
232 4406 298 4453 suo
318 4378 474 4451 Domino
503 4394 626 4453 nostro
651 4381 729 4453 lesu
752 4378 895 4456 Christo
916 4395 951 4454 et
973 4382 1110 4475 Spiritu
1162 4377 1245 4474 quia
1274 4389 1417 4467 propter
1443 4376 1670 4466 prudentiam
1703 4390 1738 4448 et
1764 4382 2002 4457 sanctissimos
2033 4413 2149 4461 mores

120 4473 262 4565 sancto,
291 4485 387 4575 quod
408 4505 495 4552 voce
515 4477 705 4573 Evangelii
727 4483 822 4554 inter
842 4507 909 4555 nos
933 4499 1110 4558 aeternam
1162 4501 1288 4568 magna
1303 4477 1378 4547 eius
1393 4476 1565 4547 autoritas
1584 4479 1678 4567 apud
1695 4501 1818 4551 omnes
1837 4475 2001 4556 honestas
2016 4503 2150 4562 matro-

119 4582 317 4658 Ecclesiam
332 4582 486 4673 colligit,
510 4596 545 4654 et
559 4579 728 4656 haetenus
746 4607 812 4655 nos
829 4585 1020 4656 clementer
1035 4609 1109 4656 ser-
1162 4604 1227 4652 nas
1249 4591 1344 4662 erat,
1375 4576 1569 4646 multorum
1591 4577 1819 4660 dissidiorum
1842 4584 2038 4658 seminain
2060 4594 2149 4664 urbe

121 4688 237 4771 vavit,
261 4695 297 4755 et
309 4683 427 4756 studia
443 4685 625 4756 doctrinae
639 4686 732 4776 apud
749 4710 814 4756 nos
829 4686 937 4771 rexit,
961 4710 1110 4781 eumque
1161 4680 1335 4754 Nazianza
1353 4690 1389 4748 et
1403 4677 1534 4747 vicinia
1549 4678 1745 4752 extinxisse.

121 4811 285 4871 oramus,
317 4798 358 4855 nt
379 4784 543 4880 deinceps
565 4809 631 4857 nos
653 4801 767 4856 servet
791 4801 826 4858 et
853 4789 1044 4878 gubernet,
1075 4801 1110 4857 et
1263 4777 1329 4850 Est
1361 4790 1477 4848 autem
1506 4777 1678 4850 Nazianza
1706 4781 1877 4873 oppidum
1907 4781 2149 4875 Cappadociae

122 4914 199 4960 non
214 4887 310 4958 sinat
327 4887 485 4976 extingui
499 4889 615 4958 lucem
636 4889 820 4958 doctrinae
842 4912 944 4974 suae,
969 4902 1004 4960 et
1018 4912 1111 4960 sem·
1163 4881 1320 4952 vicinum
1350 4876 1556 4963 Caesareae,
1597 4880 1635 4949 in
1658 4904 1728 4972 qua
1757 4897 1861 4954 natus
1885 4901 1962 4958 erat
1983 4887 2150 4979 Basilius,

122 5014 185 5082 per
202 4991 298 5059 inter
311 5012 377 5058 nos
393 5003 569 5059 aeternam
583 4985 777 5060 Ecclesiam
796 4989 953 5079 colligat.
1162 5007 1242 5054 cum
1260 5003 1331 5073 quo
1351 4993 1468 5071 postea
1492 4973 1576 5048 huic
1590 4992 1625 5050 et
1641 4979 1795 5054 amicitia
1809 5003 2001 5080 perpetua,
2027 5007 2059 5064 et
2076 5006 2151 5064 stu-

223 5087 365 5161 Deinde
381 5113 462 5158 cum
473 5083 839 5168 honestesinstitutum
855 5090 921 5174 sit,
945 5079 1038 5160 utin
1053 5081 1110 5155 his
1163 5084 1305 5156 diorum
1327 5079 1472 5150 societas
1492 5079 1581 5178 init,
1604 5093 1646 5151 ut
1666 5093 1786 5171 postea
1802 5087 1928 5164 dicam.
1980 5089 2070 5164 Cum
2087 5119 2153 5166 au.

125 5190 370 5282 congressibus
394 5192 533 5260 dicatur
555 5190 690 5282 aliquid
714 5194 758 5263 ad
774 5191 977 5262 excitandos
991 5186 1111 5258 iunio-
1161 5199 1233 5255 tem
1254 5183 1354 5255 donri
1385 5179 1632 5270 aparentibus
1662 5181 1811 5258 disceret
1831 5185 2090 5282 Prophetarum
2116 5209 2151 5267 et

125 5315 180 5362 res
199 5294 242 5363 ad
262 5291 490 5372 discendum,
515 5304 576 5363 ant
593 5292 637 5360 ad
654 5291 842 5362 formanda
865 5291 1016 5373 indicia,
1048 5289 1110 5356 de·
1160 5282 1416 5376 Apostolorum
1453 5279 1710 5372 enarrationes,
1755 5280 1933 5386 Ecclesiae
1965 5287 2149 5364 historiam

124 5395 217 5464 crevi
229 5389 417 5466 historiam
429 5391 577 5466 recitare
591 5389 994 5484 GregoriiNaaianzeni,
1019 5412 1110 5484 quae
1160 5401 1195 5459 et
1218 5385 1348 5460 iudicia
1369 5384 1754 5556 sanctorurpsspirorum
1770 5388 1816 5460 de
1831 5390 2046 5480 gravissimis
2063 5418 2149 5467 con.
