4706 5818
78 277 149 354 nst
349 359 355 373 ,
528 336 532 345 ,
629 231 1538 364 1..c1reoutcoucsn10sts.rmsu.
1772 311 1777 318 .
1941 353 1945 364 ¹
2035 263 2111 344 02,

130 444 246 521 Anno
266 439 395 516 mtsndi
413 448 540 538 qnater
561 434 769 522 millesimo,
793 427 1071 536 [quemgesimo
1121 421 1290 492 dseomm
1312 417 1487 491 tumultus
1507 415 1666 512 asperior
1681 415 1896 499 Christianis
1918 429 2031 506 factm
2045 452 2109 522 est,

290 543 431 642 quinto,
1121 544 1210 618 quos
1233 517 1362 612 possim
1384 519 1535 620 interfici
1557 517 1669 594 iussit.
1720 519 1818 596 Haec
1832 545 1913 620 post
1929 531 2108 612 Neronem

128 645 241 720 Anno
258 644 395 719 Rornae
406 639 721 734 octingentesimo,
745 631 924 708 tricesimo
942 629 1060 708 tertio.
1120 622 1284 716 proxime
1302 621 1529 714 persequutio
1551 620 1590 690 in
1605 616 1825 697 Christianos
1844 652 2027 711 numerata
2042 639 2115 727 est,

128 750 242 820 Anno
258 741 392 822 Christi
408 744 642 836 octuagesimo
658 738 775 814 tertio.
1121 723 1158 794 in
1189 747 1258 817 qne
1289 734 1323 792 rt
1348 713 1541 792 Iohannes
1570 715 1840 818 Evangettssa,
1880 741 1960 802 rum
1982 733 2108 812 Eccle-

411 885 455 966 Β
463 919 484 968 ⁰
493 913 532 968 m
539 898 553 967 t
560 901 577 966 ι
584 897 599 966 p
606 910 696 964 m
704 911 736 962 ὃ.
1121 817 1442 1000 lllffifflfmm
1458 825 1617 908 doceret,
1641 824 1813 918 relegatus
1829 831 1932 905 estin
1951 835 2105 914 ineptam

178 1047 431 1126 Domitianus
451 1043 616 1120 successit
634 1040 750 1118 fratri.
800 1033 936 1110 Tenuit
957 1033 1071 1128 imps-
1223 1022 1316 1097 cum
1341 1035 1458 1094 autem
1478 1017 1636 1096 Domitia
1659 1026 1814 1100 coniunx
1837 1033 2021 1126 reperisset
2047 1067 2106 1114 ca.

83 1158 174 1232 rium
197 1176 315 1228 annos
333 1148 556 1248 quindecim,
581 1141 764 1216 dissimilis
787 1135 882 1232 patri
904 1151 939 1210 et
957 1136 1073 1222 fratri,
1121 1129 1277 1219 talognm
1308 1124 1654 1210 interficiendorum,
1692 1127 1861 1223 scriptum
1892 1133 1931 1206 in
1960 1143 2107 1232 pagella,

83 1257 255 1342 erudelis,
287 1252 500 1330 occultator,
529 1246 714 1332 diffidens,
745 1237 925 1336 suspicax,
956 1239 1071 1311 etin.
1121 1231 1160 1300 in
1183 1253 1256 1323 qno
1278 1241 1312 1299 et
1335 1225 1447 1318 ipsius
1468 1241 1501 1298 et
1523 1227 1718 1299 multorum
1740 1233 1936 1306 amicornm
1950 1252 1984 1308 et
1998 1239 2106 1315 liher-

84 1362 246 1442 eidiator,
268 1357 443 1426 obscenus
459 1362 494 1422 et
509 1371 629 1444 rapax.
1120 1337 1239 1403 torum
1263 1328 1409 1400 nomina
1425 1341 1542 1400 erant:
1569 1353 1608 1400 re
1623 1329 1817 1404 deliberata
1832 1358 1913 1406 cum
1929 1337 2021 1426 illis,
2045 1340 2107 1416 [r.

181 1455 384 1532 Domitiani
406 1467 566 1544 tempore
587 1445 721 1520 bellum
744 1441 913 1512 adsersus
934 1433 1071 1510 Roma·
1120 1431 1212 1506 berti
1228 1427 1473 1502 Domitianum
1491 1429 1754 1504 interfecerunt.
1804 1432 1876 1505 Sed
1892 1438 1996 1510 amici
2012 1442 2106 1532 pr'ins

83 1583 147 1634 nos
161 1573 302 1632 motum
319 1569 372 1628 est
384 1545 619 1635 sDecebolo,
643 1545 705 1642 qui
720 1539 869 1616 Daciam
885 1553 920 1613 st
935 1539 1071 1612 vicinas
1120 1557 1202 1605 cum
1217 1525 1345 1605 Nerva
1364 1544 1532 1622 egemnt,
1563 1545 1605 1603 ut
1625 1530 1814 1624 imperium
1839 1535 1904 1607 illo
1926 1537 2109 1618 interiecto

84 1664 243 1754 regiones
266 1657 382 1730 tenuit
400 1657 446 1728 sd
464 1651 606 1728 Istrum.
657 1645 731 1718 Nee
751 1643 903 1716 dubium
919 1655 971 1712 est
986 1655 1071 1712 tunc
1120 1635 1309 1727 reciperet,
1334 1656 1380 1704 ne
1396 1629 1527 1704 milites
1540 1631 1753 1705 seditionem
1768 1653 1965 1718 moverent.

84 1759 249 1834 Daciam
261 1760 392 1834 dictam
407 1779 502 1842 esse,
526 1775 618 1848 qnae
632 1772 729 1820 nnnc
742 1759 794 1821 est
807 1743 937 1838 partim
951 1739 1070 1814 Tran-

85 1852 260 1961 splvanis,
285 1859 415 1955 purtim
431 1848 640 1927 Walschis.

181 1957 493 2040 VirtusDecebali
512 1952 667 2028 sDione
688 1946 746 2020 his
762 1945 880 2019 verbis
896 1943 1073 2036 descripta
1223 1930 1423 2009 Domitiani
1446 1947 1605 2030 tempore
1624 1939 1827 2029 superstites
1848 1941 1993 2018 luerunt
2016 1946 2055 2017 in
2070 1972 2113 2042 ea

87 2082 149 2141 ert:
180 2060 315 2146 Δεινὸς
335 2055 595 2154 potionum
617 2047 789 2144 πολέμιαι
819 2039 940 2126 δεινὸς
954 2069 993 2118 τε
1008 2039 1073 2117 καὶ
1096 2081 1098 2086 -
1122 2049 1221 2130 parte
1243 2037 1340 2107 orbis
1365 2045 1559 2123 terrarum,
1583 2061 1673 2134 quae
1696 2040 1800 2111 nobis
1816 2057 1960 2136 propter
1975 2043 2112 2122 Roma-

87 2159 238 2264 πράξω,
266 2162 436 2238 ἐπελθεῖν
455 2159 648 2250 εὔστοχος
675 2141 916 2246 ἀναχωρήσαι
930 2140 1073 2239 καίριος
1096 2182 1099 2246 3
1122 2164 1210 2210 num
1226 2136 1414 2231 imperium
1427 2152 1511 2209 note
1525 2151 1596 2224 est,
1620 2131 1813 2212 Iohannes
1829 2145 1978 2238 scriptor
1988 2145 2111 2220 Evan-

87 2264 236 2365 ἐνέδρας
270 2257 455 2356 τεχνίτης,
493 2251 615 2356 μάχης
649 2245 823 2354 ἐργάτης,
859 2243 924 2323 καὶ
952 2249 1073 2328 καλῶς
1097 2247 1099 2336 ζ
1122 2239 1223 2332 gelii,
1250 2239 1312 2334 qui
1335 2252 1414 2330 post
1436 2239 1728 2312 resurrectionem
1742 2239 1876 2316 Christi
1893 2247 1981 2319 vixit
1997 2272 2112 2324 annos

85 2365 154 2462 μὲν
175 2365 264 2460 νίκη
278 2357 518 2462 χρήσασθαι,
555 2359 679 2437 κακῶς
700 2349 742 2430 δὲ
766 2348 831 2428 καὶ
851 2347 969 2448 7an
991 2343 1074 2421 (tra.
1094 2350 1100 2412 t
1123 2339 1343 2434 septuaginta
1360 2341 1461 2413 duos.
1511 2337 1654 2412 Dicitur
1669 2343 1784 2429 enim,
1815 2367 1856 2416 ex
1874 2340 2026 2421 hacvita
2048 2354 2112 2424 de·

86 2463 194 2544 pm
209 2463 329 2549 emm·
1124 2441 1265 2514 cessisse
1280 2463 1376 2511 anno
1392 2449 1518 2535 quarto
1527 2439 1694 2527 Traiani,
1720 2437 1829 2518 Anno
1843 2442 1979 2520 Christi
1994 2467 2112 2525 cente·

186 2571 308 2644 Tsnta
331 2565 445 2638 virtus
458 2586 540 2634 cum
555 2559 665 2634 luerit
677 2554 864 2640 Decebali,
887 2551 1074 2625 Romanos
1123 2543 1214 2617 simo
1227 2543 1397 2626 secundo,
1424 2564 1520 2611 anno
1535 2540 1658 2612 aetatis
1672 2565 1756 2613 suae
1770 2548 1983 2637 octogesimo
2000 2575 2109 2628 nono.

89 2675 243 2746 exercuit
264 2691 378 2744 ,nm
399 2664 539 2738 circiter
559 2659 730 2746 sedecim,
755 2670 790 2728 et
811 2655 872 2726 vix
893 2655 1074 2726 undeme
1226 2638 1374 2713 Simeon
1395 2642 1490 2713 filins
1515 2639 1688 2736 Cleopae',
1712 2639 1911 2740 Episcopus
1934 2647 2113 2749 lerosoly..

89 2773 247 2847 pragam,
275 2772 489 2861 imperatore
508 2764 622 2836 victus
643 2774 713 2846 est,
746 2769 787 2830 ut
810 2755 902 2826 inira
925 2754 1073 2826 dicetur.
1124 2767 1224 2830 mae,
1248 2743 1454 2816 interlectos
1475 2758 1633 2835 tempore
1647 2743 1814 2830 Traiani,
1838 2773 1920 2820 cum
1940 2751 2112 2846 attigisset

88 2867 161 2948 Etsi
181 2889 305 2956 autem
318 2867 544 2944 Domitianus
567 2867 735 2935 adversus
752 2881 832 2930 eum
849 2854 1001 2950 suscepit
1014 2877 1074 2926 ex·
1124 2868 1261 2919 sunum
1275 2845 1505 2916 ttsslffilmuffl
1520 2845 1737 2916 Vlcetlmum·

89 2979 323 3068 peditionem'
355 2986 474 3044 nmen
505 2990 581 3036 nm,
610 2963 753 3036 amp
773 2961 819 3032 ,d
842 2953 983 3042 hom,
1013 2955 1074 3027 „d
1226 2939 1849 3040 [gnatiusEpiscopnsAntiochise,
1874 2951 2114 3044 quiadfirmat

90 3079 226 3152 abdidit
252 3099 289 3146 se
308 3073 348 3144 in
369 3073 481 3144 lustra
499 3066 714 3150 libidinum,
738 3074 773 3133 et
793 3061 925 3134 multos
943 3057 1076 3132 amicos
1126 3071 1163 3120 se
1175 3042 1359 3120 Christum
1375 3061 1456 3141 post
1471 3047 1763 3120 resurrectionem
1782 3048 1923 3129 vidisse.

90 3177 241 3252 interfici
263 3175 373 3249 iussit.
425 3169 585 3264 Cumque
599 3163 642 3242 C.
656 3165 790 3238 Fuscus
811 3163 939 3235 missus
952 3171 1091 3234 contra*
1228 3139 1871 3241 ClemeosEpiscopusurhisRomae,
1896 3152 1997 3228 cuius
2012 3181 2114 3230 men-

90 3273 307 3353 Decebalum
328 3297 409 3344 cum
431 3268 631 3362 legionibus
654 3265 848 3336 trucidatus
872 3272 981 3342 esset,
1014 3284 1075 3352 pe-
1126 3253 1260 3322 tionem
1283 3251 1366 3321 lecit
1389 3247 1521 3321 Paulus
1544 3250 1582 3318 in
1604 3245 1765 3340 Epistola
1787 3255 1831 3323 ad
1854 3249 2115 3351 Philippenses.

91 3383 192 3453 cunia
225 3399 347 3469 pacem
377 3371 479 3451 emit,
510 3391 551 3439 ac
578 3365 685 3436 rediit
710 3356 1011 3453 triumphaturus,
1042 3371 1077 3429 et
1125 3347 1174 3422 Et
1197 3345 1257 3420 hic
1279 3349 1429 3419 Traiani
1450 3363 1609 3440 tempore
1626 3346 1822 3441 Epistolam
1845 3355 1889 3423 sd
1907 3353 2112 3434 Corinthios

91 3471 218 3572 passim
234 3469 402 3569 trophaea
418 3469 585 3544 victoriae
599 3462 796 3537 collocavit.
832 3458 1075 3534 Poiitaeetiam
1127 3449 1284 3542 scripsit,
1317 3471 1424 3544 quam
1450 3449 1514 3520 diu
1543 3445 1701 3520 Ecclesia
1721 3448 1991 3528 Corinthiorum
2022 3487 2116 3554 quo·

92 3585 173 3676 quia
193 3577 312 3652 videri
332 3597 407 3654 non
428 3572 529 3645 rudis
552 3567 708 3664 poiticae
729 3563 864 3650 voluit,
888 3560 977 3634 lictis
997 3561 1076 3630 lau·
1126 3551 1245 3625 tennis
1259 3549 1414 3642 relegere
1430 3549 1533 3621 willa
1549 3563 1610 3624 e⁸¹·
1878 3573 1882 3579 ’
2124 3577 2128 3616 ἵ

92 3683 195 3758 ὀίω
218 3695 394 3774 „umque
416 3672 696 3770 expeditionem,
730 3665 886 3758 priorem
909 3665 1076 3733 adversus
1227 3645 1340 3722 Titus
1367 3652 1407 3720 in
1433 3648 1561 3736 Creta,
1590 3650 1652 3744 qui
1681 3649 1800 3742 attigit
1827 3677 1962 3728 sunum
1991 3664 2115 3736 aetatis

92 3780 227 3868 capot,
259 3796 294 3854 et
319 3777 551 3874 posteriorem
573 3782 698 3844 contra
721 3764 855 3852 Dacos,
888 3764 1077 3850 celebrant,
1126 3777 1210 3825 snae
1224 3751 1490 3838 nonagesimum
1505 3765 1682 3845 quartum.
1728 3747 1776 3825 Et
1792 3749 1848 3844 his
1861 3758 2021 3831 adiuncti
2036 3763 2116 3834 lue·

91 3898 128 3958 ut
141 3885 276 3960 &afim
291 3879 425 3976 inqui„
976 3959 979 3967 p
1126 3870 1212 3928 runt
1232 3854 1336 3926 multi
1358 3875 1481 3924 eorum
1504 3855 1699 3936 auditores,
1732 3855 1795 3948 qui
1819 3881 1899 3928 cum
1921 3860 1973 3932 eis
1994 3861 2115 3938 incor-

555 3977 653 4043 p„„,
665 3990 816 4043 mmm
1126 3971 1267 4052 ruptam
1286 3953 1473 4044 Evangelii
1489 3955 1688 4027 doctrinam
1704 3956 1939 4032 retinuerunt.

241 4091 385 4168 Rhenus,
412 4086 574 4150 etsttoniti
586 4081 662 4144 vidit
676 4081 783 4142 domm
796 4067 990 4142 srdustoi.
1225 4048 1458 4154 Polycarpus
1484 4056 1629 4128 auditor
1650 4052 1846 4145 {Oltflmlis
1890 4085 2014 4155 Pffllli
2045 4069 2113 4138 ⁸¹¹1)

95 4182 197 4262 ltern:
249 4191 290 4256 Et
305 4194 460 4256 ooniursto
475 4184 605 4247 deiectos
619 4187 728 4246 seruos
743 4175 852 4247 Dsoos.
1127 4157 1251 4230 Marco
1274 4157 1461 4230 Anlnnlnn
1483 4151 1721 4248 philosopho,
1746 4171 1781 4228 et
1804 4157 1898 4231 Veto
1917 4160 2010 4256 Imp.
2060 4165 2112 4238 Hi

189 4289 263 4365 sed
293 4289 338 4358 de
367 4279 591 4378 expeditione
621 4277 660 4346 in
689 4272 920 4346 Gennanism
952 4280 1075 4341 contra
1126 4273 1161 4338 et
1181 4259 1316 4330 similes
1333 4259 1458 4340 multi,
1483 4271 1520 4328 et
1534 4257 1712 4329 auditores
1725 4282 1806 4331 cnm
1820 4262 1871 4331 eis
1885 4267 2110 4338 eonsentien-

95 4387 210 4464 Cattos
224 4387 323 4463 Dion
347 4384 480 4477 inquit:
506 4377 688 4450 Proiectus
703 4375 742 4446 in
757 4369 1005 4456 Germaniam,
1029 4392 1077 4438 ne
1126 4376 1197 4447 tes,
1229 4362 1375 4433 luerunt
1397 4381 1479 4459 vera
1499 4355 1567 4430 Dei
1589 4351 1757 4436 Ecclesia.
1813 4355 1863 4434 Et
1885 4357 1925 4432 hi
1949 4367 2111 4440 doctores

95 4492 233 4584 quidem
258 4486 454 4580 conspectis
475 4478 635 4554 hostibus
653 4475 770 4548 rediit.
819 4470 941 4546 Cattos
958 4483 1076 4543 autem
1127 4488 1215 4558 qnos
1239 4459 1440 4544 nominavi,
1466 4472 1569 4530 testes
1586 4474 1623 4533 et
1635 4461 1832 4534 adsertores
1845 4465 1991 4541 luerunt
2006 4492 2109 4542 verae

94 4589 414 4666 tenuirrfflaesiam
428 4598 463 4658 et
478 4582 614 4654 vicinas
629 4577 765 4674 aliquas
780 4574 952 4668 regiones,
968 4571 1075 4643 verti.
1126 4579 1162 4637 et
1174 4563 1398 4652 incorruptae
1414 4559 1607 4637 doctrinae.

96 4694 149 4782 εἰ,
174 4709 336 4768 veretum
358 4685 636 4783 appellationum
658 4679 836 4763 indicant,
866 4671 1021 4748 Cassella
1042 4684 1076 4744 et
1227 4663 1343 4738 Simul
1364 4677 1481 4735 antem
1504 4662 1568 4732 illo
1589 4673 1747 4756 tempore
1767 4657 1959 4737 horribiles
1981 4670 2108 4744 conlu-

97 4791 408 4885 Qpffielnbopen.
472 4783 520 4860 Et
546 4781 725 4854 Traianus
754 4791 875 4871 postes
907 4799 987 4847 cum
1015 4795 1075 4846 eos
1126 4767 1244 4838 siones
1271 4767 1426 4836 luerunt.
1490 4756 1700 4860 Ethniciet
1720 4763 1843 4838 ludaei
1865 4767 1982 4858 palam
2005 4788 2108 4847 erant

98 4908 346 4990 compesceret,
369 4891 409 4961 in
422 4888 549 4960 vicinis
564 4883 650 4960 locis
665 4881 854 4952 exercitum
871 4871 1016 4962 habuit,
1041 4887 1093 4948 et·
1126 4867 1243 4942 hostes
1259 4864 1323 4937 filii
1342 4863 1420 4941 Dei.
1469 4859 1609 4936 Deinde
1629 4865 1698 4938 alia
1721 4889 1851 4958 organa
1868 4863 2106 4954 Diahnlornm¹

98 4995 135 5065 in
154 5001 242 5072 urbe
256 4993 407 5070 Colonia
421 4987 618 5081 Agrippina
633 4981 790 5077 primum
808 4979 941 5071 accepit
953 4981 1076 5048 decre-
1127 4985 1234 5076 tetros
1264 4969 1402 5038 furores
1433 4979 1648 5059 sparserunt.
1711 4964 1764 5038 lta
1794 4968 1925 5041 multos
1948 4973 2106 5046 diversos

98 5108 171 5170 tnm
186 5101 229 5174 de
244 5093 462 5172 successione
476 5092 515 5160 in
531 5088 691 5179 imperio.
884 5131 888 5137 -
1124 5068 1244 5144 hostes
1257 5065 1414 5140 Ecclesia
1434 5062 1569 5138 hahuit.
1607 5065 1708 5138 Sient
1722 5090 1818 5139 nunc
1832 5093 1906 5142 non
1920 5075 1987 5143 soli
1996 5073 2106 5146 Turci
2146 5079 2148 5088 “

194 5195 362 5273 Exerrnit
376 5206 493 5268 autem
506 5187 734 5262 Domitianus
749 5180 980 5272 multiplicem
994 5202 1077 5250 eru.
1126 5188 1160 5246 et
1173 5170 1334 5264 Papistae
1354 5183 1436 5240 sunt
1451 5163 1569 5238 hostes
1585 5191 1687 5238 verae
1703 5165 1898 5254 Ecclesiae,
1924 5177 1983 5243 sed
1999 5173 2104 5245 etism

101 5297 282 5376 delitatem.
340 5290 548 5372 Trucidavit
576 5287 707 5358 multos
737 5281 975 5361 Christianos,
1013 5279 1077 5350 lu.
1126 5272 1232 5344 multi
1260 5271 1403 5342 fanatici
1432 5265 1611 5356 homines,
1649 5268 1920 5363 Anahaptistae,
1951 5271 2107 5349 Serreti-

104 5398 203 5474 daeoe
217 5397 444 5490 etEthnieos,
493 5387 667 5466 Fortassis
681 5400 797 5459 autem
811 5400 845 5458 et
859 5395 1002 5478 propter
1015 5380 1093 5471 Iu·v
1127 5389 1219 5462 stae,
1251 5367 1569 5454 Stenckeleldisni,
1600 5381 1665 5446 etc.
1724 5368 1876 5444 Plurimi
1899 5385 2016 5443 autern
2041 5374 2108 5444 im·

151 5505 325 5577 nestros.
350 5506 452 5574 Ores.
478 5499 561 5568 vor.
576 5491 656 5562 ΧΠ.
1549 5465 1598 5544 59
1726 5568 1731 5576 ἱ

1246 1795 1321 1877 De
1354 1801 1577 1874 Ecclesia
1609 1803 1715 1875 etus
1745 1809 1987 1898 temporis.
