4696 5820
817 1341 880 1452 s)
937 1313 1698 1432 ruor‘osrrro'uus

673 1587 720 1639 ex
753 1559 867 1639 Touo
888 1557 958 1638 tv.
992 1583 1074 1660 opp.
1106 1555 1279 1642 Melani.
1313 1557 1527 1660 Wlteherg..
1550 1585 1586 1659 p.
1599 1557 1831 1642 tta-tta.

1138 1789 1352 1808 Μ

235 2031 606 2164 gemmeam,
636 1995 1231 2153 0',mp100p,„303pp0005,
1282 2023 1491 2100 haereditas.
1545 2023 1800 2102 simulantem
1820 2016 2279 2098 multisuntinbocvisi-

232 2195 350 2268 pm
388 2166 630 2245 articulo,
677 2157 933 2236 doctum
980 2163 1228 2254 coelum,
1281 2129 1476 2202 bilicoetn
1496 2123 2279 2225 nonsancti,qnitamenproiessionedo-

108 2315 116 2320 ·
235 2273 409 2350 teodure
443 2264 654 2344 insciolo
684 2263 954 2364 Witedergessas'
979 2247 1005 2336 n
1029 2265 1080 2338 D.
1114 2262 1229 2339 Pte·-
1281 2232 1416 2304 “ffffl‘
1430 2253 1511 2304 ‘¹¹⁰¹
1524 2233 1655 2309 ”³⁰⁶⁸
1667 2229 1940 2350 ml·
2140 2330 2151 2349 3

235 2370 364 2469 lippo
388 2363 714 2450 Melanthum,
746 2374 791 2441 us
813 2373 939 2440 essent
963 2372 1129 2440 matario
1150 2360 1228 2440 riis-
1385 2331 1449 2406 W·
1489 2331 1574 2406 ΝΜ
1596 2333 1683 2406 ¹⁰⁶0
1708 2344 1906 2426 tremam
1927 2343 2278 2424 mterpretanonum,

235 2479 480 2612 natm
518 2473 915 2646 ww:
939 2462 1226 2636 eattae?
1280 2433 1709 2610 attentetur
1727 2428 2277 2616 taratantara

1279 2639 1409 2730 donari
1422 2635 1631 2712 hominibus
1646 2637 1892 2713 remissionem
1905 2648 2145 2728 peccatorum,
2168 2637 2278 2707 iusti-

236 2747 267 2824 1.
302 2731 430 2818 Multa
445 2735 694 2812 suntillustria
710 2736 912 2810 testimonia
926 2736 1116 2826 innatura,
1136 2764 1227 2838 quse
1279 2740 1390 2824 ciam,
1414 2751 1449 2811 et
1467 2741 1617 2812 salntem
1639 2751 1834 2812 aeternam:
1861 2751 1897 2810 et
1910 2735 2122 2836 sententiam
2137 2735 2177 2806 in
2193 2739 2276 2806 sin·
2334 2783 2335 2832 3

236 2847 432 2922 ostendunt
451 2863 525 2914 csse
538 2836 675 2926 Deum,
699 2854 735 2912 et
756 2839 872 2934 qualis
894 2837 959 2927 sit,
982 2841 1027 2912 de
1039 2841 1178 2936 ,quibus
1192 2856 1228 2916 et
1278 2843 1372 2934 gulis
1393 2840 1575 2940 dunfinae
1593 2841 1763 2914 membris
1782 2837 1935 2912 fideliter
1955 2836 2113 2926 retineo,
2147 2861 2220 2933 qua
2235 2838 2276 2908 in

171 2945 172 2948 ’
236 2947 368 3024 Roma.
384 2946 420 3022 1.
439 2941 590 3030 dicitur,
621 2937 670 3016 Ut
692 2941 783 3013 ordo
807 2964 997 3035 corporum
1020 2946 1167 3028 mundi,
1193 2957 1228 3018 et
1279 2937 1454 3032 catholica
1480 2937 1638 3018 Ecclesia
1667 2939 1736 3014 Dei
1762 2939 2033 3032 intelliguntur,
2074 2954 2111 3012 et
2138 2942 2274 3011 damno

235 3064 399 3124 motuum
412 3044 637 3129 coelestium,
663 3043 882 3116 conservatio
898 3044 1113 3136 specierum,
1137 3059 1172 3118 et
1187 3047 1228 3116 in
1279 3065 1403 3118 omnes
1423 3043 1563 3116 furores
1577 3045 1765 3118 damnatos
1779 3041 1922 3118 indiciis
1936 3035 2131 3120 catholicae
2145 3037 2275 3114 Eccle-

131 3207 135 3216 .
235 3148 385 3223 bomine
399 3144 551 3220 noticiae
564 3142 805 3216 discernentes
819 3137 966 3216 honesta
979 3158 1015 3220 et
1028 3147 1166 3242 turpia,
1191 3162 1229 3221 et
1279 3145 1353 3218 siae
1373 3143 1463 3231 Dei,
1479 3143 1678 3232 uidelicet,
1709 3139 1903 3230 Ethnicos,
1934 3137 2151 3236 Epicureos,
2175 3142 2274 3216 Stoi·

236 3253 370 3324 vindex
390 3245 622 3320 conscientia:
648 3247 709 3316 sed
732 3267 833 3318 mena
854 3241 1060 3320 Christiana
1080 3247 1228 3342 aspiciat
1279 3271 1357 3334 cos,
1381 3240 1615 3319 Academicos
1635 3261 1671 3320 et
1690 3245 1845 3332 similes,
1869 3246 1956 3319 item
1978 3239 2163 3328 Iudaicos,
2189 3243 2276 3316 Ma-

237 3349 488 3448 patefactioues
496 3342 584 3432 Dei,
606 3345 715 3418 iactas
727 3345 767 3416 in
783 3345 970 3422 eductione
983 3349 1108 3446 populi
1116 3349 1228 3425 Israel
1278 3344 1499 3434 bomcticos,
1545 3341 1753 3436 Ebioneos,
1797 3341 2057 3432 Manichaeos,
2105 3342 2273 3430 Amanus,

238 3481 280 3528 ex
301 3450 484 3548 Aegypto,
509 3449 551 3521 in
572 3446 839 3522 resuscitatione
859 3462 1103 3538 mortuorum,
1128 3465 1164 3525 et
1187 3453 1226 3521 in
1278 3440 1669 3544 πνευματομαχικοῦς,
1696 3447 1917 3544 Pelagianos,
1941 3445 2172 3532 Novatianos,
2195 3443 2274 3518 Do-

238 3556 319 3640 aliis
338 3551 542 3645 miraculis,
566 3549 663 3621 etin
684 3562 758 3622 tota
776 3545 924 3624 historia
938 3551 1091 3625 Domini
1112 3552 1227 3625 nostri
1279 3551 1474 3640 natisticos,
1499 3568 1534 3623 et
1549 3553 1712 3642 magiam,
1741 3565 1773 3624 et
1790 3549 1906 3622 cultus
1918 3549 2111 3630 idolorum,
2136 3543 2273 3620 Ethni-

238 3650 471 3730 Iesquristi.
521 3647 640 3724 Habet
654 3663 690 3722 et
704 3651 763 3744 pia
773 3673 873 3722 mens
884 3673 959 3722 non
968 3653 1089 3744 ignara
1102 3653 1227 3746 poeni·
1279 3675 1356 3739 cos,
1383 3667 1417 3726 et
1438 3668 1595 3726 recentes
1614 3650 1732 3745 Papae
1752 3663 1787 3726 et
1801 3645 2077 3724 Monscbornm.
2126 3643 2176 3720 Et
2189 3645 2271 3720 Deo

239 3757 371 3830 tentiae
393 3755 433 3824 in
449 3753 524 3824 suis
539 3752 843 3824 consolationibus
857 3765 952 3824 certa
965 3755 1166 3828 testimonia
1181 3758 1227 3827 de
1279 3757 1409 3847 gratias
1432 3777 1519 3846 ago,
1543 3757 1641 3850 quod
1665 3777 1722 3824 me
1746 3777 1787 3824 ex
1810 3749 1867 3824 bis
1888 3753 2045 3824 tenebris
2069 3753 2212 3837 eduxit,
2238 3767 2272 3823 et

237 3855 337 3944 Deo,
360 3857 452 3928 sient
472 3853 606 3924 Paulus
626 3852 762 3945 inquit,
787 3851 913 3928 Roma.
928 3853 980 3928 8.:
1013 3855 1092 3950 lpse
1109 3857 1226 3950 Spiri-
1278 3858 1438 3928 insuam
1461 3851 1657 3928 Ecclesiam
1681 3854 1878 3928 collocavit.
1945 3851 2000 3926 he
2022 3854 2191 3946 profiteor
2216 3879 2272 3922 me

154 4035 157 4040 ,
238 3975 305 4036 tus
316 3969 464 4032 testatur
483 3953 626 4048 spiritui
645 3967 789 4041 nnstm,
813 3957 911 4050 quod
929 3957 1040 4030 umus
1061 3958 1127 4029 filii
1147 3956 1227 4035 Dei.
1278 3981 1352 4030 esse
1367 3959 1566 4030 membrum
1580 3953 1759 4030 Ecclesiae
1771 3953 1840 4030 Dei
1852 3949 2046 4031 etDomini
2060 3955 2174 4030 nostri
2189 3951 2272 4026 Iesu

238 4059 287 4136 Et
305 4051 511 4134 scorium.
529 4057 579 4132 1.:
612 4053 722 4130 Dedit
742 4051 978 4130 arrhabonem
1002 4057 1166 4152 spiritum
1188 4060 1227 4132 iu
1277 4055 1430 4144 Christi,
1455 4071 1490 4132 et
1512 4057 1639 4130 invoco
1658 4057 1776 4133 Deum
1798 4082 1879 4130 cum
1903 4069 1975 4130 tota
1996 4049 2155 4128 Ecclesia
2177 4069 2272 4128 recte

239 4162 349 4236 corda
368 4172 501 4232 nostra.
551 4151 600 4230 Et
620 4172 713 4230 recte
731 4158 932 4231 dictumest
947 4161 993 4231 ab
1009 4155 1226 4252 Augustino:
1279 4160 1469 4248 sentiente,
1494 4183 1600 4255 quam
1614 4182 1690 4232 non
1704 4159 1798 4252 fingo
1813 4159 1928 4232 ideam
1940 4153 2183 4242 Platonicam,
2210 4161 2270 4228 sed

111 4261 115 4271 '
238 4263 398 4340 credens
414 4261 480 4333 scit
492 4282 529 4333 se
545 4260 697 4332 credere·
1278 4263 1358 4334 dico
1374 4276 1512 4335 coetum
1525 4261 1703 4334 visibilem
1717 4282 1802 4349 esse,
1824 4261 1863 4333 in
1875 4283 1947 4356 qno
1957 4271 2062 4331 sonat
2072 4253 2273 4330 voxEvan·

285 4379 293 4391 “
342 4359 391 4435 ll.
416 4358 502 4454 'Ago
516 4359 625 4451 igitur
639 4359 767 4449 gratias
780 4356 877 4447 Deo,
902 4365 998 4455 quod
1013 4386 1050 4434 ae
1065 4363 1228 4457 patefecit
1278 4361 1362 4456 gelii
1382 4363 1607 4456 incorrupta,
1632 4363 1733 4436 cuius
1754 4375 1873 4435 coetus
1894 4361 2096 4434 membrum
2112 4375 2167 4434 eat
2184 4356 2271 4432 hacc

206 4493 208 4498 ·
240 4464 360 4562 generi
387 4457 547 4534 hnmano
576 4460 776 4534 illustribus
807 4463 1038 4556 testimoniis,
1087 4480 1122 4537 et
1149 4465 1229 4538 vult
1278 4468 1354 4559 ipsa
1376 4461 1533 4538 Ecclesia
1561 4461 1689 4537 barum
1722 4466 1927 4555 regionum,
1959 4463 1999 4532 in
2021 4461 2153 4557 quibus
2176 4463 2271 4543 vivo,

240 4565 384 4664 agnosci
400 4565 513 4634 filium
529 4561 776 4648 mediatom
800 4577 837 4636 et
851 4589 934 4638 vera
949 4567 1019 4638 lide
1034 4567 1228 4659 amplector
1279 4567 1345 4640 etsi
1357 4567 1396 4638 in
1414 4563 1480 4639 hac
1494 4591 1637 4663 qnoque
1650 4589 1778 4658 magna
1793 4579 1848 4637 est
1858 4564 2057 4640 infirmitas.

240 4687 351 4770 totam
370 4665 571 4736 doctrinam
593 4663 632 4733 in
648 4659 906 4756 Prophetarum
920 4679 958 4740 et
970 4665 1227 4761 Apostolorum
1381 4666 1427 4740 V.
1467 4665 1588 4740 Homo
1616 4668 1783 4742 conditus
1803 4681 1858 4741 est
1877 4693 1900 4740 a
1921 4665 1999 4742 Deo
2019 4667 2097 4740 sine
2118 4681 2272 4758 peccato,

240 4771 344 4842 libris
373 4768 561 4851 traditam,
605 4777 639 4836 ct
668 4761 960 4858 comprehensam
989 4770 1028 4839 in
1052 4767 1227 4865 Sytnboln
1278 4783 1314 4845 ct
1342 4770 1384 4844 in
1412 4771 1590 4844 creatione
1617 4783 1766 4862 ornatus
1793 4782 1845 4843 cst
1875 4767 2010 4868 illustri
2033 4767 2168 4841 noticia
2188 4765 2270 4847 Dei,

240 4869 470 4966 Apostolieo,
496 4867 631 4940 Niceno
646 4863 1001 4959 aestimatam„
1278 4886 1315 4946 et
1342 4871 1556 4944 mctitudine
1584 4871 1779 4946 voluntatis
1807 4885 1843 4949 et
1867 4870 2007 4962 cordis,
2037 4885 2270 4962 ,congruente

342 4965 410 5041 lll.
445 4965 493 5038 Et
514 4969 610 5042 iuxta
628 4962 935 5042 hancdoctrinam
951 4975 1056 5049 credo
1073 4995 1146 5049 esse
1160 4972 1228 5046 ali·
1279 4997 1359 5046 cum
1372 4973 1544 5069 sapientia
1557 4987 1591 5046 et
1603 4972 1786 5060 voluntate
1799 4967 1889 5062 Dei,
1914 4987 1950 5046 et
1960 4972 2124 5043 libertate
2138 4973 2270 5042 volun-

175 5145 182 5154 ,
240 5095 347 5170 qnam
367 5093 487 5142 veram
502 5066 569 5140 Dei
587 5060 800 5158 Ecclesiam,
825 5095 915 5166 quae
936 5086 987 5146 cst
1007 5089 1126 5150 coetus
1142 5073 1228 5146 visi-
1278 5075 1360 5148 tatis
1388 5100 1463 5146 non
1490 5071 1679 5169 impedite,
1709 5073 1856 5176 luitque}
1876 5065 2049 5168 ternplum
2072 5071 2160 5160 Ilei,
2193 5073 2269 5166 pla-

240 5175 325 5248 bilis
343 5171 555 5264 amplectens
573 5165 828 5262 Evangelium,
853 5173 891 5242 in
914 5200 986 5268 quo
1009 5191 1112 5249 coetu
1133 5177 1229 5248 filius
1279 5199 1361 5248 cens
1376 5173 1465 5248 Deo.
1582 5196 1587 5208 ’
1898 5189 1901 5196 ’

240 5277 310 5351 Dei
328 5274 502 5344 mediator
522 5284 574 5342 est
591 5271 710 5345 efficax
726 5296 790 5365 per
803 5273 1058 5362 ministerium,
1084 5292 1119 5352 et
1132 5277 1229 5348 mul·
1381 5277 1445 5352 Vl.
1487 5277 1637 5372 Propter
1657 5276 1742 5354 baec
1761 5281 1856 5353 dona
1878 5279 1950 5351 dici
1973 5303 2055 5350 eum
2073 5274 2269 5366 Imaginem

172 5461 177 5472 ,
241 5395 296 5452 tos
312 5371 635 5469 regeneratSpiritu
654 5387 795 5463 sancto,
818 5389 859 5449 ut
874 5377 944 5452 sint
959 5391 1100 5452 aeterua
1117 5379 1228 5473 ipsius
1277 5375 1346 5453 Dei
1376 5376 1509 5456 Paulus
1538 5405 1681 5479 quoque
1706 5395 1855 5456 testatur
1884 5376 2015 5475 Ephes.
2039 5377 2092 5456 h:
2126 5375 2269 5450 induite
