4604 5804
70 247 135 326 tat

150 408 343 488 Undecim:
370 409 418 478 ad
433 400 862 500 excidiumlerosolymae
882 402 948 474 sub
960 399 1035 474 Na-

62 516 335 592 buchodonosor.

150 615 379 710 Septuaginta
394 610 490 682 exilii
500 607 713 704 Babylonici
727 620 806 700 post
819 605 1033 678 destructam

62 721 315 814 lerosolymam.

151 821 314 910 Triginta
339 839 418 886 sex:
445 811 543 886 Iesus
559 834 708 903 magnus
724 811 906 897 sacerdos,
932 807 1033 880 cuius

59 929 92 999 lit
105 925 235 996 mentio
251 922 290 990 in
308 912 481 988 Zacharia
496 917 564 986 sub
579 915 684 1010 Cyro.

151 1024 262 1096 Octo:
286 1020 438 1092 loiakim
451 1020 596 1090 absente
614 1031 724 1109 patre.

148 1125 306 1216 Viginti:
336 1120 435 1191 lesus
449 1143 611 1191 reversus
628 1143 647 1188 a
666 1141 746 1208 rege
761 1114 918 1189 Persico·

148 1225 393 1318 Quadraginta
411 1237 505 1294 octo:
536 1221 687 1292 loiakim
702 1221 841 1295 iterum.
890 1297 892 1306 y

144 1328 284 1420 Viginti
299 1340 335 1397 et
350 1348 461 1396 uuus:
487 1323 659 1400 Elialsim.

146 1431 288 1521 Viginti
309 1422 476 1522 quatum:
503 1425 637 1500 loiada.

143 1532 467 1624 vigintiquatuor:
496 1523 659 1599 loatban.

144 1631 293 1705 Decem:
321 1631 456 1702 laddua
472 1631 538 1701 snb
555 1625 772 1700 Alexandro.

57 1732 225 1806 Summa
259 1757 436 1804 annorum
466 1734 512 1802 ad
541 1731 786 1802 Alexandrum
818 1749 931 1821 usque
958 1723 1026 1796 tria

57 1839 156 1934 millia
170 1837 357 1932 quingenti
377 1833 576 1922 octuaginta
595 1847 759 1928 quatuor.
976 1841 983 1851 '

67 1981 71 1988 -
143 1939 283 2030 Viginti
297 1949 446 2029 septem:
474 1931 591 2005 Onias
609 1937 759 2026 priscus.

140 2036 347 2113 Tredecim:
374 2035 502 2108 Simon
526 2036 682 2128 priscus,
708 2035 902 2108 celebratus
922 2054 944 2102 a
966 2029 1024 2102 Si-

55 2140 169 2218 recide.

142 2244 301 2336 Viginti:
326 2239 484 2312 Eleasar.

140 2347 281 2437 Viginti
298 2359 444 2436 septem:
472 2338 669 2418 manasses.

67 2487 72 2498 ·
142 2447 281 2538 Viginti
295 2453 392 2518 octo:
418 2442 545 2515 Simon
563 2442 690 2516 Iustus.
1006 2529 1008 2534 ,

141 2548 306 2639 Triginta
323 2571 468 2616 novem:
496 2539 652 2614 Onias
675 2544 769 2615 filius
783 2539 888 2628 eius,
912 2540 1024 2613 inter-

55 2645 149 2720 lectus
161 2653 205 2722 eb
218 2648 451 2731 Andronico,
476 2648 650 2738 praefecto
661 2641 891 2726 Antiochiae,
917 2665 1023 2736 quem

55 2755 185 2835 pecunia
204 2766 413 2842 corruperat
433 2747 619 2819 Menelaus
648 2751 693 2819 ad
725 2745 858 2818 Oniem
886 2745 1022 2818 interfi-

10 2863 11 2874 ’
55 2848 212 2941 ciendum,
233 2869 277 2926 ut
291 2851 814 2945 ipseM'enelauspontilicatum
824 2860 1023 2938 occuparet.

66 2983 68 2991 ⁴
138 2955 237 3027 Anni
262 2956 436 3051 quinque:
464 2949 615 3022 Iudas
640 2947 963 3023 Maccabaetts.

137 3047 680 3130 Novendecimdonatltas.
802 3065 804 3068 ’

32 3207 36 3222 ι
138 3156 248 3232 Octo:
281 3155 443 3228 Simon
465 3159 576 3229 irater
599 3155 708 3228 ludae
731 3155 946 3230 Maccabaei.

139 3259 275 3350 Viginti
290 3284 364 3330 sex:
391 3257 542 3328 loannes
557 3257 748 3352 Hircanus.

63 3411 66 3421 ι
136 3361 272 3435 Unicus
285 3383 416 3432 annus:
444 3355 685 3434 Aristobulns.
759 3441 763 3454 Ι

136 3463 276 3556 Viginti
291 3477 439 3553 septem:
464 3456 679 3535 Alexander.

135 3563 288 3638 Novem:
315 3562 530 3636 Alexandra.

137 3663 300 3758 Triginta
318 3679 485 3760 quatuor:
510 3663 864 3734 Hircanusutttmus.

137 3765 303 3862 Triginta
317 3780 469 3859 septem:
494 3761 709 3836 Herodes.
760 3764 871 3836 Natos
888 3777 939 3835 est
953 3787 1016 3835 au-

52 3871 108 3930 tem
129 3860 351 3942 Christ-ns
375 3890 470 3938 anno
492 3868 555 3942 30.
568 3865 734 3942 Herodis.

133 3967 236 4046 Hanc
260 3969 424 4043 Philonis
445 3970 613 4040 tabellam
637 3970 779 4054 addidi,
811 3990 1015 4062 quanquam

50 4083 174 4157 Propter
188 4077 388 4163 interregna
401 4073 529 4144 desunt
543 4073 630 4141 anni
644 4071 793 4166 aliquot.
845 4069 915 4141 Sed
931 4095 1015 4163 pro-

48 4174 112 4248 tter
139 4165 327 4247 Pliilonem
367 4189 403 4245 et
440 4187 585 4263 propter
617 4176 744 4244 seriem
783 4167 1015 4243 historiarum
1093 4238 1097 4244 ,

48 4270 172 4349 l¹⁰dest
203 4277 370 4351 studiosis
393 4288 428 4347 et
445 4269 544 4367 ‚banc
570 4276 739 4347 tabellam
762 4276 801 4346 in
824 4269 1013 4367 conspectu

50 4382 117 4444 ΕΝ.

311 4647 479 4734 Liber
516 4647 730 4761 primus,

51 4808 101 4890 qus·
130 4816 385 4911 complectitur
418 4809 492 4884 duo
525 4813 649 4884 millia
676 4829 878 4896 annonem,
919 4807 1011 4883 inde

271 4931 389 5013 sesque
415 4913 462 4987 ob
487 4917 599 4988 initio
622 4911 765 4987 mundi.

55 5047 222 5165 Singulari
245 5084 395 5158 consilio
426 5076 557 5152 Deus'
584 5081 623 5151 in
651 5076 811 5152 Ecclesia
836 5090 952 5150 extare
974 5091 1011 5152 et

49 5181 164 5266 sempe,
183 5186 383 5260 conservari
399 5183 513 5254 voluit
530 5183 634 5254 initia
654 5182 802 5268 mundi,
827 5194 863 5254 ct
881 5180 1007 5252 seriem

51 5283 218 5381 annorum:
244 5313 335 5386 quae
351 5287 496 5382 quidem
507 5296 543 5356 et
556 5285 800 5360 testimoninm
815 5295 868 5356 est
882 5277 1007 5356 deEc-

745 215 779 310 t.
823 201 1117 302 cunomeon
1142 210 1391 291 camonrs.

1954 235 2075 325 ..esa

1085 387 1260 482 originem
1284 389 1421 478 generis
1445 385 1614 479 humaui,
1648 408 1684 467 et
1703 394 1844 468 divinas
1867 403 2073 491 patefactio-
2106 440 2109 450 =

1084 514 1168 580 nes,
1195 506 1230 563 et
1245 494 1447 564 testimonia
1462 495 1758 585 patefactionum,
1784 513 1819 570 et
1833 525 1922 594 quae
1936 507 2071 580 doctri-

1083 618 1149 680 na,
1176 607 1211 666 et
1234 598 1415 687 quomodo
1440 612 1631 688 propagata
1648 599 1704 674 ait.
1756 597 1844 672 Vult
1867 605 1950 676 sciri
1964 623 2072 698 certo,

1082 697 1163 769 ideo
1197 697 1383 768 conditum
1414 723 1487 768 esse
1519 723 1629 790 genus
1659 696 1875 792 humanum,
1913 722 1953 779 ut
1985 712 2071 784 inde

1081 813 1223 870 aeterna
1249 795 1408 868 Ecclesia
1435 801 1632 892 colligatur:
1683 801 1775 877 Vult
1796 819 1830 878 et
1850 831 1972 880 causas
1985 815 2070 886 sciri

1081 901 1322 972 calamitatum
1347 895 1603 990 humanarum,
1634 919 1670 978 et
1690 908 1837 992 mortis,
1869 922 1905 981 et
1928 917 2069 1002 agnosci

1077 1001 1214 1088 filium,
1249 1025 1443 1095 perquem
1467 1005 1701 1077 liberabimur
1727 1009 1772 1078 ab
1796 1005 1853 1078 bis
1880 1015 2001 1097 malis,
2032 1032 2069 1094 et
2130 1092 2133 1100 ,
2161 1073 2166 1084 ,

1078 1105 1314 1176 restituentur
1338 1105 1477 1176 iusticia
1495 1122 1528 1180 et
1544 1109 1616 1181 vita
1640 1123 1795 1186 aeterna.
1843 1109 1898 1182 De
1912 1109 1968 1188 bis
1987 1130 2067 1188 tan·

1078 1207 1124 1277 tis
1150 1208 1258 1278 rebus
1280 1219 1320 1278 ut
1343 1208 1431 1279 certi
1455 1230 1625 1292 essemus,
1658 1213 1745 1282 anni
1768 1218 1889 1286 metae'
1907 1217 1946 1286 in
1968 1236 2073 1300 motu,

1078 1305 1173 1380 Solis
1197 1309 1410 1379 constitutae
1432 1325 1535 1398 sunt,
1562 1326 1596 1384 et
1618 1314 1743 1405 primis
1769 1318 1932 1406 patribus
1949 1334 2066 1394 osten-

1076 1432 1135 1480 sae
1149 1422 1255 1494 sunt,
1277 1424 1311 1482 et
1330 1411 1547 1484 in'doctrina
1564 1415 1760 1506 primorum
1783 1433 1943 1510 patrum,
1972 1425 2067 1494 divi-

1076 1510 1174 1586 nitns
1189 1512 1330 1598 tradita,
1351 1535 1530 1586 annorum
1546 1519 1651 1588 series
1668 1519 1858 1608 diligenter
1871 1521 2066 1617 perscripta

965 1679 966 1684 ,
1077 1627 1138 1685 est.
1188 1611 1239 1685 Et
1261 1615 1401 1689 addidit
1425 1611 1555 1688 Deus
1578 1621 1745 1692 omnibus
1777 1627 1997 1715 temporibus
2018 1630 2065 1699 il-

1074 1715 1199 1786 lustria
1223 1716 1444 1800 testimonia,
1479 1744 1570 1812 quae
1594 1726 1805 1812 ostendunt,
1830 1740 1914 1794 eam'
1931 1730 2066 1801 doctri·
2191 1739 2196 1747 '

1074 1841 1158 1888 nam
1184 1843 1217 1912 ³„
1227 1819 1354 1910 primis
1380 1821 1542 1910 patribus
1565 1826 1805 1894 transmissam
1826 1828 1873 1896 ad
1893 1843 2064 1919 posteros,

1073 1943 1191 1988 veram
1208 1934 1242 1992 et
1258 1945 1334 1990 non
1349 1921 1546 1993 fabulosam
1564 1947 1648 1996 esse.
1695 1923 1791 1998 Huic
1807 1929 1990 2002 doctrinae
2005 1935 2064 2004 di-
2134 1969 2136 1980 ¹

1071 2021 1208 2092 vinitus
1231 2023 1381 2093 traditae
1410 2026 1455 2092 de
1479 2025 1592 2096 initiis
1614 2031 1741 2099 mundi
1766 2043 1812 2102 et·
1829 2033 1968 2121 generis
1992 2027 2063 2105 bn·
2186 2119 2189 2124 ¹

1072 2124 1187 2205 mani,
1220 2139 1255 2194 et
1286 2126 1332 2194 de
1351 2125 1648 2218 patefactionibns
1674 2129 1827 2220 divinis,
1859 2148 2062 2210 constanter

980 2241 981 2246 ’
1074 2225 1321 2299 assentiamur.

1104 2371 1110 2384 ·
1174 2325 1364 2400 Sumamus
1388 2327 1562 2420 igiturex
1587 2331 1704 2421 primo
1727 2336 1821 2409 libro
1833 2327 1949 2410 'Mutet
1975 2365 2061 2412 nar·
2083 2409 2091 2424 ,

1070 2426 1226 2500 rationes
1241 2431 1285 2529 de
1306 2433 1484 2502 creatione
1497 2435 1625 2502 mundi
1641 2449 1675 2505 et
1695 2431 1905 2532 bominum,
1931 2445 1975 2514 de
1991 2436 2060 2514 ho·
2146 2523 2150 2532 ,

1069 2531 1209 2602 minum
1231 2531 1333 2624 lapsu
1359 2547 1394 2606 et
1418 2533 1531 2604 causis
1554 2535 1815 2626 calamitatum,
1846 2543 1891 2614 de
1913 2545 2058 2618 restitu-

1069 2633 1167 2704 tione
1183 2629 1361 2706 Ecclesiae
1374 2650 1454 2727 post
1468 2637 1625 2728 lapsum,
1651 2652 1686 2711 et
1703 2641 1748 2710 de
1774 2635 1952 2716 annornm
1967 2646 2058 2718 serie

1068 2749 1103 2805 et
1127 2735 1327 2807 firmissima
1359 2739 1561 2809 assensione
1588 2761 1645 2810 eas
1669 2743 1932 2834 amplectamur.
1982 2745 2057 2818 Nec

1067 2837 1156 2906 alias
1178 2837 1472 2927 imaginationes,
1505 2842 1578 2910 sive
1603 2841 1820 2933 Democriti,
1846 2847 2057 2922 sivePlato-
2172 2911 2174 2921 ,

1068 2939 1146 3024 nis,
1185 2939 1260 3009 sive
1293 2936 1497 3014 Aristotelis
1525 2944 1775 3023 anteferamus.
1833 2945 1957 3044 ltaque
1988 2945 2055 3022 bae

958 3093 962 3100 .
1066 3065 1123 3112 res
1143 3041 1317 3112 maximae
1339 3043 1444 3116 initio
1467 3059 1563 3117 actae
1584 3059 1687 3134 sunt,
1712 3072 1799 3144 quas
1821 3044 1919 3124 Dens
1938 3053 2055 3126 voluit

1066 3157 1168 3216 notas
1185 3167 1277 3215 esse:

1116 3243 1146 3320 1.
1172 3243 1327 3318 -Creatio
1344 3249 1471 3319 mundi
1487 3261 1522 3320 et
1538 3244 1741 3326 hominum.
1768 3335 1771 3342 ,

1010 3351 1012 3359 ”
1110 3345 1164 3420 ll.
1200 3345 1380 3419 Institutio
1396 3346 1575 3422 Ecclesiae
1591 3366 1625 3423 et
1639 3355 1809 3445 coniugii.

1116 3443 1183 3522 lll.
1210 3446 1355 3519 Certum
1388 3473 1497 3542 opus,
1551 3456 1647 3548 quod
1688 3471 1780 3560 esset
1809 3435 2050 3534 testimoninm

1222 3551 1457 3628 obedientiae.
1496 3597 1499 3606 ·

1113 3649 1178 3726 IV.
1205 3649 1386 3726 Institutio
1402 3655 1565 3726 dominii.

1115 3753 1160 3826 V.
1194 3749 1350 3847 Lapsae,
1377 3779 1479 3828 causa
1495 3757 1620 3829 mortis
1634 3773 1668 3834 et
1686 3762 1936 3864 polemitatum.
1996 3845 1999 3850 ¹

1115 3853 1178 3929 Vl.
1199 3855 1395 3930 Restitutio
1421 3857 1620 3947 Ecclesiae,
1654 3877 1691 3934 et
1713 3889 1848 3956 poenae
1863 3866 2049 3958 mitigatio.

1114 3955 1198 4034 Vll.
1231 3956 1351 4030 Prima
1372 3963 1610 4054 promulgatio
1632 3968 1877 4056 promissionis
1896 3973 1941 4042 de
1968 3969 2050 4042 sat-

1216 4074 1349 4148 vatore,
1372 4064 1555 4136 reddituro
1571 4067 1746 4138 iusticiam
1762 4083 1798 4142 et
1811 4073 1920 4144 vitam
1934 4083 2047 4142 aeter-

1214 4185 1314 4234 nam:
1341 4160 1497 4236 Semen
1517 4163 1735 4241 mulieris
1751 4181 1950 4256 conteret
1972 4195 2045 4244 ca-

1175 4307 1176 4312 =
1213 4261 1591 4364 pulserpenlis.'
2015 4255 2033 4280 ⁸

1162 4359 1302 4438 Harum
1332 4370 1566 4444 maximarum
1592 4397 1713 4446 rerum
1738 4375 1974 4466 cognitionem
2003 4378 2043 4448 in

1060 4457 1220 4538 Ecclesia
1250 4471 1482 4544 necessariam
1513 4497 1588 4544 esse
1616 4499 1691 4547 non
1719 4467 1875 4552 ‘dubium
1910 4493 1977 4566 est,
2010 4493 2046 4554 et
2077 4471 2079 4474 ⁵

1061 4581 1194 4662 quanta
1216 4569 1263 4643 sit
1283 4573 1512 4662 magnitudo,
1537 4577 1616 4668 piae
1638 4593 1775 4651 mentes
1789 4594 1969 4675 utcunque
1984 4607 2046 4654 co·

1059 4669 1172 4758 gitare
1185 4687 1345 4764 possunt,
1370 4676 1508 4750 etiamsi
1516 4673 1693 4773 prophani
1708 4677 1870 4754 bomine:
1884 4679 1947 4756 bas
1960 4707 2044 4756 nar·
2178 4747 2185 4754 ,

1059 4772 1213 4852 rationes
1238 4776 1417 4872 derident,
1449 4794 1513 4854 aut
1540 4781 1580 4854 in
1612 4777 1848 4882 μυθολογίας
1869 4788 2044 4860 trandor·

1058 4889 1168 4960 mant.
1206 4875 1282 4952 Nos
1296 4904 1380 4976 vero
1396 4885 1580 4954 credamus
1589 4885 1668 4954 voci
1682 4886 1839 4973 divinae,
1863 4889 1953 4961 etin
1967 4890 2042 4968 sin·

1057 4975 1150 5067 gulis
1165 4979 1429 5056 narrationibus
1446 4986 1718 5079 amplitudinem
1734 4988 2009 5068 consideremus.
2120 5043 2122 5046 -

1157 5079 1187 5152 1:
1214 5079 1375 5157 Primum
1393 5087 1560 5170 sciamus,
1585 5088 1733 5161 unicum
1748 5084 1847 5164 bunc
1865 5098 2041 5169 mundum

1055 5195 1211 5278 meatum
1230 5209 1323 5274 esse,
1354 5187 1395 5259 in
1417 5212 1490 5284 quo
1513 5213 1550 5260 se
1568 5190 1664 5264 lilius
1678 5189 1746 5264 Dei
1762 5197 1942 5287 patefecit,
1973 5213 2040 5270 nec

1054 5305 1128 5358 esse
1149 5299 1211 5360 aut
1232 5289 1341 5361 luisse
1366 5291 1456 5362 alios
1479 5295 1653 5380 mundos,
1678 5296 1763 5392 quia
1782 5297 1823 5367 in
1845 5295 1962 5370 Moise
1977 5323 2037 5372 ex-

48 5363 150 5472 sistis,
171 5407 209 5465 ,2-
225 5413 394 5485 mgnum
417 5389 534 5461 decus.
575 5385 674 5488 Vult
697 5387 794 5460 enim
811 5385 892 5460 sciri
904 5381 1004 5458 neus
1050 5409 1168 5480 presse
1202 5389 1363 5468 dicitur:
1395 5391 1589 5492 Postquam
1625 5393 1752 5480 bomo‘
1775 5399 1940 5472 conditus
1963 5413 2037 5488 est,
2134 5449 2161 5496 ¹.

2043 5705 2172 5762 ᾼ,
