4726 5828
855 291 1014 372 DECL.
1059 289 1135 371 DE
1170 289 1397 377 MISNlA.
2087 299 2136 370 88

99 297 151 376 st

100 470 268 560 telligunt
291 467 410 540 Deum
440 461 537 539 hunc
558 467 707 539 'radium
730 467 922 561 sapientiae
950 489 1033 540 suae
1057 468 1096 540 in
1148 463 1257 536 fuisse
1271 465 1366 558 apud
1378 457 1592 552 Phoenices,
1617 461 1785 540 Sidonios
1801 482 1835 542 et
1853 467 2000 565 Tyrios,
2023 467 2138 544 etho·-

99 569 267 644 homines
288 571 542 654 transfudisse,
569 582 603 641 et
626 570 805 640 vindicem
821 593 895 642 esse
911 571 1097 659 scelerum,
1147 590 1227 636 rum
1244 567 1397 651 vicinos,
1422 581 1600 657 acceptam
1617 591 1635 637 a
1652 570 1778 659 primis
1796 573 1976 662 patribus,
2000 569 2139 647 aNoha

100 674 312 764 intelligunt
336 673 446 764 igitur
468 672 501 740 ei
523 671 764 742 obediendum
788 695 882 753 esse,
907 673 1005 744 iuxta
1027 668 1096 742 hoc
1147 681 1183 738 et
1199 667 1274 740 eius
1287 668 1370 739 liliis
1386 681 1419 739 et
1441 669 1649 759 nepotibus,
1675 670 1923 764 quibus'Deus
1939 689 2033 748 certo
2051 701 2138 746 con-

100 775 295 846 discrimen
312 769 545 844 honestorum
572 786 608 843 et
623 774 793 866 turpium.
843 775 920 845 Iam
935 770 1022 845 haec
1038 797 1095 844 sa·
1146 769 1227 838 silio
1242 769 1341 838 illam
1361 783 1598 862 opportunam
1616 772 1735 841 sedem
1750 773 1931 857 attribuit,
1956 793 1996 848 ut
2013 803 2138 850 eorum

100 876 238 971 pientia
274 877 469 946 multarum
499 897 708 966 magnarum
744 899 863 946 rerum
895 877 1094 960 doctrinam
1146 872 1307 942 doctrina
1330 873 1399 942 late
1422 875 1466 941 ad
1490 886 1609 943 ortum
1638 886 1672 943 et
1693 873 1737 942 ad
1761 899 1922 946 occasum
1948 883 2139 972 propagari

101 978 272 1052 continet.
334 975 430 1048 Hinc
461 976 572 1067 igitur
597 991 673 1049 orta
706 977 844 1048 iusticia
871 993 940 1064 est,
976 976 1093 1048 Deum
1146 984 1273 1063 posset.
1324 971 1410 1044 Sive
1422 967 1718 1064 igituraPhineo
1734 991 1874 1069 accepta
1889 991 1939 1049 est
1953 983 2139 1074 sapientia,

102 1093 196 1152 recte
213 1075 420 1170 agnoscere,
446 1088 481 1149 et
497 1077 530 1148 ei
545 1079 691 1149 obedire
707 1079 802 1149 iuxta
818 1078 1009 1149 discrimen
1026 1074 1094 1149 bo·
1145 1074 1220 1143 sire
1242 1097 1263 1145 a
1288 1074 1416 1144 vicinis
1437 1073 1602 1162 Ionibus,
1635 1077 1700 1168 qui
1723 1078 1885 1149 doctrina
1910 1095 1945 1152 et
1970 1085 2138 1155 omnibus
2224 1081 2230 1088 ’

101 1193 284 1251 nestorum
313 1193 348 1252 et
372 1180 553 1274 turpium,
593 1193 628 1250 et
657 1193 803 1273 propter
832 1179 946 1251 Deum
974 1183 1095 1260 fovere
1145 1175 1281 1246 artibus
1299 1176 1561 1262 excelluerunt,
1587 1200 1666 1246 cum
1684 1193 1799 1250 essent
1816 1175 1983 1253 haeredes
1997 1186 2138 1276 sapien-

97 1305 326 1354 communem
363 1281 679 1364 consociationem,
718 1282 897 1352 neminem
933 1283 1094 1368 laedere,
1144 1277 1214 1348 tiae
1233 1273 1374 1367 laphet,
1409 1291 1565 1350 vetustae
1586 1301 1641 1348 res
1661 1277 1847 1374 Mysorum
1870 1285 2064 1359 ostendunt
2077 1311 2138 1357 eos

99 1385 212 1454 vitare
236 1396 271 1454 et
294 1385 424 1476 punire
444 1383 586 1455 scelera.
645 1379 700 1452 Ex
725 1380 793 1454 hoc
807 1385 906 1454 fonte
927 1385 1094 1455 oriuntur
1145 1378 1333 1470 disciplina
1349 1379 1478 1448 vicinis
1492 1380 1745 1456 antecelluisse.

98 1486 249 1570 veritas,
279 1486 366 1554 lides
390 1485 428 1552 in
459 1485 591 1576 pactis,
623 1485 873 1571 beneficentia,
904 1488 1094 1574 gratitudo,
1246 1479 1337 1551 Cum
1352 1492 1511 1551 veterum
1527 1479 1714 1576 Mysorum
1730 1483 1810 1554 talis
1820 1485 1928 1556 luerit
1945 1487 2079 1574 virtus,
2102 1501 2138 1558 et

98 1588 230 1675 gradm
247 1587 286 1656 in
302 1587 478 1680 imperiis,
504 1599 540 1656 et
555 1585 690 1655 ordinis
707 1587 938 1658 conservatio.
1146 1604 1277 1651 nomen
1303 1595 1336 1652 et
1360 1583 1480 1671 lingua
1509 1585 1697 1654 conveniat
1715 1607 1797 1656 curn
1820 1582 1886 1656 hac
1900 1603 2021 1678 gente,
2048 1612 2138 1682 quae

201 1686 342 1760 Deinde
364 1688 483 1782 inquit
500 1684 697 1772 Homerus,
723 1686 847 1782 Mysos
864 1689 1092 1780 praeliatores
1144 1685 1190 1752 ad
1211 1680 1335 1754 Albim
1359 1683 1539 1770 consedit,
1572 1686 1816 1776 cognationem
1842 1711 1917 1758 uon
1943 1713 2138 1782 aspernan-

98 1811 193 1871 csse,
232 1788 372 1861 Videtis
401 1789 578 1882 sapienter
604 1789 851 1859 tortitudinem
889 1791 1091 1861 adiunctam
1144 1786 1225 1854 dam
1242 1807 1316 1856 esse
1334 1785 1506 1856 existimo.
1559 1783 1598 1856 Si
1624 1783 2137 1863 eoiautembaeconieeturae

99 1891 360 1965 esseiusticiae.
412 1889 508 1979 Quia
519 1891 811 1980 gubernationem
828 1892 955 1962 iustam
971 1915 1093 1961 neces-
1144 1909 1218 1955 non
1235 1888 1394 1978 placent,
1422 1911 1512 1981 quae
1526 1899 1645 1958 tamen
1660 1889 1944 1978 ingeniosissimo
1954 1907 1990 1964 et
2003 1895 2138 1964 doctis-
2198 1911 2201 1918 ’

101 2014 140 2061 se
153 2004 206 2061 est
221 2015 317 2062 arma
332 2004 470 2071 tencre,
497 2003 532 2062 et
546 1991 583 2059 vi
599 1987 784 2061 cohercere
801 1993 979 2083 acpunire
993 1991 1093 2064 dorni
1143 1987 1234 2057 simo
1251 1989 1328 2059 viro
1338 1983 1485 2059 Philoni
1494 1987 1684 2060 Dresdensi
1694 1991 1893 2083 placebant,
1915 2017 1989 2065 non
1999 2018 2138 2087 pugna-

99 2105 326 2164 contumaces
356 2093 467 2177 cives,
504 2104 539 2162 ct
564 2093 652 2162 foris
687 2093 862 2184 depellere
893 2094 1091 2166 latrocinia.

99 2192 254 2288 Propter
277 2190 341 2265 has
363 2215 486 2264 causas
509 2193 605 2263 scitis
626 2193 776 2286 imperia
791 2195 966 2266 divinitus
985 2210 1019 2267 et
1035 2197 1092 2264 in-

99 2295 221 2366 stituta
238 2309 273 2365 et
286 2308 420 2365 armata
433 2317 515 2368 esse.
1097 2307 1099 2310 ’

204 2396 327 2467 Tertia
349 2397 465 2467 virtus
489 2408 540 2467 est
565 2397 817 2489 temperantia,
847 2423 938 2494 quae
961 2399 1093 2468 multa-

98 2523 180 2569 rum
205 2498 356 2570 aliarum
381 2498 503 2568 nutrix
533 2511 601 2584 est,
633 2500 827 2570 modestiae
856 2515 889 2572 et
911 2501 1091 2572 castitatis.

100 2597 225 2694 lnquit
239 2601 336 2670 enirn
350 2597 530 2670 Homerus
545 2600 600 2669 lae
619 2601 726 2670 luisse
743 2589 866 2692 potum
885 2602 985 2672 illius
1000 2601 1093 2671 anti-

101 2724 193 2796 quae
226 2701 360 2792 gentis,
400 2725 481 2771 cum
514 2697 671 2771 Thraces
706 2701 817 2770 vicini
847 2699 1094 2794 vituperentur

99 2815 248 2894 propter
260 2801 517 2876 temulentiam.
567 2798 617 2873 Et
632 2800 761 2873 Strabo
774 2804 899 2876 recitat
909 2803 1092 2874 Posidonii

99 2903 305 2974 testimonia
323 2906 371 2973 de
392 2904 549 2975 castitate
567 2900 754 2997 Mysorum
776 2917 810 2974 et
828 2901 1025 2995 Getarum,
1053 2929 1093 2975 ac

99 3005 314 3076 nominatim
336 3005 475 3098 inquit,
508 3006 601 3100 apud
635 3004 877 3076 Menandrum
899 3007 1093 3100 vituperari

97 3109 145 3178 ab
162 3108 213 3177 eis
227 3107 476 3201 polygamiam.

202 3206 246 3278 ln
259 3208 489 3298 argonautico
504 3206 659 3278 carmine
673 3207 841 3279 scribitur
856 3222 1017 3279 amanter
1033 3230 1094 3276 ex-

98 3321 220 3401 ceptos
242 3332 317 3379 esse
341 3310 379 3378 in
396 3309 514 3404 Mysia
535 3331 677 3397 graecos
691 3310 818 3390 duces,
843 3323 876 3380 et
890 3332 1012 3380 rursus
1028 3333 1094 3378 na-

98 3413 172 3481 vim
192 3411 245 3481 ibi
262 3411 471 3482 instructam
486 3411 687 3494 frumento,
712 3411 899 3495 carnibus,
925 3411 1022 3482 vino.

201 3512 288 3584 Fuit
312 3511 421 3603 igitur
444 3513 482 3580 in
506 3512 566 3580 illa
584 3524 687 3600 gente
708 3511 909 3583 intellectus
924 3506 1093 3581 honesto-

96 3637 181 3685 rum
194 3613 394 3686 sfficiorum
411 3627 446 3684 et
459 3612 669 3702 disciplina,
697 3637 805 3706 quare
818 3629 853 3684 et
869 3614 980 3704 ipsam
998 3635 1016 3682 a
1033 3636 1092 3702 ge·

97 3736 226 3786 ncrosa
249 3717 376 3809 stirpe,
411 3738 501 3808 quae
525 3715 693 3786 virtutem
719 3714 894 3785 intellexit
916 3730 950 3785 et
970 3715 1093 3799 coluit,

24 3823 26 3852 ¹
98 3833 215 3890 ortam
229 3831 594 3888 esse‘consentaneum
609 3830 670 3886 cst.
721 3815 977 3888 Narratautem
987 3815 1094 3888 Aria-

96 3943 169 3989 nus
192 3920 232 3988 in
253 3913 476 4012 Bithynicis,
511 3920 601 3987 duos
622 3919 731 3988 luisse
749 3919 841 3988 filios
865 3913 995 3986 Phinei
1009 3915 1092 4012 My-

1145 2113 1223 2160 mus
1238 2091 1281 2160 de
1299 2086 1365 2160 bac
1378 2104 1499 2161 nostra
1515 2090 1702 2182 opinione,
1730 2105 1765 2164 ct
1781 2095 1921 2164 ostendi
1937 2096 2043 2167 nobis
2060 2121 2137 2168 cer·

1144 2191 1270 2261 tioreru
1288 2192 1462 2281 originem
1484 2193 1649 2283 petimus.
1700 2189 1873 2287 Exempla
1892 2197 2066 2270 virtutum
2082 2211 2138 2270 ta-

1145 2317 1228 2362 men
1251 2299 1391 2364 sumere
1414 2290 1506 2364 banc
1529 2308 1667 2384 gentem
1692 2319 1711 2365 a
1734 2298 1914 2369 veteribus
1940 2297 2076 2395 Mysis,
2103 2315 2138 2372 et

1145 2394 1312 2465 delectari
1334 2418 1410 2465 eam
1434 2397 1598 2467 societate
1623 2397 1781 2468 nominis
1795 2394 1965 2471 honestae
1980 2401 2136 2474 nationis

1145 2494 1274 2566 sinant.

1246 2595 1351 2667 Nunc
1384 2598 1428 2668 de
1462 2592 1528 2667 hac
1562 2613 1677 2670 vestra
1712 2599 1827 2690 patria
1853 2599 2044 2672 dicendum
2072 2617 2136 2675 est.

1145 2695 1240 2768 Sunt
1253 2713 1371 2768 autem
1388 2704 1426 2769 in
1443 2700 1629 2790 regionum
1645 2713 1681 2771 et
1697 2702 1854 2790 gentium
1872 2703 2039 2774 laudibus
2056 2726 2136 2792 gra·

1145 2795 1223 2871 dus.
1274 2799 1356 2869 Non
1370 2804 1628 2872 contemnenda
1646 2814 1697 2871 est
1720 2801 1790 2872 loci
1808 2816 1934 2874 natura
1950 2827 2011 2875 seu
2028 2805 2137 2876 uber·
2263 2808 2268 2816 ⁴

1145 2913 1209 2975 tas.
1259 2895 1325 2971 Est
1347 2903 1443 2970 enim
1466 2898 1535 2970 Dei
1560 2904 1715 2983 donum,
1748 2917 1782 2972 ct
1798 2899 1867 2974 hoc
1883 2927 1993 2996 genus
2009 2901 2138 2977 huma·

1145 3025 1233 3070 num
1249 3003 1433 3073 conditum
1448 3017 1520 3089 est,
1545 3017 1586 3074 ut
1600 3003 1722 3073 multis
1736 3005 1843 3076 rebus
1856 3006 2032 3095 indigeat,
2052 3009 2137 3102 quia

1144 3103 1222 3174 vult
1237 3099 1335 3174 Deus
1358 3106 1469 3176 multa
1492 3127 1565 3174 esse
1588 3105 1835 3194 providentiae
1855 3109 2077 3195 testimonia,
2103 3122 2139 3181 et

1145 3204 1293 3275 diversis
1314 3207 1440 3276 officiis
1462 3220 1496 3277 et
1522 3207 1677 3292 artibus,
1708 3220 1875 3301 tanquam
1899 3207 2138 3282 vinculis'ho-
2198 3198 2200 3212 ’

1144 3305 1283 3375 minum
1305 3307 1506 3380 societatem
1529 3309 1707 3380 astrictam
1732 3331 1815 3380 esse.
1872 3308 2013 3382 Deinde
2029 3337 2138 3385 orna-

1144 3419 1261 3502 menta
1278 3421 1361 3478 sunt
1379 3410 1534 3500 regionis
1550 3411 1676 3494 urbes,
1702 3420 1738 3480 et
1758 3410 2002 3483 aedificiorum
2023 3439 2080 3486 ars
2102 3427 2139 3486 et

1146 3509 1338 3599 elegantia,
1363 3535 1453 3602 quae
1475 3512 1582 3580 ctiam
1602 3507 1789 3581 hominum
1807 3512 1968 3602 ingenia,
1995 3531 2030 3588 et
2045 3517 2139 3587 vitae

1145 3612 1439 3681 consuetudinem
1454 3613 1573 3706 aliqua
1589 3637 1629 3683 ex
1644 3625 1744 3704 parte
1758 3615 1963 3686 ostendunt.
2013 3617 2137 3688 Tertia

1145 3724 1180 3781 et
1194 3733 1275 3781 vera
1291 3713 1368 3784 laus
1388 3727 1440 3785 est
1455 3714 1514 3804 pia
1531 3711 1770 3786 Ecclesiarrtm
1794 3717 2021 3806 constitutio,
2046 3721 2138 3791 iusta
2257 3799 2265 3807 ‚

1143 3815 1257 3883 forma
1273 3815 1541 3902 gubernationis
1568 3830 1602 3887 et
1625 3816 1770 3907 politica
1796 3817 1994 3910 disciplina.
2048 3819 2138 3892 Vult
2177 3849 2182 3875 ·

1145 3916 1240 3984 enim
1257 3913 1353 3985 Deus
1363 3913 1576 4002 Ecclesiam,
1602 3918 1660 3988 cui
1677 3918 1717 3987 in
1731 3930 1803 3988 tota
1818 3923 2025 3995 aeternitate
2039 3946 2139 3993 corn-

99 4045 180 4090 sum
200 4032 237 4089 et
257 4015 448 4114 Thynum,
481 4033 515 4090 et
536 4021 581 4089 ab
611 4019 884 4113 altero'Mysos,
914 4022 959 4091 ab
981 4019 1091 4087 altero
1144 4018 1339 4087 municabit
1366 4042 1465 4088 suam
1498 4018 1727 4109 sapientiam,
1760 4020 1937 4091 iusticiam
1971 4039 2005 4097 et
2034 4026 2139 4096 laeti.

98 4117 278 4216 Bithynos
289 4120 508 4213 ‘procreatos
538 4144 623 4194 csse.
689 4121 743 4190 Ac
770 4120 876 4192 fuisse
909 4122 948 4190 in
974 4121 1093 4191 littore
1146 4120 1255 4199 ciam,
1280 4113 1347 4188 hoc
1361 4123 1469 4190 modo
1486 4133 1520 4190 et
1543 4129 1616 4190 uon
1634 4122 1738 4192 aliter
1752 4121 1937 4213 colligere,
1962 4125 2139 4198 Videlicet

98 4223 326 4314 Hellesponti
350 4247 471 4292 senem
493 4213 609 4292 vatem
633 4217 768 4292 Phinea
791 4223 1016 4293 manifestum
1042 4234 1094 4293 est
1145 4244 1231 4290 voce
1247 4215 1453 4311 Evangelii,
1480 4247 1548 4315 qua
1563 4223 1641 4294 vult
1664 4219 1852 4293 hominurn
1868 4240 2002 4296 mentes
2017 4228 2055 4296 in
2070 4223 2137 4299 hac

97 4345 142 4394 cx
167 4325 397 4414 argonautico
422 4324 597 4410 carmine,
620 4323 683 4416 qui
705 4323 840 4396 etiamsi
858 4325 1013 4397 nonfuit
1030 4349 1093 4416 pa·
1145 4323 1317 4392 imbecilli
1335 4337 1370 4393 et
1384 4325 1525 4394 mortali
1542 4324 1616 4394 vita
1632 4327 1675 4394 ad
1692 4324 1909 4414 agnitionem
1926 4325 2139 4400 Mediatoris

96 4442 155 4498 ter
175 4428 320 4496 illarum
344 4427 522 4517 gentium,
555 4439 675 4496 tamen
694 4427 902 4517 sapientiam
924 4428 967 4495 de
987 4427 1094 4496 moti·
1144 4425 1256 4508 flecti,
1283 4438 1318 4496 et
1339 4419 1483 4498 haurire
1504 4425 1903 4504 initiavitaeaeternae.
1957 4428 2031 4502 Nec
2053 4455 2138 4503 vero

96 4529 165 4598 bns
181 4529 414 4619 coelestibus,
439 4531 483 4598 de
498 4524 663 4624 physicis⁴
674 4529 788 4598 causis
801 4528 1038 4600 mutationum
1054 4529 1093 4596 in
1146 4527 1221 4594 sine
1235 4527 1347 4596 literis
1367 4540 1399 4596 et
1416 4528 1493 4596 sine
1510 4528 1712 4617 linguarum
1732 4541 1766 4598 et
1788 4529 1918 4599 artium
1935 4534 2138 4623 cognitione

95 4630 332 4725 corporibus,
357 4634 402 4700 de
420 4630 586 4699 remediis
600 4629 827 4715 morborum,
853 4628 982 4700 deDco
999 4632 1093 4699 etde
1146 4630 1331 4719 propagari
1348 4630 1509 4698 doctrina
1529 4641 1655 4719 potest.
1706 4627 1801 4700 Sunt
1815 4631 1925 4720 igitur
1940 4629 2025 4706 haec
2039 4660 2138 4706 sum-

95 4732 259 4816 iusticia,
291 4755 340 4800 ex*
355 4727 548 4802 Phoenicia
577 4753 638 4799 seu
662 4755 702 4799 er
725 4729 824 4824 Tyro
848 4745 882 4802 et
902 4728 1038 4801 Sidone
1054 4731 1092 4799 in
1144 4753 1200 4797 ma
1221 4752 1325 4820 opera
1340 4729 1379 4798 in
1393 4731 1649 4819 gubernatione
1658 4729 1864 4817 hominum,
1885 4757 2007 4805 vocem
2017 4734 2139 4808 Evan-

96 4834 198 4904 illam
219 4830 327 4902 Asiae
344 4857 442 4902 oram
462 4831 595 4902 intulit.
646 4831 778 4902 Natum
802 4833 896 4901 enim
913 4854 986 4901 esse
1002 4828 1092 4900 Phi·
1145 4831 1478 4923 geliiincorruptam
1494 4857 1704 4924 proponere,
1728 4847 1763 4902 et
1778 4857 1988 4908 conservare
2003 4841 2138 4910 doctri-

96 4959 163 5005 nea
181 4937 221 5004 in
233 4933 333 5028 Tyro
348 4948 408 5004 aut
423 4933 557 5004 Sidone
574 4957 697 5004 ornnes
712 4934 907 5018 affirmant,
930 4947 965 5004 ct
981 4933 1093 5026 aliqui
1145 4957 1212 5001 nae
1235 4932 1372 5013 studia,
1405 4936 1450 5003 ad
1474 4929 1542 5005 hoc
1565 4953 1743 5004 summum
1768 4935 1904 5006 bonurn
1922 4939 1982 5009 alii
1999 4942 2139 5013 labores

95 5039 243 5108 fratrem
259 5037 367 5106 fuisse
383 5030 517 5126 Cephei
536 5030 715 5120 scribunt,
737 5060 843 5128 aquo
859 5036 941 5128 quia
960 5036 1093 5105 doctri·
1145 5033 1184 5102 in
1207 5033 1279 5104 vita
1311 5037 1528 5118 referantur,
1560 5050 1594 5108 ct
1624 5037 1694 5107 sint
1723 5035 1872 5128 imperia
1901 5043 2045 5132 politica
2070 5043 2138 5116 Dei

95 5163 181 5209 nam
216 5139 265 5208 de
293 5137 453 5208 motibus
485 5126 695 5208 coelestibus
729 5138 956 5230 propagavit,
996 5137 1094 5206 sidus
1146 5130 1299 5227 hospitia
1317 5135 1730 5209 etmuriEcclesiarum.
1782 5137 1860 5212 Hos
1873 5147 2002 5231 gradus
2020 5149 2137 5217 bono-

96 5242 280 5334 quoddam
294 5241 511 5330 appellatum
527 5252 587 5308 est.
638 5236 745 5310 Scitis
761 5254 876 5308 autem
898 5239 1094 5308 vetustissi-
1145 5261 1224 5306 rum
1241 5239 1577 5310 inconsideratione
1595 5241 1781 5330 regionum
1799 5256 1834 5314 et
1855 5245 2012 5332 gentium
2030 5248 2137 5319 intel-

95 5367 192 5413 mam
215 5342 410 5434 sapientiae
433 5339 712 5434 possessionem,
741 5342 785 5415 dc
801 5340 898 5425 Deo,
923 5343 967 5410 de
989 5341 1094 5409 iusti·
1145 5341 1295 5428 ligamus
1312 5355 1344 5412 ct
1360 5354 1452 5411 recte
1474 5343 1727 5412 discernamus.
1781 5341 1842 5414 ste
1859 5346 1954 5415 enim
1980 5349 2050 5418 vita
2070 5343 2137 5419 ho-

95 5449 171 5533 cia,
205 5447 252 5514 de
273 5443 431 5514 motibus
454 5439 684 5521 coelestibus,
712 5457 745 5514 et
767 5443 953 5514 denatura
973 5465 1093 5513 rerum
1145 5442 1282 5511 minum
1306 5442 1416 5512 aDeo
1439 5443 1602 5579 ordinata
1627 5456 1698 5528 cst,
1723 5458 1763 5515 ut
1788 5447 1998 5533 nutricatio,
2032 5475 2138 5522 oeco-

1423 5611 1427 5618 ,
1465 5546 1488 5615 8
