4726 5828
85 321 166 402 nr
556 311 718 390 naen
748 310 826 391 nn
862 307 1074 390 causis
1113 259 1657 396 eornnracntouts.
2046 327 2118 400 178

86 496 190 569 sione
205 490 279 566 levi
294 491 340 565 ab
355 503 521 562 extraneo
536 487 653 559 calore
667 499 878 578 occupatum
893 497 1081 578 putrescat,
1130 497 1200 570 tus,
1224 485 1425 580 plusquam
1442 497 1591 557 naturae
1606 487 1746 580 expedit
1759 491 1976 570 calefaciunt.
2013 494 2120 569 Calor

87 596 281 688 congenito
310 593 429 664 calore
449 616 491 662 ex
516 589 610 662 illisa
633 589 776 660 flamma
797 587 955 660 extranei
976 587 1082 656 effer·
1129 589 1199 660 τοῦ
1220 582 1452 683 περιέχοντος
1471 600 1508 658 et
1530 582 1706 659 balitunrn
1730 589 1769 660 in
1793 595 1876 664 a'e're
1893 610 1957 668 aut
1971 597 2118 690 simplex

87 713 263 770 vescente.
315 693 358 768 Si
374 695 419 765 sit
432 692 597 764 acrioret
612 685 858 761 vehementior
878 689 991 773 iusto,
1017 690 1080 758 ad·
1131 702 1184 761 eat
1206 702 1268 760 ant
1290 704 1462 761 venenata
1484 689 1636 760 infectus
1655 693 1835 782 qualitate.
1893 694 2012 770 Herios
2033 725 2118 773 vero

87 803 229 874 urendo
258 810 474 870 nocumenta
494 795 603 864 infert
623 806 658 864 et
679 793 933 862 consumendo.
984 789 1083 862 Fieri
1130 792 1189 861 vel
1204 814 1224 860 a
1239 789 1329 862 coeli
1347 791 1467 881 positu
1482 791 1653 883 peculiari
1674 793 1774 884 origo
1797 810 1864 882 est,
1889 799 1947 866 vel
1968 823 1987 868 a
2011 825 2120 872 vene-

86 899 176 976 bacc
190 903 240 972 ita
255 914 291 973 et
306 899 419 969 oculis
435 897 613 968 cernimus
626 907 661 964 et
674 893 843 972 discimus
858 892 1084 984 experientia,
1131 892 1226 963 natis
1258 915 1300 962 ac
1331 891 1485 984 putridis
1518 888 1704 980 halitibus,
1758 920 1848 988 quos
1877 895 2120 997 opnsdeo‘oidp

89 1020 127 1076 et
141 1006 173 1074 si
191 1027 264 1072 non
277 993 510 1094 perspicimus
524 999 680 1088 integre,
705 1019 775 1089 qua
791 995 826 1064 vi
850 996 1003 1065 calorem
1028 993 1082 1063 vi·
1130 990 1327 1088 μιάσματα
1350 1007 1384 1066 et
1406 988 1674 1087 σηπεδονώδεις
1694 991 1967 1100 ἀναθυμιάσεις
1988 1017 2022 1072 et
2045 1009 2120 1075 λοι-

89 1107 255 1177 frcantem
277 1127 340 1174 cor
360 1101 483 1194 gignat
502 1113 537 1171 et
552 1102 644 1174 edat.
695 1093 903 1168 Aristoteles
925 1092 1083 1166 adhunc
1130 1099 1207 1190 μοῦ
1220 1090 1414 1193 σπέρματα
1432 1093 1591 1166 Galenus
1609 1110 1728 1184 vocat,
1751 1100 1827 1170 sive
1839 1125 1966 1193 magna
1989 1098 2028 1178 hi
2051 1129 2119 1196 pu·

91 1208 246 1278 calorem
270 1202 436 1274 alludens
457 1201 595 1295 inquit,
632 1198 850 1289 Sanguinem
880 1199 993 1269 calere
1018 1221 1084 1290 per
1131 1197 1272 1270 tredlne
1292 1199 1523 1284 cadaverum,
1561 1197 1647 1272 item
1670 1199 1829 1272 locorum
1850 1204 2060 1296 palustrium
2085 1220 2121 1279 et

89 1307 256 1380 accidens
270 1306 449 1376 imbutum
472 1304 606 1392 calore,
638 1300 701 1394 qui
725 1303 770 1372 de
792 1302 897 1371 corde
917 1301 1015 1386 fluit,
1049 1313 1084 1371 et
1132 1300 1410 1386 lutulentorum,
1433 1311 1496 1370 aut
1516 1299 1678 1393 alioquin
1705 1304 1973 1388 conclusorum,
2000 1310 2119 1401 qualia

90 1422 247 1480 mortem
266 1431 341 1478 csse
354 1405 659 1499 putrefactionem,
686 1403 804 1490 idest,
830 1403 1082 1474 extinctionem
1132 1416 1216 1480 sunt
1229 1395 1393 1496 κάλυβαι
1413 1396 1591 1500 πνιγηραὶ
1613 1403 1811 1476 excitentur
1832 1420 1869 1478 et
1890 1408 2120 1481 effundantur

92 1510 221 1582 caloris
236 1509 366 1582 vitalis.
419 1507 462 1578 ln
476 1506 576 1577 omni
590 1506 709 1598 itaque
724 1497 981 1596 putrefactione
1002 1527 1083 1574 mu·
1131 1505 1172 1575 in
1187 1520 1323 1589 aerem,
1347 1502 1421 1573 sive
1438 1528 1480 1573 ex
1496 1504 1576 1573 aliis
1593 1504 1818 1596 appellantur
1831 1510 2038 1598 regionibus
2062 1508 2116 1584 δι’
2222 1549 2224 1555 ·

91 1613 178 1686 tatio
195 1613 306 1683 totius
324 1609 539 1681 substantiae
562 1610 606 1678 ad
630 1606 895 1697 corruptionem
918 1605 1083 1698 provenit
1133 1605 1296 1700 ἐπιρροῆς
1314 1598 1411 1676 κατὰ
1435 1629 1480 1678 το
1502 1601 1670 1698 συνεχές,
1710 1607 1784 1678 sive
1806 1605 1922 1682 halitu
1942 1613 2121 1695 afflatuve,

91 1737 113 1785 a
137 1713 369 1806 corruptione
395 1709 522 1780 caloris
546 1708 842 1798 temperamenti,¹
867 1709 924 1776 vel
946 1709 985 1776 in
1008 1721 1082 1778 toto
1133 1721 1296 1779 contactu
1316 1719 1380 1778 aut
1401 1706 1527 1779 semite
1546 1723 1793 1800 propagentur.
1847 1711 2006 1804 Simplex
2028 1715 2120 1786 aeris

92 1834 244 1907 corpore
279 1814 338 1883 vel
369 1813 409 1882 in
439 1823 539 1905 parte
566 1821 810 1902 putrescente,
848 1831 956 1902 quam
978 1807 1083 1878 eflicit
1132 1811 1229 1879 calor
1251 1807 1328 1878 fusa
1351 1808 1536 1904 laxataque
1557 1812 1635 1880 cu'te
1658 1825 1692 1898 et
1707 1812 1836 1902 apertis
1853 1813 2120 1886 insensibilibus

94 1931 266 1987 externus¹
286 1916 385 1984 calor
404 1913 574 1983 obsidens
592 1911 742 1981 mixtum
760 1910 966 1981 destitutum
990 1909 1084 2000 regi·
1133 1910 1223 1982 cutis
1247 1909 1501 1996 foraminibus,
1541 1912 1581 1981 in
1608 1935 1698 2004 quae
1723 1914 1854 1982 osculis
1875 1918 2024 1984 arteriae
2047 1913 2127 1986 suis'

91 2018 195 2086 mine
217 2030 250 2084 et
271 2016 433 2084 dominio
457 2013 585 2084 caloris
608 2010 802 2082 influentis.
859 2011 910 2082 At
929 2012 1082 2082 calorem
1134 2013 1348 2098 connivent,
1387 2013 1539 2081 calorem
1569 2013 1777 2083 influentem
1810 2029 1948 2101 evocat,
1981 2017 2120 2103 educit,

91 2113 384 2205 influentem'(ut
403 2115 448 2183 de
471 2111 709 2183 animantium
729 2113 939 2204 corporibus
958 2114 1084 2206 loqua-
1134 2113 1278 2186 resolvit
1300 2137 1341 2183 ac
1358 2113 1519 2204 dissipat.
1573 2113 1652 2203 lpse
1664 2139 1749 2184 vero
1764 2129 1797 2187 et
1814 2117 2025 2210 inspiration
2064 2131 2119 2188 at-

92 2213 196 2314 mur)
212 2216 423 2306 extinguunt
438 2215 477 2282 in
500 2226 574 2284 toto
599 2235 748 2304 corpore
768 2236 884 2300 mors,
910 2215 949 2282 in
973 2215 1084 2306 parti·
1134 2238 1203 2310 que
1226 2217 1434 2285 arteriarum
1452 2216 1621 2287 continua
1645 2217 1853 2288 dilatatione
1875 2231 2024 2290 attractu
2053 2273 2063 2304 ,
2087 2233 2123 2291 et

93 2321 162 2390 bus
180 2340 401 2409 gangrenae‚
425 2307 639 2409 υειιρώσεις,
665 2329 700 2385 et
712 2315 854 2389 similia.
904 2314 1085 2387 Hebetant
1134 2328 1260 2407 sponte
1289 2340 1352 2409 per
1382 2312 1557 2389 hiscentes
1583 2340 1689 2410 poros
1711 2341 1839 2412 corpus
1861 2321 2024 2405 subiens,
2049 2344 2121 2406 cor,

93 2445 198 2507 vero,
223 2419 432 2502 obtundunt
448 2441 488 2486 ac
505 2417 770 2506 languefaciunt
792 2419 944 2488 eundem
967 2417 1086 2510 pluri·
1134 2415 1317 2502 humores,
1356 2419 1502 2512 spiritus
1535 2432 1571 2489 et
1604 2419 1761 2489 membra
1792 2435 1929 2492 caetera
1963 2445 2023 2492 occ
2076 2436 2121 2496 at.
2194 2463 2195 2470 ο

93 2545 174 2593 mae
202 2543 328 2592 causae
361 2513 688 2614 npoaueopacsxoi
705 2511 769 2589 καὶ
802 2512 1084 2618 προιγούμευαι,
1136 2519 1238 2608 Quae
1259 2518 1377 2611 itaque
1396 2519 1435 2588 in
1456 2509 1604 2610 corpore
1624 2521 1745 2590 nativo
1765 2521 1883 2592 calore
1906 2521 2037 2593 debilia
2058 2525 2123 2592 ad-

95 2637 169 2694 tam
189 2646 211 2694 a
231 2645 352 2693 rerum
376 2621 593 2691 naturalium
618 2643 684 2688 usu
707 2619 987 2711 applicationeve
1011 2643 1086 2689 non
1134 2621 1269 2690 versari
1291 2644 1331 2689 ac
1352 2641 1549 2712 repugnare
1570 2620 1813 2712 impressioni,
1844 2623 2063 2709 incremento
2088 2639 2123 2695 et

94 2726 343 2804 conveniente,
364 2746 471 2816 quam
489 2721 803 2793 constitutionibus
819 2722 875 2791 vel
887 2722 1086 2792 affectioni·
1135 2721 1397 2792 confirmationi
1426 2722 1535 2792 alieni
1564 2735 1599 2793 et
1625 2723 1760 2793 externi
1782 2724 1908 2793 caloris
1928 2739 2122 2816 nequeunt,

94 2829 164 2898 bus
182 2839 321 2917 praeter
335 2836 501 2894 naturam
518 2833 635 2905 ortae,
658 2843 745 2912 quas
765 2840 946 2891 recensere
962 2843 1086 2890 omnes
1136 2845 1175 2890 ea
1190 2822 1332 2912 penitus
1347 2823 1504 2908 obsidet,
1529 2823 1709 2894 imbecillo
1724 2825 1787 2917 qni
1808 2826 1968 2918 reliquus
1990 2837 2042 2896 est
2056 2829 2122 2896 ‘ca-

93 2929 208 2998 nimis
225 2927 374 3015 longum
396 2936 498 2998 esset.
566 2920 609 2991 ln
629 2921 860 2992 cadaveribus
883 2923 1086 2993 recentibus
1136 2925 1212 2992 lore
1231 2921 1371 3012 penitus
1385 2923 1617 2996 inflammato.
1670 2923 1790 3010 Quare
1805 2927 1888 2997 talia
1905 2941 2122 3017 putrescunt.

96 3029 195 3100 calor
210 3026 481 3119 temperamenti
497 3025 654 3117 reliquus
671 3036 733 3093 est.
785 3022 905 3111 Quare
921 3026 951 3094 si
975 3024 1006 3094 is
1029 3023 1086 3093 fo·
1137 3021 1343 3092 Venenatus
1360 3023 1457 3094 calor
1469 3022 1600 3090 veneni
1614 3021 1667 3108 vi,
1694 3023 1723 3093 si
1739 3039 1842 3097 acuta
1861 3040 1913 3097 est
1927 3028 2066 3098 subtilis
2083 3053 2123 3098 ac

95 3144 224 3202 veatur
236 3143 271 3201 et
293 3129 523 3199 confirmetur
540 3127 722 3196 moderate
741 3125 1087 3213 calidisastringen-
1136 3135 1338 3217 penetrans,
1354 3124 1519 3217 protinus
1534 3124 1678 3216 spiritus
1692 3141 1726 3199 et
1742 3127 1894 3198 calorem
1907 3129 2015 3220 fugat,
2037 3152 2125 3199 con-

96 3233 193 3304 tibus
214 3247 249 3304 et
268 3230 546 3314 desiccantibus,
571 3227 690 3320 qualia
712 3238 796 3296 sunt
817 3227 917 3313 aloii,
943 3221 1088 3320 myrrha
1137 3226 1252 3295 culeat
1273 3239 1380 3318 atque
1402 3225 1504 3297 elidit
1526 3225 1662 3296 inloto
1688 3251 1853 3320 corpore,
1881 3243 1915 3301 et
1937 3231 2122 3301 confestim

97 3349 133 3406 et
154 3326 447 3426 pissasphalton,
481 3329 694 3400 muniuntur
713 3329 901 3409 cadavera,
930 3350 976 3396 ne
993 3351 1013 3397 a
1030 3350 1089 3398 ca·
1137 3326 1247 3396 vitam
1272 3327 1461 3417 nunguis:
1488 3327 1544 3396 sin
1562 3327 1682 3398 minus
1696 3343 1816 3416 acuta,
1841 3332 1971 3400 sensim
1994 3327 2124 3412 humo·
2240 3373 2244 3382 ·

97 3436 173 3507 lore
189 3449 337 3505 externo
350 3432 561 3512 afficiantur,
584 3430 758 3519 tantisper
772 3431 887 3499 donec
900 3429 1088 3520 absumpto
1138 3451 1211 3513 res,
1244 3427 1361 3519 primo
1393 3423 1749 3522 περιττωματικοὺς,
1790 3456 1873 3501 mox
1904 3445 1936 3502 et
1967 3433 2125 3525 reliquos

97 3559 140 3608 ac
160 3537 344 3605 deficiente
367 3528 517 3602 humore
542 3529 631 3600 cinis
651 3543 788 3600 terreus
809 3543 986 3616 remanet,
1008 3530 1088 3623 ·qui
1137 3529 1231 3600 vitae
1256 3541 1290 3598 et
1312 3527 1501 3620 spirituum
1528 3531 1776 3621 propagationi
1802 3557 1842 3601 ac
1864 3535 2126 3602 conservationi

98 3633 280 3708 halitnurn
301 3636 424 3706 afflatu
445 3632 671 3722 dispergitur.
737 3627 893 3700 Eaedem
919 3655 1009 3724 quae
1032 3631 1089 3699 in·
1138 3630 1352 3700 necessarios
1371 3630 1576 3723 putrefacit,
1601 3632 1815 3724 tandemque
1837 3633 2044 3702 influentem
2068 3659 2126 3708 ca-

97 3740 290 3822 flnentem‚
315 3737 419 3805 etiam
436 3729 480 3804 τὸ
498 3725 703 3828 -σύμφιπον
722 3727 870 3824 θερμὸν
890 3755 1014 3801 causae
1037 3744 1091 3801 at·-
1139 3733 1251 3803 lorem
1264 3731 1415 3824 perimit.
1465 3730 1666 3803 Hocmodo
1684 3745 1759 3803 tum
1775 3733 1941 3825 putridae
1964 3747 2040 3805 tum
2063 3760 2127 3827 pe-

98 3852 261 3925 tenuant,
282 3839 343 3907 sed
358 3849 400 3908 ut
414 3835 621 3906 remotiores
636 3847 670 3905 et
685 3832 805 3904 vitiosi
820 3833 1090 3924 temperamenti
1139 3833 1568 3950 stilentcsffincenduntur
1595 3835 1712 3904 febres
1740 3860 1760 3906 a
1791 3836 1906 3906 calore
1938 3837 2127 3908 ambientis

99 3937 315 4024 humorum,
340 3961 429 4031 quos
446 3951 517 4007 tres
531 3936 718 4007 distinctae
734 3935 773 4003 in
789 3958 938 4027 corpore
961 3935 1092 4004 coctio-
1141 3935 1413 4029 airistanquam
1434 3958 1537 4006 causa
1560 3951 1706 4011 remota.
1764 3935 1874 4008 Calor
1893 3961 1933 4008 ex
1957 3933 2127 4010 halitibus
2153 3995 2157 4010 ,

99 4065 166 4112 nes
193 4042 313 4132 plures
344 4063 384 4108 ac
413 4039 598 4108 distinctos
626 4051 832 4130 procreant,
861 4060 986 4107 causae
1008 4049 1092 4106 sunt
1139 4035 1287 4106 fervidis
1308 4028 1505 4135 στεγυῶσει
1521 4031 1687 4108 cohibitis
1710 4039 1814 4110 intra.
1828 4063 1955 4130 corpus
1978 4063 2018 4110 ac
2041 4063 2128 4110 con-

100 4143 337 4235 mnltiplices,
364 4163 404 4209 ac
423 4140 550 4210 variae.
602 4138 671 4211 Sed
693 4141 789 4209 unde
810 4139 936 4209 caloris
957 4139 1091 4209 externi
1140 4137 1247 4207 clusis
1263 4133 1385 4207 eodem
1403 4139 1509 4207 modo
1524 4163 1595 4232 quo
1610 4140 1759 4229 simplex
1779 4153 1839 4210 aut
1856 4155 2050 4212 venenatus
2069 4166 2127 4210 ca-

100 4247 203 4335 origp
220 4258 292 4328 est,
317 4241 380 4336 qui
395 4241 433 4308 in
451 4233 553 4310 mixti
566 4241 725 4333 corporis
742 4263 816 4310 sese
833 4242 1022 4312 insinuans
1037 4253 1094 4310 at·
1141 4240 1197 4309 lor
1212 4239 1436 4331 putredinem
1452 4240 1538 4324 ciet,
1561 4240 1732 4310 nimirum
1751 4243 1846 4335 quod
1865 4243 1893 4310 si
1908 4268 1983 4311 non
1999 4243 2128 4312 robore
2181 4281 2184 4286 Δ

101 4371 171 4442 qne
185 4347 351 4436 ingerens
368 4343 621 4427 substantiam,
645 4341 804 4412 nativum
828 4367 900 4436 quo
923 4367 988 4413 ceu
1011 4343 1093 4410 vin·
1140 4341 1255 4414 nativi
1274 4341 1403 4412 caloris
1422 4363 1505 4410 mox
1531 4355 1715 4433 superetur
1734 4357 1770 4413 et
1792 4344 1964 4424 elidatur,
1990 4345 2128 4414 invadit

102 4449 184 4520 culo
216 4461 289 4521 tota
319 4445 420 4515 mixti
451 4461 637 4534 compages
662 4444 824 4533 colligata
852 4467 892 4514 ac
917 4443 1092 4533 glutinata
1140 4458 1177 4513 et
1191 4442 1388 4534 corrumpit
1402 4465 1461 4528 ea,
1486 4465 1576 4535 quae
1597 4444 1749 4513 maxime
1772 4445 1826 4515 sui
1850 4445 1977 4514 caloris
1999 4444 2128 4514 debili-

103 4550 284 4633 consistit‚
310 4545 528 4637 corrumpit?
565 4541 634 4614 Est
653 4545 750 4614 calor
771 4545 833 4614 ille
857 4558 918 4615 aut
932 4555 980 4627 lex
1003 4545 1094 4616 airis
1141 4557 1213 4616 tate
1229 4544 1418 4635 languent,
1444 4555 1484 4614 ut
1502 4557 1584 4614 aunt
1604 4544 1707 4614 crudi
1729 4545 1769 4614 in
1793 4569 1939 4638 corpore
1962 4539 2129 4616 humores

102 4650 310 4735 circumfusi
333 4671 543 4740 earumque,
575 4669 666 4739 quae
691 4669 755 4739 per
785 4648 1096 4717 adcem'fernntur
1142 4659 1204 4717 aut
1228 4645 1331 4716 effusi
1352 4659 1448 4716 extra
1470 4666 1570 4726 vasa,
1604 4646 1660 4715 vel
1684 4648 1882 4717 coacervati·
1899 4647 2030 4716 alicubi
2052 4663 2087 4718 et
2108 4671 2129 4717 a

103 4743 403 4843 ἀναθυμιάσεων
432 4751 568 4834 calore,
602 4761 705 4819 auta
732 4748 870 4818 fervore
896 4749 1093 4818 calidorum
1142 4761 1268 4819 natura
1287 4746 1458 4820 derelicti.
1509 4744 1628 4818 Potest
1642 4747 1737 4816 enftn
1758 4761 1794 4818 et
1815 4749 1853 4814 io
1879 4769 2027 4837 corpore
2046 4750 2126 4817 vivo
2167 4743 2172 4756 “

103 4877 144 4926 sc
158 4854 438 4943 fuliginosorum
460 4845 658 4934 balituum,
683 4850 819 4920 scilicet
839 4852 869 4920 si
891 4851 992 4945 quie
1015 4873 1094 4920 cor·
1143 4851 1295 4942 putredo
1313 4850 1388 4920 fieri
1407 4848 1499 4930 talis,
1524 4872 1614 4942 quac
1627 4849 1763 4919 febrem
1779 4849 1944 4919 incendat
1959 4851 2127 4940 pestilen-

103 4981 191 5048 pore
228 4979 293 5047 per
321 4951 477 5022 occultos
509 4974 616 5043 poros
647 4966 709 5024 aut
738 4965 873 5022 meatus
907 4952 1096 5044 ampliores
1143 4965 1214 5022 tem
1231 4952 1415 5022 venenatis
1430 4945 1619 5033 halitibus,
1645 4950 1735 5019 sicut
1751 4945 1910 5020 Galenus
1925 4950 2063 5044 inquit:
2088 4949 2128 5022 ἐν

103 5059 260 5129 effluunt
282 5067 473 5148 perpetuo,
505 5053 734 5125 detineantur
752 5054 846 5146 intra
866 5077 993 5146 corpus
1015 5073 1096 5126 στε-
1141 5057 1197 5148 τῷ
1206 5049 1351 5146 σώματι
1360 5045 1477 5146 χυμοὶ
1489 5043 1781 5146 ἐπιτήδειοιπρὸς
1795 5043 1909 5146 σήψιυ
1921 5047 2128 5147 ὑπάρχωσι,

105 5153 244 5257 γνώσει
259 5159 396 5251 aliqua,
423 5156 460 5223 id
476 5170 546 5240 est,
571 5148 756 5227 πυκυιόοει
772 5156 830 5224 vel
844 5148 1034 5253 ἐμφράξει,
1056 5179 1095 5225 ac
1143 5149 1207 5228 καὶ
1237 5149 1415 5252 ἀφορμήν
1435 5177 1520 5226 τινα
1542 5152 1726 5246 βραχεῖαν
1748 5152 1789 5225 ἐκ
1810 5157 1879 5225 τοῦ
1900 5152 2129 5245 περιέχοντος

107 5274 370 5333 coacervantur.
424 5255 531 5327 Aucti
553 5257 649 5325 enim
669 5259 732 5328 tali
754 5259 900 5330 detentu
914 5265 1044 5330 coeunt
1062 5269 1097 5327 ct
1144 5258 1194 5338 εἰς
1210 5251 1329 5352 ι’ρχὴο
1343 5259 1505 5351 πυρετοῦ
1519 5247 1616 5347 λάβῃ
1636 5247 1679 5326 τὸ
1692 5249 1801 5341 ζιόσν.
1853 5252 1929 5324 Hae
1948 5267 2030 5322 sunt
2045 5277 2129 5322 cau-

107 5375 325 5448 exaestnant,
349 5373 384 5430 et
398 5358 542 5452 spiritus
560 5359 686 5449 primo,
711 5383 793 5429 mox
809 5355 985 5446 humores,
1010 5383 1096 5452 pro·
1143 5383 1202 5430 sae
1218 5370 1482 5451 cornampentes
1498 5358 1658 5426 nativum
1679 5356 1843 5427 calorem.
1905 5353 1977 5424 Nec
1999 5354 2044 5420 fit·
2061 5375 2129 5442 pu-

109 5477 236 5556 pagato
252 5463 422 5532 continua
441 5459 651 5532 alteratione
673 5475 771 5533 aestu
791 5461 830 5531 in
853 5486 976 5534 omnes
1001 5471 1096 5532 mea·
1119 5519 1124 5537 .
1145 5461 1303 5532 lcefactio
1318 5481 1497 5553 unquam,
1523 5458 1593 5526 nisi
1609 5471 1680 5528 tota
1691 5456 1892 5526 substantia
1908 5452 2019 5522 nativi
2035 5451 2130 5521 calo-

159 5564 347 5637 Msnasrn.
374 5567 479 5633 Orsa.
505 5565 589 5632 Vos.
615 5563 694 5658 ΧΠ.
1000 5651 1001 5656 ¹
1456 5557 1503 5629 12
