4604 5804
65 283 85 304 .
154 273 166 338 3
252 225 333 304 oss
415 232 419 240 '
497 208 554 278 ·’
831 197 842 238 ³
979 213 1523 302 'utsru'r'a'rtonns
1586 223 1593 232 '
2068 291 2080 301 .
2187 247 2248 324 qoq

247 353 557 479 iurisdictionem,
583 391 674 464 sicut
695 383 883 462 artificium
905 394 1047 466 texendi
1070 366 1111 464 in
1125 392 1239 472 Paulo
1392 397 1551 506 Fortuna
1567 369 1812 506 ctcssnss'uht
1823 355 1966 480 caussae
1978 351 2188 508 propinquae
2200 439 2250 508 per

252 525 328 577 non
345 497 525 593 pugnabat
538 516 620 572 cum
635 488 859 585 Apostolatu.
1291 500 1463 576 accidens.
1516 501 1589 574 Nec
1609 517 1659 575 est
1673 510 1907 596 repugnantia
1921 507 1977 605 ⁴),
1989 534 1992 545 ¹
2003 515 2116 585 eidem
2130 519 2250 590 mertui

353 595 403 672 Et
423 621 504 668 cum
523 597 627 666 iaciat
646 591 816 688 Episcopi
838 595 972 689 ollicis,
999 595 1133 667 scllicct
1157 617 1238 666 cum
1291 604 1448 675 tribuere
1464 621 1602 676 caumas
1616 608 1881 698 providentiam
1897 624 1932 683 et
1945 612 2135 690 fortunam.

39 717 46 732 ·
143 731 146 742 ’
251 707 313 800 pie
342 700 495 796 docebit⁸
509 697 702 792 populum,
735 696 803 768 crit
822 716 904 768 vcrc
926 709 962 769 et
982 693 1182 790 Episcopus
1205 710 1239 768 ct
1390 705 1495 776 Luna
1512 707 1645 777 vicenis
1660 709 1786 780 dicbus
1800 715 2022 810 septenisque
2038 731 2072 787 et
2087 717 2252 788 tertiadiei

251 808 433 895 Princept·
1290 818 1391 898 parte
1410 807 1546 900 peragit
1567 833 1707 879 cursum
1730 834 1852 899 suum,
1878 828 1915 886 ct
1930 831 2050 888 tamen
2065 840 2086 888 a
2101 819 2252 890 tricesima

298 915 302 920 ’
353 902 408 978 Ac
423 899 593 996 Episcopi
617 914 651 972 ct
668 899 866 994 presbyteri
887 912 971 972 suut
985 899 1240 972 usufructuarii
1291 907 1388 994 lucc,
1418 924 1459 983 ut
1483 910 1603 1004 inquit
1623 909 1784 1000 Plinius,
1809 911 1932 986 corsos
1952 920 2000 990 ad
2024 921 2160 990 melem
2177 919 2253 990 vices

251 1013 294 1083 in
312 1004 391 1093 his,
422 1027 512 1099 quae
534 1005 578 1074 ab
600 999 758 1076 Ecclesia
777 999 974 1096 accipiunt,
1005 1025 1080 1072 nou
1101 1014 1240 1074 tantum
1292 1010 1374 1085 axis,
1967 1085 1969 1090 ,

251 1109 415 1188 utfflrih.
848 1187 852 1192 .
924 1167 927 1175 ι
1394 1110 1554 1184 Tametsi
1575 1111 1662 1184 luna
1682 1115 1878 1207 aequaliter
1891 1133 2057 1192 movetur
2073 1099 2184 1194 iusuo
2198 1119 2253 1192 cir-

358 1208 602 1299 thdlexlut
615 1204 717 1276 didit
742 1200 857 1296 Rege!
873 1203 1032 1296 gentium
1048 1205 1240 1276 dominan—
1291 1213 1391 1299 culo,
1416 1227 1534 1286 tamen
1556 1215 1790 1308 inaequaliter
1812 1219 1943 1290 acoitu
1956 1207 2183 1313 conspicitur,
2201 1221 2254 1295 ali·

254 1333 315 1392 tur
335 1333 477 1395 corum,
502 1330 565 1379 νοῦ
586 1321 703 1412 flultffl
720 1331 794 1378 ¹¹0ss
811 1308 880 1389 ⁸5⁶2
898 1307 990 1377 facit
1006 1320 1128 1378 contra
1141 1307 1239 1376 aliud
1293 1315 1436 1406 quando
1459 1316 1555 1385 enim
1577 1317 1769 1386 novissima
1788 1331 1821 1388 et
1838 1320 1954 1411 prima
1970 1325 2094 1392 eodem
2110 1325 2182 1409 die,
2201 1322 2253 1392 ali-

256 1437 367 1510 gcnns
398 1410 676 1504 Episcopum,
712 1412 810 1502 quod
843 1421 1026 1501 praetextu
1053 1404 1241 1498 Evangelii
1292 1417 1436 1508 quando
1470 1418 1603 1502 altero,
1639 1417 1833 1510 aliquando
1872 1444 1958 1494 vcro
1987 1423 2092 1494 tertio
2120 1424 2251 1516 primum

256 1518 482 1598 dominatur,
506 1528 541 1583 et
562 1534 672 1584 novas
693 1510 785 1601 leges
806 1512 893 1592 fert,
919 1523 954 1580 et
976 1509 1126 1580 urbibus
1146 1509 1241 1579 εἰῐτὶῑ
1292 1539 1426 1609 egressa
1443 1542 1484 1588 ex
1500 1519 1610 1588 radiis
1625 1519 1801 1590 solaribus
1815 1523 1975 1612 conspici
1989 1537 2115 1618 potest.

256 1623 370 1706 cives,
414 1615 478 1710 qni
511 1615 642 1686 nolunt
678 1611 861 1683 doctrinae
892 1633 975 1682 suae
1008 1611 1240 1683 subscribere.
1281 1693 1285 1701 Ι
1394 1617 1553 1708 Singulis
1575 1619 1756 1692 mensibus
1772 1621 1859 1692 luna
1873 1623 2102 1716 coniungitur
2116 1639 2148 1698 et
2162 1649 2252 1717 oppo-

128 1793 131 1802 .
256 1722 341 1795 Non
377 1731 493 1799 vetet,
531 1735 733 1810 qtsenquanr
770 1733 929 1784 exercere
960 1712 1259 1784 iurisdictionem·
1293 1719 1394 1790 nitur
1420 1721 1509 1807 soli,
1549 1734 1771 1793 nontamen
1800 1721 1951 1813 singulis
1978 1727 2159 1798 mensibus
2182 1727 2252 1796 fiunt

165 1913 170 1919 ι
256 1845 347 1920 quac
361 1821 439 1892 iore
456 1813 615 1888 humano
631 1815 840 1906 inpropriis
854 1813 1167 1904 boniscontigit.·
1293 1821 1449 1914 eclipses.
1683 1837 1687 1842 ·

171 1933 175 1942 ‘
359 1918 522 1992 Omnino
543 1931 627 1990 tunt
648 1916 849 1986 abducendi
867 1917 978 1986 minti
994 1911 1182 1986 hominum
1197 1915 1242 1984 nb
1393 1921 1485 1994 Cum
1498 1945 1625 2016 corpus
1639 1923 1754 1994 solare
1766 1924 1880 1996 maius
1894 1925 1940 1998 sit
1953 1951 2059 2022 quam
2072 1929 2153 2000 luna
2166 1925 2252 1998 series

258 2028 332 2098 illis
356 2020 626 2114 superstitiosis,
658 2017 820 2088 fanaticis
844 2031 879 2087 et
898 2016 1077 2088 seditiosis
1099 2017 1242 2108 opinio·
1292 2021 1422 2096 millies
1451 2026 1640 2095 sexcenties
1664 2039 1698 2094 ct
1722 2020 1968 2120 quadragesies
1993 2044 2132 2122 quater,
2162 2042 2252 2118 potest

255 2131 384 2209 nibus,
416 2147 506 2220 quae
535 2122 681 2190 laedunt
702 2118 1049 2208 dignitatem-terum
1069 2118 1242 2200 civilium,
1293 2137 1412 2194 tamen
1436 2125 1555 2196 totalis
1577 2125 1716 2215 eclipsis
1739 2124 1824 2196 solis
1844 2127 2022 2215 accidere,
2053 2153 2139 2224 quae
2157 2142 2252 2198 tamen

257 2253 299 2302 ac
324 2230 463 2316 lingunt
492 2223 652 2314 inopiam
685 2235 747 2292 sut
774 2217 926 2290 similem
956 2215 1175 2314 hypocrisim
1203 2221 1243 2288 in
1293 2239 1437 2317 propter
1459 2240 1617 2316 aspectus
1632 2225 1873 2300 diversitatem
1891 2253 1966 2300 non
1980 2229 2181 2304 universalis
2195 2229 2252 2298 cri·

256 2327 453 2417 Evangelio
470 2324 684 2395 consuli‘ant
698 2319 852 2414 praecipi
863 2335 1032 2418 tanquam
1043 2321 1243 2414 opusiusti-
1294 2339 1384 2398 stere
1399 2341 1514 2420 potest
1529 2327 1618 2398 sicut
1633 2327 1672 2396 in
1688 2325 1785 2400 luna.
2263 2315 2266 2330 '

246 2431 386 2510 nean,
413 2441 473 2498 aut
491 2425 598 2516 magis
609 2424 815 2498 iustificam.
877 2459 881 2466 ·

360 2527 435 2600 lmo
453 2524 654 2601 Christiano
674 2525 757 2597 licet
779 2522 1009 2615 utipoliticis
1029 2525 1135 2598 rebus
1154 2523 1245 2594 sicut
1486 2559 1592 2660 (lx)
1634 2567 1663 2639 0
1747 2527 1750 2534 ’
1850 2568 1887 2639 D
1992 2503 1997 2514 ’

259 2637 357 2717 cibo,
384 2644 490 2724 potu,
515 2631 614 2714 atico,
639 2627 794 2711 artibus,
817 2621 1108 2709 architectonica,
1130 2625 1246 2695 medi-
1534 2616 1584 2762 (ὁ
1659 2587 1752 2736 3:1¹:
1759 2589 1805 2736 ³¹1,
1831 2566 1910 2738 ἷυθ
1930 2571 2093 2759 ugr?

260 2739 351 2806 cina.
411 2731 464 2804 lta
487 2731 569 2803 licet
591 2751 712 2820 gerere
734 2726 976 2817 magistratus,
1005 2751 1061 2797 res
1084 2727 1246 2819 proprias
1570 2695 1640 2782 ”⁹
1881 2699 1943 2758 'P‘
2027 2725 2035 2740 ·

236 2819 242 2829 “
262 2838 404 2920 tenere,
430 2855 587 2904 exercerc
609 2829 759 2913 iudicia,
784 2828 861 2897 iure
878 2827 1011 2898 bellare
1026 2852 1065 2898 ac
1080 2828 1247 2912 militare,
1295 2816 1433 2902 Filiam
1446 2825 1576 2900 Martis
1592 2825 1767 2924 Alcippen
1782 2827 2010 2903 Alirrichous
2032 2833 2178 2928 pervim
2198 2843 2254 2901 stu-

261 2937 466 3010 rlelensione
487 2932 711 3026 magistratus
735 2928 789 3002 uti
809 2929 849 2998 in
871 2928 1014 2999 iudiciis
1035 2953 1076 2999 ac
1096 2931 1248 3028 litigare,
1298 2932 1425 3024 praeit.
1476 2928 1708 3002 Cum'autem
1730 2927 1830 3001 Mars
1851 2933 2042 3007 occidisset
2063 2936 2208 3007 iuvenem
2226 2929 2253 2996 in

260 3040 315 3110 sic.
331 3055 451 3112 tamen
474 3033 774 3130 quemadmodum
795 3027 928 3102 Paulus
953 3032 1019 3116 ait,
1049 3043 1089 3101 ut
1111 3035 1247 3103 mundo
1297 3045 1418 3123 stupro
1435 3027 1716 3120 deprehensum,
1740 3048 1880 3103 accusat
1893 3058 1973 3106 eum
1985 3033 2166 3128 Neptunus
2178 3043 2254 3124 pater

261 3154 401 3221 utatur,
426 3162 500 3207 non
515 3139 694 3207 abutatur.
1221 3181 1225 3186 .
1299 3127 1522 3222 Alirrochoi,
1548 3134 1662 3226 deque
1684 3157 1725 3204 eo
1747 3135 1961 3226 supplicium
1983 3136 2063 3227 lege
2080 3135 2164 3208 sumi
2178 3128 2254 3223 petit.

365 3237 417 3308 Ac
437 3240 591 3308 iudicem
611 3229 846 3303 christianum
860 3241 1001 3320 oportet
1015 3230 1069 3302 uti
1084 3253 1249 3323 praesen·
1299 3231 1360 3302 Dii
1382 3231 1555 3302 iudicium
1578 3233 1617 3301 in
1634 3226 1819 3326 Areopago
1847 3251 2096 3323 exercuerunt,
2119 3247 2148 3304 ct
2164 3255 2197 3302 rc
2210 3251 2254 3299 co·

261 3341 357 3417 tibus
374 3339 511 3428 legibus
528 3352 634 3432 atquc
651 3333 834 3408 institutis.
886 3331 959 3402 Nec
975 3331 1075 3402 dcltet
1091 3333 1249 3404 iudicare
1298 3334 1395 3426 gnita
1409 3329 1561 3404 Martem
1579 3333 1820 3407 absolverunt.

262 3445 520 3514 controversias
544 3465 586 3510 ex
598 3433 767 3506 Mosaicis
783 3433 933 3524 legibus.
980 3432 1071 3503 Nam
1087 3431 1251 3524 Evange-
1400 3433 1473 3505 Nos
1489 3435 1712 3504 defendimus
1729 3447 1820 3506 recte
1834 3433 2034 3506 iudicatum
2052 3429 2237 3506 esseaDiis.

186 3541 192 3560 ⁸
262 3545 351 3612 lium
381 3564 456 3612 uon
484 3557 535 3617 est
564 3535 731 3612 seditiosa
762 3535 945 3616 doctrina,
977 3557 1045 3606 nec
1074 3537 1170 3607 tollit
1194 3558 1251 3606 res
1305 3554 1310 3562 ’
1369 3531 1560 3606 'Atticum
1582 3535 1670 3620 fuit,
1694 3557 1769 3604 non
1791 3557 1978 3605 romanum
2000 3539 2048 3608 de
2067 3554 2178 3628 stupro
2198 3531 2255 3598 siue

262 3644 433 3736 politicas.
1299 3637 1337 3706 vi
1356 3637 1448 3706 lacto
1467 3633 1561 3728 (aut)
1582 3637 1710 3706 ducere
1731 3649 1794 3706 aut
1816 3638 1933 3706 dotem
1957 3637 2063 3726 dare,
2088 3633 2254 3708 Mosaicun

788 3812 797 3828 .
886 3759 889 3766 ’
1300 3738 1386 3823 fuit,
1411 3738 1540 3808 ducere
1561 3751 1595 3808 et
1611 3737 1746 3810 dotare.
1797 3729 1982 3809 Romanae
1997 3737 2089 3828 leges
2104 3730 2255 3807 honestius

657 3811 717 3884 ⁰⁰
743 3806 857 3880 Inde·
1301 3841 1460 3910 iudicant
1478 3837 1522 3906 de
1539 3848 1672 3930 stupro.
1726 3835 1801 3908 Nec
1815 3837 1853 3907 id
1869 3837 2022 3928 impium
2038 3840 2140 3912 dictu.
2187 3831 2254 3902 Nam

365 3941 443 4018 Etsi
459 3943 522 4012 iris
538 3939 633 4010 velut
648 3938 831 4030 speculum
842 3935 963 4009 reddit
973 3938 1108 4024 lumen,
1132 3950 1251 4010 tamen
1300 3940 1425 4034 politia
1442 3937 1600 4010 Mosaica
1621 3934 1738 4009 nihilo
1759 3939 1839 4028 plus
1858 3939 1903 4008 ad
1927 3937 2197 4012 iustificationem
2212 3951 2255 4000 co·

263 4073 338 4120 non
362 4059 477 4141 potest
499 4042 686 4132 imaginem
708 4038 793 4109 solis
810 4039 981 4125 reddere,
1003 4038 1095 4110 sicut
1111 4040 1252 4130 specula
1301 4064 1377 4112 ram
1393 4037 1469 4110 Deo
1484 4039 1589 4123 facit,
1613 4061 1720 4132 quam
1735 4039 1860 4129 politia
1874 4037 2053 4113 Romana.

60 4111 63 4120 Ι
143 4215 151 4244 κ
264 4151 445 4222 distinctas
477 4138 648 4234 imagines
675 4140 844 4217 reddunt.
908 4135 958 4212 Bt
978 4161 1100 4212 caussa
1120 4141 1253 4233 figurae
1402 4135 1547 4213 Etcum
1563 4137 2083 4232 Deusatternperavecitlegem
2098 4133 2255 4209 mosaicam

265 4251 372 4324 lridis
387 4265 439 4322 est
452 4248 566 4338 figura
578 4241 700 4320 uobis.
1302 4242 1359 4313 illi
1379 4241 1493 4334 genti,
1523 4240 1673 4333 reperiri
1693 4253 1843 4333 possunt
1863 4240 2178 4334 aliqna‘instituta,
2198 4228 2255 4302 Ro·

415 4388 420 4396 ·
499 4345 504 4354 ’
863 4335 869 4344 ’
1302 4341 1593 4434 manaercipubl.
1607 4343 1755 4412 meliora
1771 4342 1812 4411 in
1827 4364 1953 4432 genere
1968 4365 2074 4437 quam
2090 4335 2238 4411 Iudaicae·

409 4442 555 4584 ‹ut›
595 4481 656 4554 »ο
840 4498 910 4574 cr
931 4473 1113 4555 oct
1194 4559 1205 4576 „
1302 4442 1739 4638 satutant?
1752 4439 2117 4640 tutatuta:
2131 4434 2255 4610 teat

1445 4597 1457 4632 2
1978 4598 1990 4632 9

265 4643 482 4729 Aristoteles
496 4642 774 4719 rcctsdiacernit
788 4663 928 4716 cauam
941 4665 1055 4738 perse
1068 4655 1104 4715 et
1118 4663 1256 4716 caussas
1304 4649 1426 4720 lumen
1441 4647 1554 4720 iustae
1569 4647 1770 4738 suntleges.
1941 4699 1943 4704 -

265 4777 331 4849 pec
344 4751 518 4826 accidms·
1407 4746 1504 4819 lllod
1524 4771 1610 4818 vero
1632 4743 1934 4831 cstseditiosum,
1957 4745 2054 4841 quod
2070 4743 2201 4842 quidam
2213 4731 2255 4846 ins

365 4850 514 4925 crum
541 4862 595 4921 cst
624 4849 723 4920 enim
747 4843 883 4918 iudicio
908 4845 1060 4922 rationis
1082 4845 1258 4940 plurimos
1305 4849 1404 4923 docti
1429 4846 1608 4936 sentiunt,
1648 4843 1872 4922 Christianos
1900 4862 2064 4942 oportere
2091 4845 2143 4918 oti
2168 4834 2256 4909 Μοῦῑ5

267 4967 414 5032 eventus
441 4975 517 5024 nou
539 4945 671 5022 habere
695 4969 835 5022 nosses
853 4955 918 5040 pcr'
939 4969 994 5034 se,
1053 4943 1202 5022 Clarum
1224 4961 1259 5022 et
1307 4951 1454 5044 legibus.

264 5056 336 5132 hoc
358 5067 428 5140 cst,
453 5051 732 5143 contingentiam
750 5059 914 5142 oportere
931 5049 1038 5140 poni,
1062 5050 1130 5125 etsi
1143 5073 1260 5150 neque
1409 5053 1451 5128 si
1466 5064 1591 5146 raptus
1608 5064 1643 5125 ct
1656 5061 1819 5146 stuprum
1832 5051 1871 5126 vi
1884 5051 2016 5125 lactum
2029 5049 2125 5145 paria
2137 5033 2256 5116 crinin

256 5155 549 5256 ¹providentiam,
573 5173 691 5248 nequa
704 5153 819 5224 latum
830 5150 1002 5254 tollimus
1309 5167 1413 5242 sunt,
1435 5153 1520 5250 quia
1537 5151 1729 5248 utrumque
1747 5151 1825 5246 lege
1842 5151 1934 5227 lolia
1950 5147 2191 5249 pronunciatur
2203 5151 2255 5206 οὕ*

368 5253 600 5330 Providentia
620 5267 673 5326 est
694 5272 815 5326 causes
839 5273 905 5344 per
915 5275 966 5348 sc.
1007 5247 1082 5325 Est
1097 5267 1133 5326 et
1146 5255 1258 5330 laturo
1311 5259 1524 5329 ...4-

272 5377 541 5454 corruperas,
563 5351 1144 5492 sednecprsplnqnansctotalis.
1304 5395 1307 5402 ·
1346 5385 1375 5455 q
1393 5385 1426 5444 ι,
1447 5391 1535 5446 m,
1555 5387 1734 5460 mma,
1756 5403 1787 5443 u
1804 5386 1914 5444 mensa

295 5694 409 5750 A
