4696 5820
111 183 113 192 ¹
199 262 277 344 ets
745 249 907 330 nael.
943 246 1021 324 DE
1053 242 1377 324 GBEGOBIO
1407 246 1679 328 NAZlANZ.
2151 253 2229 327 280

205 431 409 517 troversiis,
447 425 610 499 viderant
635 424 731 496 enim
755 437 919 517 parentes
937 421 1037 512 longi
1057 435 1197 512 ternpo-
1243 432 1344 492 sunt:
1376 418 1482 494 Tunc
1499 447 1578 494 mea
1600 422 1802 495 coniectura
1825 447 1900 498 non
1920 423 1991 496 tuit
2010 447 2114 498 sana.
2165 421 2235 494 Be-

208 542 261 612 ris
275 532 484 616 certamina,
509 528 595 626 quia
617 526 745 618 egressi
758 539 843 596 sunt
859 549 995 596 annum
1009 521 1197 616 nonagesi-
1245 522 1293 592 cit
1316 522 1411 592 enim
1432 547 1488 594 me
1511 539 1626 596 vatem
1647 549 1789 596 morum
1812 524 1922 616 ipsius
1944 525 2179 620 inaequalitas
2201 541 2237 596 et

210 663 325 712 mum:
352 647 452 726 pater
470 630 577 701 simul
592 627 746 709 curavit,
771 639 812 698 ut
827 629 871 697 ad
887 624 1115 696 domesticam
1131 624 1198 693 do·
1246 625 1493 696 admirationis
1516 628 1735 718 magnitudo.
1797 623 1880 696 Non
1901 627 1996 698 enim
2017 624 2109 696 mihi
2132 627 2237 697 vide-

212 739 363 814 ctrinam
376 735 584 823 adiungeret
602 729 805 801 adolescens
827 728 944 801 studia
962 724 1198 818 Eloquentiae
1246 727 1378 796 bantur
1398 727 1498 818 signa
1522 729 1639 798 bonae
1671 740 1819 799 naturae
1851 751 1943 815 esse,
1983 729 2099 800 crebri
2122 728 2236 799 llexus

149 919 154 926 ¹
211 857 248 915 et
276 829 548 928 Philosophiae,
580 853 732 924 eumque
760 829 917 920 primum
946 827 1198 901 Alexandriam
1247 827 1350 914 colli,
1380 823 1522 898 humeri
1542 853 1605 920 per
1634 828 1727 900 vices
1754 829 2008 902 subsultantes:
2043 829 2149 900 oculi
2171 853 2238 900 va-

211 939 328 1023 misit,
352 960 442 1031 quae
463 949 547 1006 tunc
570 933 641 1004 fuit
662 955 723 1002 arx
738 931 979 1002 doctrinarum
994 929 1033 996 in
1052 940 1126 998 toto
1140 948 1200 1016 ge-
1247 929 1405 1017 gabundi
1427 941 1462 999 et
1485 943 1620 1013 uoces,
1653 945 1690 1002 et
1712 929 1832 1024 quales
1853 944 1938 1001 sunt
1960 933 1999 1000 in
2022 931 2239 1016 furentibus,

211 1065 297 1115 nere
312 1035 470 1110 humano
486 1034 685 1128 praecipua.
732 1029 907 1106 Fortassis
925 1045 959 1102 et
974 1053 1016 1100 eo
1031 1027 1200 1099 libentius
1248 1031 1354 1121 pedes
1375 1031 1557 1101 instabiles
1578 1046 1614 1103 et
1635 1032 1780 1103 crebrae
1799 1033 2093 1120 geniculationes:
2126 1055 2237 1102 nasus

211 1144 327 1215 lilium
350 1164 391 1209 eo
413 1137 530 1221 misit,
566 1135 650 1230 quia
677 1146 763 1204 ωηο
779 1147 860 1224 post
882 1133 1028 1222 longum
1054 1129 1200 1200 exilium
1248 1133 1511 1222 corrugatusad
1528 1133 1799 1222 significandum
1814 1147 2075 1226 contemptum,
2099 1135 2240 1204 ridicu-

215 1261 321 1317 senex
342 1233 558 1311 Athanasius
583 1260 623 1306 eo
647 1234 817 1318 redierat,
847 1235 905 1304 cui
927 1230 1085 1304 Ecclesia
1100 1243 1200 1311 ‚recte
1248 1231 1303 1301 lae
1319 1233 1449 1322 figurae
1464 1234 1601 1315 vultus,
1623 1229 1789 1305 cachinni
1803 1233 1914 1304 altum
1932 1251 2132 1326 crepantes:
2164 1260 2239 1305 nu-

216 1345 371 1418 sentiens
385 1341 424 1412 in
437 1339 526 1411 urbe
539 1335 771 1408 Trevirorum
785 1330 979 1428 hospitium
994 1356 1107 1404 annos
1121 1345 1199 1404 octo
1249 1346 1306 1403 tus
1328 1347 1362 1404 et
1389 1347 1535 1405 renutus
1565 1335 1642 1405 sine
1669 1358 1849 1421 sermone,
1881 1358 2061 1406 sermones
2089 1338 2238 1428 abrupti

216 1447 373 1518 dederat.
1249 1457 1323 1504 non
1346 1436 1530 1528 completis
1548 1436 1751 1524 sententiis,
1784 1436 2078 1526 interrogationes
2094 1439 2239 1509 inordi-
2338 1442 2339 1454 ¹

319 1543 411 1617 Cum
427 1553 544 1614 autem
561 1537 783 1634 eloquentiae
795 1537 958 1610 exercitia
979 1538 1113 1608 maiora
1130 1559 1202 1606 esse
1249 1548 1352 1606 natae
1375 1548 1409 1604 et
1429 1538 1507 1607 sine
1529 1561 1635 1610 cansa
1658 1541 1788 1623 iactae,
1827 1540 2074 1628 responsiones
2096 1540 2239 1610 alienae

216 1643 391 1732 Athenis,
416 1657 452 1715 et
464 1667 592 1714 sonum
608 1641 763 1712 Graecae
779 1641 921 1732 linguae
935 1640 1133 1710 suaviorem
1150 1637 1201 1707 ihi
1249 1637 1479 1727 aproposito,
1503 1639 1725 1710 necinterse
1742 1639 2011 1714 consentientes.
2062 1639 2131 1712 Sed
2148 1642 2240 1734 quid

216 1773 291 1822 esse
306 1748 462 1831 audiret,
486 1737 608 1836 etipse
622 1755 748 1812 natura
763 1743 873 1830 magis
887 1741 932 1810 ad
948 1763 986 1812 ea
1002 1740 1118 1812 studia
1133 1741 1202 1810 du·
1249 1737 1386 1826 singula
1408 1738 1571 1811 scribam.
1620 1739 1745 1810 Talem
1768 1753 1849 1810 ante
1869 1741 1959 1810 facta
1985 1764 2058 1810 esse
2074 1743 2241 1812 animad-

217 1866 373 1934 ceretur,
397 1841 557 1918 Athenas
572 1857 651 1936 post
667 1841 802 1934 aliquot
819 1865 931 1913 annos
946 1843 1122 1932 profectus
1139 1854 1202 1912 est.
1250 1839 1338 1908 verti
1352 1871 1367 1924 ,·
1386 1841 1527 1932 qualern
1552 1862 1626 1911 esse
1645 1854 1765 1933 postea
1790 1841 1829 1909 in
1856 1841 1942 1932 ipsis
1956 1840 2056 1911 sactis
2070 1843 2240 1918 vidimus.

217 1949 275 2022 lbi
289 1949 461 2022 Basilium
477 1969 579 2016 nosse
596 1944 705 2036 cepit,
730 1957 765 2014 et
779 1967 859 2013 cum
876 1944 988 2034 patria
1003 1941 1202 2013 communis
1249 1936 1346 2010 Haec
1360 1965 1439 2008 cum
1457 1941 1643 2028 vidissem,
1665 1941 1857 2011 exclamavi
1873 1966 1990 2011 coram
2006 1942 2148 2030 multis,
2174 1947 2240 2038 qui

217 2066 323 2138 esset,
346 2064 381 2122 et
399 2047 531 2119 similia
555 2058 669 2116 essent
689 2043 822 2129 studia,
846 2045 979 2113 similes
992 2043 1203 2127 voluntates,
1250 2053 1353 2110 testes
1379 2037 1486 2112 huius
1506 2044 1576 2111 mei
1594 2043 1765 2112 sermonis
1783 2065 1856 2112 esse
1874 2055 2038 2133 possunt:
2068 2039 2105 2114 Ο
2121 2067 2239 2136 quan-

217 2167 252 2224 et
267 2152 439 2246 quaedam
455 2161 660 2218 naturarum
676 2144 876 2230 adiunctio,
902 2145 1027 2235 spretis
1050 2145 1131 2215 aliis
1145 2167 1203 2213 so-
1251 2154 1327 2212 tum
1349 2143 1481 2210 malum
1510 2144 1624 2213 nutrit
1644 2141 1850 2215 Romanum
1873 2145 2074 2234 imperium.
2132 2143 2239 2216 Hanc

216 2253 356 2325 daliciis
372 2247 457 2320 huic
479 2249 544 2318 uni
566 2245 750 2317 familiaris
764 2246 843 2318 tuit.
902 2245 1031 2316 Narrat
1051 2247 1147 2314 enim
1169 2257 1204 2315 et
1250 2242 1521 2332 descriptionem
1549 2239 1608 2314 hic
1636 2243 1790 2330 inserui,
1830 2257 1870 2314 ut
1901 2246 2137 2316 adolescentes
2171 2241 2240 2317 hac

216 2369 304 2428 tunc
325 2347 478 2423 Athenis
505 2349 612 2420 luisse
633 2347 917 2438 corruptissimos
944 2370 1061 2418 mores
1087 2360 1122 2416 et
1144 2347 1203 2415 in·
1251 2345 1455 2412 narratione
1488 2345 1756 2415 commonefacti
1794 2345 1947 2434 cogitent
1986 2360 2102 2435 gestus
2143 2361 2239 2420 recte

216 2455 352 2545 signem
366 2441 562 2523 iuventutis
574 2449 824 2542 petulantiam,
848 2449 932 2541 quia
949 2448 1056 2518 multi
1075 2447 1203 2517 divites
1251 2445 1422 2533 regendos
1443 2467 1539 2532 esse,
1578 2461 1613 2518 et
1638 2444 1828 2528 modestiae
1852 2445 2124 2536 significationes
2150 2473 2240 2519 con·

217 2550 428 2629 Scholastici
451 2555 531 2645 plus
566 2551 679 2622 dediti
706 2563 807 2620 erant
832 2549 946 2635 ludis,
984 2549 1203 2640 spectaculis,
1251 2546 1418 2619 siderent.

219 2656 394 2728 conviviis
420 2667 455 2726 et
475 2652 660 2726 obscoenis
677 2649 930 2742 voluptatibus,
947 2671 1054 2742 quam
1070 2650 1203 2719 doctri·
1258 2689 1262 2696 ·
1351 2644 1564 2720 Discesserat
1593 2643 1745 2722 Athenis
1772 2647 1944 2733 Basilius,
1977 2673 2086 2721 manu
2118 2652 2239 2722 fratris

217 2781 348 2830 narum
363 2755 501 2838 studiis,
526 2754 645 2846 plures
661 2750 764 2821 etiam
781 2750 898 2842 palam
907 2745 1033 2833 Athei,
1059 2764 1093 2821 et
1106 2750 1203 2820 mnl—
1252 2749 1398 2819 eductus
1415 2770 1456 2819 ex
1472 2752 1565 2835 sede,
1590 2751 1629 2820 in
1645 2775 1713 2843 qua
1729 2751 1985 2838 declamitabat,
2011 2765 2045 2823 et
2058 2752 2129 2823 iarn
2144 2751 2240 2824 Gre-

218 2860 250 2930 ti
264 2856 408 2946 magicis
430 2855 564 2927 artibus
586 2851 698 2923 dediti
719 2865 832 2924 erant.
883 2848 943 2922 Ab
958 2847 1014 2922 his
1030 2877 1110 2922 curn
1126 2877 1202 2922 am·
1251 2849 1351 2939 gorio
1366 2844 1527 2919 Athenae
1543 2852 1696 2920 solitudo
1714 2866 1832 2932 erant,
1859 2853 1941 2945 quia
1956 2866 2050 2925 casta
2064 2877 2164 2924 mens
2180 2857 2240 2926 fu-

217 2961 267 3032 bo
281 2954 512 3029 abhorrerent
526 2953 680 3026 Basilius
696 2967 730 3024 et
745 2951 956 3042 Gregorius,
982 2954 1064 3045 qnia
1079 2956 1204 3022 dome-
1252 2951 1371 3040 glebat
1401 2944 1540 3020 ethnica
1566 2964 1600 3021 et
1619 2952 1687 3021 alia
1710 2953 1888 3025 sodalitia.
1948 2953 2069 3042 Quare
2099 2969 2133 3026 et
2163 2955 2240 3046 ipse

219 3061 305 3132 stica
332 3057 519 3150 disciplina
541 3058 586 3126 ad
608 3078 727 3125 veram
753 3050 821 3122 Dei
842 3055 1079 3142 agnitionem,
1107 3054 1201 3124 etad
1253 3049 1435 3142 aliquanto
1458 3064 1537 3140 post
1557 3054 1602 3122 ad
1625 3075 1744 3122 senem
1767 3067 1903 3145 patrem
1926 3056 2038 3140 redit,
2068 3079 2147 3126 cum
2165 3056 2238 3126 iam

218 3157 388 3232 honestos
411 3171 446 3229 et
464 3169 575 3228 castos
596 3177 712 3225 mores
734 3153 924 3224 adsuefacti
943 3155 1102 3240 fuerant,
1130 3176 1204 3225 sese
1253 3151 1470 3222 tricesimum
1512 3176 1656 3236 annum,
1690 3155 1870 3250 attigisset.
1947 3153 2052 3225 Tunc
2094 3171 2238 3249 accepto

220 3261 501 3344 coniunxerunt,
532 3271 566 3327 et
585 3256 692 3326 simul
713 3254 752 3324 in
772 3255 899 3325 studiis
922 3256 1103 3326 doctrinae
1121 3279 1203 3344 pro-
1254 3252 1429 3341 baptismo
1452 3268 1551 3342 pater
1572 3255 1734 3324 adiunxit
1748 3279 1827 3326 cum
1843 3253 2081 3349 Presbyteris,
2107 3257 2158 3326 ibi
2181 3261 2240 3328 di-

200 3373 411 3435 'cesserunh
456 3357 511 3431 Ex
523 3381 562 3428 ea
573 3355 810 3428 familiaritate
822 3370 899 3427 orta
911 3356 1077 3442 amicitia,
1102 3358 1205 3427 dein·
1254 3353 1400 3442 remptis
1421 3355 1670 3426 controversiis
1693 3369 1727 3426 et
1741 3358 1899 3427 restituta
1916 3357 2104 3427 concordia
2125 3381 2240 3428 seces-

220 3467 266 3536 de
292 3484 476 3556 nunquam
501 3461 697 3550 interrupta
720 3470 791 3542 est,
841 3469 882 3527 ut
911 3471 995 3527 eunt
1025 3458 1204 3529 durabiles
1255 3454 1300 3524 sit
1315 3455 1359 3522 ad
1380 3451 1566 3541 Basiliam,
1593 3457 1654 3549 qui
1671 3470 1705 3526 et
1718 3457 1792 3548 ipse
1811 3480 1890 3526 cum
1907 3451 2035 3527 Lector
2048 3456 2241 3531 Caesareae

218 3563 408 3650 amicitiae,
432 3585 582 3654 quarum
599 3554 743 3630 honesta
756 3570 840 3628 sunt
854 3558 967 3628 initia.
1017 3555 1066 3629 Et
1082 3582 1203 3627 verum
1254 3554 1394 3635 suisset,
1420 3556 1540 3626 relicta
1554 3557 1665 3647 patria
1681 3571 1828 3648 propter
1841 3559 2129 3645 obtrectationes,
2152 3573 2240 3632 tunc

219 3667 312 3737 illud
328 3678 396 3749 est,
421 3659 523 3735 ἅπαν
538 3656 581 3734 τὸ
593 3656 759 3755 χρηστὸν
778 3652 849 3752 τὴν
862 3659 970 3751 ἴστην
990 3657 1062 3750 ἔχει
1075 3652 1203 3754 φύσιν.
1255 3657 1293 3724 in
1309 3679 1372 3725 suo
1389 3657 1534 3746 praedio
1550 3681 1630 3726 cum
1645 3657 1780 3751 aliquot
1795 3659 2016 3729 auditoribus
2031 3660 2129 3732 vixit.
2183 3661 2241 3733 lbi

219 3763 277 3838 Eo
306 3780 463 3856 tempore
492 3764 590 3834 venit
613 3758 771 3833 Athenas
801 3777 835 3831 et
859 3758 1018 3831 lulianus
1041 3760 1224 3830 nondum.
1255 3755 1361 3826 simul
1394 3757 1561 3826 tredecim
1592 3757 1696 3827 annis
1720 3761 1929 3830 commorati
1956 3773 2059 3846 sunt,
2096 3785 2171 3830 non
2199 3764 2242 3833 in

219 3865 435 3958 Imperator,
461 3863 520 3935 sed
540 3865 610 3933 iam
625 3886 665 3930 ex
681 3858 801 3932 schola
815 3860 1001 3932 accersitus
1017 3861 1062 3930 ad
1079 3884 1205 3950 regen·
1254 3857 1384 3947 ignavo
1400 3858 1496 3943 ocio,
1520 3861 1580 3928 sed
1597 3859 1921 3952 inprecationibus,
1946 3874 1981 3931 et
1997 3861 2034 3930 in
2049 3862 2241 3934 collatione

218 3972 303 4040 dam
314 3962 489 4047 Galliam,
514 3978 549 4034 et
566 3985 711 4055 sperans
732 3962 931 4053 imperium.
982 3960 1052 4033 llic
1072 3961 1205 4035 confir·
1254 3958 1485 4050 scriptorum,
1508 3959 1639 4053 quibus
1651 3960 1836 4030 universae
1850 3957 1956 4031 Asiae
1968 3958 2144 4033 Ecclesias
2157 3988 2243 4036 eru-

218 4069 332 4140 marit
348 4066 452 4140 etiam
469 4065 714 4156 improborum
730 4063 912 4162 audaciam
925 4057 1098 4149 Athenis,
1121 4064 1204 4156 quia
1255 4058 1419 4145 diebant‚
1468 4061 1717 4132 eternitatem
1758 4062 2032 4153 propugnabant
2070 4064 2242 4137 adversus

220 4165 385 4243 Ethnicis
400 4190 473 4238 sese
487 4165 711 4252 venditabat,
736 4177 771 4237 et
786 4163 912 4254 Magos
929 4166 1145 4246 consulebat,
1170 4178 1204 4235 et
1255 4157 1426 4246 Arianos,
1451 4157 1661 4232 Manicheos
1687 4173 1721 4230 et
1746 4163 1834 4232 alios
1849 4163 1997 4237 furores.
2051 4162 2239 4251 Quantum

220 4267 441 4343 Christianos
468 4268 733 4358 aspernabatur.
779 4262 835 4337 Ex
857 4262 914 4335 his
939 4267 1098 4338 moribus
1119 4279 1204 4336 tunc
1254 4263 1389 4332 bonnm
1412 4261 1456 4333 sit
1482 4257 1612 4333 habere
1633 4262 1772 4333 fidelem
1797 4261 2056 4359 παραστάτην,
2091 4279 2125 4338 et
2140 4269 2239 4339 velut

220 4395 362 4467 quoque
393 4371 630 4439 coniecturam
663 4365 824 4437 fecerunt
856 4366 976 4451 multi,
1018 4380 1203 4459 rapturum
1255 4357 1446 4444 Achatem,
1472 4387 1513 4432 ex
1535 4364 1645 4434 veteri
1668 4364 1856 4456 proverbio
1875 4378 2000 4436 notum
2023 4377 2085 4436 est.
2135 4366 2238 4439 Duo-

221 4497 294 4544 esse
326 4470 625 4553 dominationem,
666 4479 700 4537 et
732 4479 985 4540 renovaturum
1018 4467 1201 4538 saeviciam
1254 4464 1321 4534 bns
1336 4464 1468 4555 pariter
1482 4466 1659 4538 euntibus.

220 4576 389 4646 adversus
406 4568 646 4658 Christianos,
678 4581 718 4638 ut
738 4591 813 4638 non
834 4569 947 4638 multo
968 4581 1047 4657 post
1064 4565 1202 4642 accidit.
1354 4563 1511 4638 Multum
1530 4567 1639 4658 igitur
1658 4566 1791 4657 profuit
1808 4561 1983 4638 Ecclesiae
1998 4565 2127 4640 horum
2145 4571 2238 4641 duo.

218 4673 354 4767 Estque
381 4672 528 4762 insignis
555 4683 589 4739 et
619 4669 798 4740 luculenta
830 4667 1019 4758 descriptio
1041 4681 1202 4758 gestuum
1253 4689 1333 4734 rum
1356 4665 1579 4753 coniunctio,
1610 4691 1689 4741 cum
1712 4666 1802 4738 alter
1831 4668 1981 4740 alterum
2008 4685 2170 4742 moneret
2201 4689 2236 4746 et

219 4773 351 4846 Iuliani
369 4776 465 4865 apud
484 4769 763 4856 Nazianzenum,
789 4794 829 4840 ex
851 4768 1202 4866 quibusvaticinatus
1253 4767 1493 4853 confirmaret,
1534 4782 1569 4838 et
1607 4769 1712 4838 ambo
1747 4771 2005 4843 consentientes
2037 4771 2236 4844 vicinorum

219 4889 289 4961 est,
309 4875 423 4968 qualis
437 4875 577 4945 futurus
595 4885 695 4944 essct.
1253 4867 1478 4937 concordiam
1506 4870 1708 4941 retinerent.
1766 4869 1836 4940 Sed
1864 4885 2044 4966 utrunque
2064 4869 2162 4942 Deus
2194 4900 2235 4946 ex

319 4973 399 5046 Etsi
416 4975 510 5043 enirn
533 4995 678 5062 magnae
694 4982 777 5040 sunt
792 4968 946 5039 latebrae
960 4980 1142 5059 pectorum
1162 4969 1200 5039 in
1253 4967 1315 5037 illo
1330 4967 1534 5040 dulcissimo
1550 4992 1684 5040 secessu
1697 4967 1745 5037 'in
1761 4971 1871 5042 aciem
1887 4987 1921 5043 et
1934 4974 1974 5041 in
1993 4993 2119 5062 magua
2133 4969 2237 5065 prae-

215 5077 391 5168 improbis
413 5088 448 5145 et
469 5075 612 5158 astutis,
645 5086 678 5142 et
692 5068 899 5142 artificiosae
914 5082 997 5140 sunt
1015 5069 1152 5140 ironiae
1166 5084 1201 5141 et
1251 5069 1298 5139 lia
1323 5069 1455 5140 eduxit.
1512 5069 1685 5141 Basiliam
1706 5071 1819 5163 patria
1841 5074 1979 5145 vocavit
1999 5073 2045 5142 ad
2065 5070 2236 5170 Episcopi

215 5177 447 5249 consiliorum
466 5174 732 5246 occultationes:
765 5185 883 5244 tamen
897 5175 1043 5240 naturae
1055 5192 1200 5260 perver-
1250 5192 1398 5254 munus,
1430 5172 1493 5240 ubi
1518 5195 1599 5242 cum
1628 5169 1844 5262 Imperatore
1872 5173 2021 5247 Valente
2045 5197 2171 5264 magna
2201 5181 2235 5249 ei

214 5282 296 5350 sitas
312 5305 353 5348 ex
368 5276 575 5350 monstrosis
590 5275 743 5364 gestibus
759 5287 793 5343 et
809 5273 888 5342 aliis
905 5271 1015 5360 signis
1036 5271 1198 5342 animad-
1249 5271 1437 5341 certamina
1448 5271 1603 5348 suerunt.
1654 5270 1867 5365 Gregorium
1881 5298 1985 5345 senex
2008 5287 2107 5364 pater
2118 5299 2235 5365 egres-

209 5381 300 5454 verti
321 5395 445 5474 potest.
504 5377 623 5451 Verba
645 5371 858 5448 Nazianzeni
881 5375 925 5446 de
945 5372 1086 5446 loliano
1110 5365 1197 5444 haec
1248 5393 1306 5445 sus
1318 5373 1734 5466 annumoonagesimum
1750 5375 1820 5447 sibi
1833 5376 2012 5464 adiunxit,
2037 5389 2077 5448 ut
2091 5377 2234 5452 doceret
