4696 5820
22 353 41 428 u
100 301 177 380 sos
665 259 1252 366 nncn'nnsconnstt
1291 281 1550 364 ounrsrt.
2002 293 2119 370 -sro

34 527 37 538 .
99 493 160 562 gas
174 469 263 558 lide,
288 461 520 551 confessione,
545 459 770 531 invocatione
784 469 819 529 et
833 455 970 541 officiis,
995 475 1085 548 quae
1132 458 1306 530 tuendum
1335 469 1396 530 est.
1455 449 1504 528 Et
1531 437 1735 554 quanquam
1763 458 1870 531 bonis
1900 460 1984 532 mali
2014 463 2117 534 mixti

22 548 39 640 “5
99 574 146 642 ad
181 572 258 642 eins
291 562 594 639 conservationem
627 556 726 631 Deus
764 556 935 651 praestari
970 555 1085 632 iussit.
1133 571 1233 630 sunt:
1263 569 1382 628 minen
1416 580 1554 650 semper
1583 560 1713 653 aliquis
1736 573 1854 634 coetus
1878 575 1928 634 est
1956 563 2115 636 veritatis

22 651 39 694 Ψ
99 671 190 743 Vult
211 669 309 744 Deus
332 680 367 737 te
388 686 471 735 suae
492 659 671 734 Ecclesiae
694 660 807 730 civem
830 670 865 729 et
885 655 1085 726 communis
1132 671 1262 732 custos.
1312 656 1356 728 In
1380 660 1534 730 secunda
1547 654 1727 752 Ephesina
1750 663 1909 758 synodo,
1935 687 2026 759 quae
2050 690 2116 735 no-

22 755 39 868 *fj'
96 773 248 844 militiae
264 768 399 840 socium
418 786 501 848 esse,
514 787 592 838 non
606 758 758 846 bostem,
772 781 847 828 nou
858 757 1087 852 parricidam,
1133 759 1291 832 minatur
1315 755 1509 858 ληστιρκὴ,
1541 757 1751 857 Byzantium
1774 760 1991 855 Episcopum
2024 782 2115 836 recte

22 859 39 896 ¹¹
96 897 176 943 non
191 875 458 943 desertorem-et
474 865 700 954 transfugam.
728 859 812 930 Ideo
829 858 1082 950 scriptumest:
1132 862 1343 932 sentientem
1363 861 1517 933 calcibus
1540 861 1591 934 ita
1613 865 1783 956 percussit
1807 862 2054 937 Antiochenus
2078 869 2115 938 in

23 958 38 999 ἔ
95 973 257 1046 Plantati
273 971 311 1040 in
326 970 432 1040 domo
441 964 608 1051 Domini,
633 962 673 1034 in
687 962 785 1034 atriis
802 957 1004 1032 domusDei
1017 983 1087 1030 no·
1132 962 1278 1055 publico
1292 983 1469 1048 consessu,
1482 976 1524 1036 ut
1537 963 1630 1034 intra
1646 965 1802 1040 triduum
1820 989 1926 1037 senex
1941 968 2116 1038 extinctus

97 1076 166 1146 stri
182 1073 372 1145 florebunt.
417 1068 524 1140 Item:
548 1063 650 1136 Beati
670 1063 733 1157 qui
748 1056 912 1132 habitant
925 1061 965 1129 in
977 1061 1085 1130 domo
1133 1063 1191 1139 sit.
1241 1057 1355 1134 Erant
1376 1075 1494 1133 tamen
1516 1065 1579 1134 alii
1599 1079 1694 1136 recte
1724 1067 1935 1153 sentientes,
1967 1081 2001 1139 et
2031 1069 2117 1142 vicit

22 1159 38 1202 ¹³
95 1171 336 1246 tuaDomine·
359 1165 409 1245 Et
418 1166 509 1240 Psal.
518 1167 595 1240 BE:
610 1165 731 1238 Unum
748 1158 816 1234 hoc
831 1157 1087 1255 petiiaDomi-
1133 1164 1279 1234 tandem
1293 1164 1434 1238 veritas.
1484 1163 1582 1236 Haec
1596 1170 1783 1256 cogitanda
1799 1182 1884 1241 sunt
1899 1167 2037 1264 quoties
2059 1195 2117 1241 re-

30 1262 37 1301 *
96 1300 170 1355 no,
196 1287 237 1346 ut
251 1269 409 1344 habitem
427 1271 466 1339 in
485 1271 590 1340 domo
608 1263 761 1338 Domini
777 1263 942 1334 omnibus
959 1262 1085 1332 diebus
1134 1265 1283 1336 citamus
1305 1264 1456 1336 dictum:
1491 1263 1608 1336 Credo
1634 1290 1707 1338 esse
1729 1267 1894 1342 Sanctam
1920 1266 2116 1341 Ecclesiam

22 1363 38 1454 3³
95 1376 195 1447 vitae
207 1399 314 1448 meae.
340 1371 505 1444 Necvero
519 1367 729 1442 tantumfiat
741 1364 920 1436 adiunctio
933 1363 979 1473 ad
993 1358 1087 1432 hanc
1133 1359 1372 1450 Catholicam,
1405 1365 1490 1438 laeti
1511 1363 1589 1437 Deo
1611 1371 1740 1458 gratias
1762 1391 1924 1460 agamus,
1958 1373 2053 1464 quod
2077 1372 2117 1442 in

22 1466 38 1506 l*
98 1499 224 1546 veram
232 1471 438 1559 Ecclesiam,
452 1474 510 1542 sed
524 1472 630 1541 etiam
644 1466 855 1540 studiumsit
869 1465 908 1534 in
918 1464 1087 1534 omnibus
1134 1465 1241 1537 tantis
1255 1465 1410 1537 dissidiis
1427 1481 1570 1560 propter
1584 1469 1698 1540 lilium
1719 1485 1836 1542 servat
1854 1473 2009 1565 aliquem
2024 1495 2117 1543 coe·

22 1569 37 1611 i*
96 1578 255 1648 tuendae
270 1573 542 1658 coniunctionis,
557 1571 661 1666 quale
673 1591 745 1638 esse
757 1565 912 1637 inbonis
924 1578 959 1634 et
971 1565 1088 1634 tideli-
1132 1581 1228 1653 tum,
1254 1567 1293 1636 in
1309 1591 1379 1660 quo
1394 1581 1478 1638 sunt
1492 1570 1592 1639 electi
1612 1571 1657 1639 ad
1680 1571 1880 1642 societatem
1904 1573 2062 1644 coelestis
2082 1587 2117 1644 et

22 1667 37 1712 ⁹³
97 1679 169 1748 bus
184 1677 320 1749 civibus
334 1674 502 1744 omnibus
518 1676 627 1743 decet.
655 1669 905 1742 Discernamus
920 1661 1038 1734 hostes
1052 1676 1087 1736 et
1134 1680 1297 1738 aeternae
1313 1664 1504 1744 Ecclesiae.
1554 1669 1694 1741 Deinde
1715 1673 1893 1764 sapienter
1914 1673 2116 1745 considere-

22 1771 36 1812 ι
97 1779 208 1848 cives.
258 1775 440 1846 Adversus
456 1769 574 1846 hostes
596 1774 706 1840 simus
727 1769 912 1858 vigilantes
933 1779 1086 1852 etacres,
1134 1790 1231 1851 mus,
1263 1793 1352 1862 quae
1372 1783 1406 1839 et
1426 1771 1489 1840 ubi
1514 1772 1559 1842 sit
1582 1794 1663 1842 vera
1686 1769 1867 1854 Ecclesia,
1910 1787 1945 1843 et
1972 1775 2013 1843 in
2033 1762 2116 1846 eum

22 1874 34 1958 a
98 1901 185 1968 erga
201 1878 294 1947 cives
310 1875 459 1967 placidi,
484 1873 644 1957 benefici,
665 1870 913 1941 obliviscentes
927 1865 1088 1952 iniurias,
1134 1882 1273 1939 coetum
1303 1892 1368 1939 nos
1392 1871 1629 1959 includamus,
1668 1887 1702 1944 et
1728 1872 2017 1947 coniunctionem
2040 1876 2117 1948 eius

97 2003 146 2048 ne
162 1977 411 2048 distractiones
427 1999 502 2045 non
517 1972 731 2044 necessariae
747 1970 842 2039 fiant.
894 1967 1084 2038 Nouenim
1134 1969 1226 2040 tueri
1242 1972 1454 2047 studeamus.
1495 1971 1685 2045 Laetemnr
1700 1975 1804 2044 etiam
1819 1998 1885 2045 nos
1900 1975 1944 2045 ad
1961 1975 2116 2046 aliorum

32 2091 36 2101 '
97 2077 288 2172 loquimur
309 2077 352 2145 de
365 2071 523 2143 Ecclesia
544 2069 651 2142 huius
668 2073 780 2154 vitae,
804 2083 845 2139 ut
867 2069 911 2137 de
927 2091 1086 2159 corpore,
1135 2083 1229 2140 recte
1244 2071 1487 2142 invocantium
1509 2097 1647 2165 preces,
1679 2077 1871 2165 adiungere
1893 2090 2033 2146 nostros
2055 2100 2117 2166 ge·

22 2175 36 2216 r:
75 2180 140 2247 ,in
157 2201 233 2271 quo
249 2171 341 2245 nibil
357 2175 402 2246 sit
417 2176 643 2257 morborum,
669 2172 728 2240 sed
745 2165 853 2240 babet
874 2168 981 2245 etiam
1004 2192 1086 2239 vera
1135 2172 1242 2242 mitus
1266 2184 1299 2242 et
1327 2186 1426 2252 vota,
1453 2198 1542 2268 quae
1565 2175 1658 2245 lilius
1681 2173 1768 2257 Dei,
1792 2177 1855 2269 qui
1878 2189 1929 2248 est
1953 2169 2117 2273 πρεσβύ-

32 2286 35 2295 '
99 2277 461 2362 Ecclesia„retinens
475 2277 756 2366 fundamentum,
781 2294 856 2341 non
872 2269 1013 2360 exiguas
1029 2270 1088 2337 in·
1134 2297 1221 2365 της,
1247 2273 1443 2364 pronubis,
1468 2278 1511 2345 ad
1529 2290 1663 2369 patrem
1680 2289 1860 2348 aeternum
1878 2280 2019 2370 perfert.
2068 2275 2118 2350 Et

100 2379 308 2463 firmitates,
332 2391 390 2462 ut,
417 2379 567 2447 multum
585 2373 745 2464 caliginis
763 2371 889 2442 eratin
904 2369 1087 2462 discipulis
1136 2374 1277 2466 quidem
1300 2375 1338 2443 in
1361 2377 1561 2466 precatione
1582 2378 1784 2448 intueamur
1812 2379 1889 2470 pios
1918 2380 2023 2465 alios,
2054 2381 2116 2474 qui

30 2497 34 2506 ’
102 2479 286 2571 Baptistae
305 2492 339 2549 et
352 2472 507 2562 Christi,
533 2477 571 2545 in
589 2476 650 2544 illa
665 2497 812 2559 aurora,
838 2486 920 2542 ante
936 2471 1088 2541 manile·
1135 2473 1242 2544 simul
1258 2489 1463 2565 precantur,
1488 2478 1579 2548 sicut
1596 2475 1772 2549 Dominus
1786 2477 1919 2573 inquit:
1948 2477 2017 2550 Ubi
2033 2492 2117 2552 sunt

30 2658 33 2666 ,
105 2597 198 2652 stam
220 2580 423 2650 missionem
439 2577 592 2670 Spiritus
618 2576 749 2659 sancti,
783 2587 817 2644 et
839 2586 958 2645 tamen
980 2573 1018 2640 in
1045 2595 1088 2642 eo
1136 2578 1208 2645 duo
1225 2589 1287 2648 aut
1301 2588 1371 2646 tres
1387 2578 1586 2667 congregati
1605 2579 1643 2647 in
1659 2581 1805 2649 nomine
1821 2604 1918 2665 meo,
1943 2580 1981 2648 in
1998 2582 2116 2651 medio

22 2761 24 2786 s
104 2693 211 2754 coetu
227 2695 327 2751 erant
345 2679 445 2750 electi
461 2681 506 2747 ad
522 2692 698 2750 aeternam
715 2676 874 2746 salutem.
908 2671 1089 2765 Vocetque
1137 2699 1260 2747 eorum
1284 2701 1374 2750 sum.
1426 2676 1476 2749 Et
1496 2678 1641 2772 quidem
1661 2681 1739 2751 vult
1769 2704 1836 2750 nos
1857 2678 1955 2752 Deus
1984 2682 2117 2752 mutuis

23 2799 41 2833 ‘-
105 2805 174 2854 nos
191 2783 237 2850 ad
260 2782 460 2852 societatem
477 2775 653 2847 Ecclesiae
678 2771 764 2842 haec
781 2773 986 2842 dulcissima
1000 2796 1089 2843 con·
1138 2778 1441 2851 consolationibus
1470 2780 1578 2869 erigi,
1610 2781 1700 2852 sicut
1727 2782 1770 2852 ad
1793 2779 1940 2854 Petrum
1967 2781 2116 2853 dicitur:

22 2893 30 2906 '
103 2883 258 2968 solatio,
284 2882 379 2975 qnod
395 2894 531 2950 certum
548 2894 612 2961 est,
637 2875 678 2947 in
695 2873 1088 2943 eocoetuelectosesse
1136 2873 1185 2986 Et
1210 2891 1250 2946 tu
1280 2901 1469 2948 conversus
1497 2880 1665 2950 confirma
1698 2883 1823 2952 tratres
1851 2896 1943 2954 tuos.
2005 2881 2116 2953 Multi
2179 2921 2182 2927 ,

22 2999 27 3016 '
105 2988 149 3056 ad
166 2995 344 3053 aeternam
360 2981 520 3054 salutem.
570 2977 643 3048 Nec
660 2976 697 3044 in
719 2995 869 3045 numero
896 2974 1088 3045 electorum
1137 2977 1250 3047 sancti
1274 2980 1343 3048 viri
1358 2975 1491 3049 babent
1503 2980 1674 3063 familias,
1700 2983 1865 3071 coniuges
1882 2983 1957 3075 pias
1980 2995 2014 3054 et
2034 2986 2118 3055 dul·

104 3109 183 3156 esse
205 3083 305 3168 illos,
331 3081 394 3176 qui
417 3077 501 3152 huic
526 3078 642 3150 coetui
668 3097 853 3169 nunqnam
873 3075 1090 3159 inseruntur,
1138 3078 1313 3148 cissimam
1327 3081 1498 3155 sobolem.
1548 3079 1653 3154 Hane
1668 3084 1745 3154 vult
1760 3081 1855 3154 Deus
1876 3083 2119 3174 aparentibus

22 3203 29 3218 ·
105 3189 207 3257 iuxta
229 3184 364 3254 dictum
381 3180 500 3253 Pauli:
528 3178 630 3270 Quos
653 3178 775 3268 elegit,
801 3170 867 3246 bos
894 3189 928 3247 et
941 3175 1090 3247 vocavit.
1138 3179 1259 3248 doceri
1273 3194 1308 3251 et
1321 3182 1430 3252 inseri
1445 3179 1641 3269 Ecclesiae,
1661 3187 1738 3255 vult
1753 3207 1813 3255 eos
1827 3207 1901 3256 esse
1916 3183 1954 3253 in
1975 3207 2017 3255 eo
2038 3208 2119 3255 coe·

22 3307 30 3319 '
106 3285 303 3377 Quomodo
324 3294 443 3353 autem
467 3283 506 3350 in
528 3295 625 3350 tanta
643 3277 849 3348 confusione
869 3276 1005 3367 generis
1020 3270 1089 3344 hu·
1138 3294 1195 3366 tu,
1221 3280 1259 3348 in
1283 3306 1354 3374 quo
1376 3299 1460 3355 sunt
1484 3285 1596 3378 aliqui
1627 3286 1736 3358 electi.
1788 3271 1885 3356 Ha'cc
1914 3285 2120 3357 dulcissima

105 3385 208 3457 mani
229 3385 286 3436 ²²*
298 3394 378 3452 ¹tam
394 3383 501 3454 variis
516 3381 727 3474 opinionum
751 3378 908 3447 dissidiis
927 3377 1004 3445 lieri
1025 3377 1092 3444 ad·
1138 3381 1333 3452 consolatio
1348 3384 1419 3473 piis
1430 3387 1636 3474 parentibus
1651 3385 1833 3472 excutitur,
1848 3387 1878 3456 si
1892 3386 2118 3476 cogitandum

23 3508 26 3517 “
106 3486 257 3560 iunctio·
282 3469 323 3553 df
330 3507 448 3554 veram
472 3480 665 3555 Ecclesiam
687 3490 820 3570 potest,
853 3478 895 3556 si,
909 3476 1089 3547 distinctio
1141 3495 1204 3566 est,
1229 3482 1366 3551 nullam
1383 3505 1457 3553 esse
1471 3486 1648 3556 visibilem
1663 3483 1868 3572 Ecclesiam,
1892 3511 1959 3558 nec
1975 3487 2058 3558 sciri
2072 3509 2120 3558 an

22 3611 27 3623 ’
102 3587 298 3660 bominum
319 3583 478 3656 sensibus
500 3608 574 3654 non
595 3579 789 3672 accipitur?
837 3577 978 3650 Deinde
1000 3600 1092 3672 quo·
1138 3581 1294 3652 familiae
1306 3605 1388 3655 suae
1404 3587 1477 3654 sint
1492 3583 1669 3656 Ecclesiae
1684 3585 1787 3662 cives.

22 3697 25 3736 ³
107 3691 219 3761 modo
236 3689 320 3758 fient
342 3686 472 3756 iudicia
496 3685 593 3755 iuxta
614 3683 822 3752 mandatum
837 3673 989 3750 Christi:
1015 3681 1091 3751 Dio
1241 3679 1322 3754 Etsi
1341 3685 1537 3777 praestigiis
1558 3685 1839 3777 disputationum
1858 3688 1977 3777 magni
2004 3687 2042 3756 in
2062 3682 2120 3756 bis

22 3821 24 3834 ³
107 3789 308 3875 Ecclesiae,
334 3787 363 3857 si
384 3787 517 3858 indices
538 3783 693 3876 conspici
711 3803 784 3851 non
801 3779 996 3873 poterunt?
1020 3780 1091 3852 Sed
1141 3785 1407 3879 quaestionibus
1436 3787 1610 3859 tumultus
1642 3786 1786 3858 excitari
1809 3801 1975 3880 possunt:
2002 3801 2121 3859 tamen

108 3891 179 3964 boc
210 3891 327 3983 ipsum
362 3888 551 3958 consilium
580 3883 848 3957 Alcibiadaeum
881 3895 942 3955 est.
999 3879 1090 3953 Cum
1140 3909 1208 3956 nos
1231 3887 1436 3958 manifestae
1458 3888 1536 3958 voci
1555 3886 1698 3958 divinae
1728 3888 2026 3980 obtemperemus,
2057 3887 2121 3958 tir·
2238 3931 2241 3936 -

108 3994 207 4063 enim
224 3990 367 4062 vidisset
377 3985 580 4061 Alcibiades
592 3985 764 4058 Periclem
779 3983 922 4078 silentio
945 3994 979 4053 et
994 3997 1092 4075 gestu
1142 3987 1300 4058 missime
1313 4000 1516 4070 statuentes,
1533 3985 1601 4059 boc
1619 4013 1743 4080 agmen
1759 4013 1879 4059 veram
1896 4003 1930 4060 et
1944 3989 2121 4059 visibilem

105 4092 364 4184 significantem
378 4113 489 4161 novas
504 4113 604 4160 curos
628 4103 663 4161 et
685 4085 963 4172 sollicitudines,
981 4088 1092 4159 inter-
1140 4084 1335 4161 Ecclesiam
1351 4091 1477 4160 esseio
1494 4086 1559 4160 bac
1582 4091 1672 4175 vita,
1699 4093 1794 4184 quod
1818 4104 1920 4164 sonat
1933 4087 2123 4179 Evangelii

109 4206 216 4285 rogat
236 4215 398 4277 causam,
432 4192 493 4260 ille
516 4192 720 4282 respondet:
759 4210 796 4257 se
819 4189 973 4278 cogitare
1002 4211 1093 4282 quo-
1143 4213 1266 4260 vocem
1288 4192 1552 4284 incorruptam,
1578 4191 1671 4260 etin
1695 4187 1764 4261 boc
1787 4192 1926 4282 agmine
1950 4187 2121 4262 esse'vere

110 4297 219 4368 modo
244 4294 400 4365 rationes
422 4293 578 4364 referret.
636 4288 713 4360 lmo
737 4311 822 4372 vero
842 4289 963 4383 inquit
980 4290 1092 4358 audax
1142 4292 1273 4361 electos
1287 4293 1333 4362 ad
1348 4304 1527 4362 aeternam
1541 4290 1701 4361 coelestis
1714 4287 1892 4364 Ecclesiae
1908 4293 2123 4376 societatem,

22 4419 24 4464 ι
111 4399 334 4468 adolescens:
362 4395 492 4486 cogites
509 4393 689 4485 quomodo
703 4413 779 4460 non
795 4389 937 4461 celeras.
976 4387 1017 4459 ld
1034 4389 1093 4462 isti
1142 4406 1177 4464 et
1192 4390 1421 4479 velleDeum,
1445 4405 1486 4462 ut
1501 4385 1609 4462 buius
1623 4388 1802 4472 Ecclesiae
1817 4395 1909 4464 cives
1923 4393 2033 4464 simus
2047 4391 2121 4463 Nos

22 4541 24 4578 ς
108 4499 263 4570 faciunt:
291 4495 540 4568 Vociferantur
554 4494 691 4562 nullam
714 4490 870 4582 conspici
884 4487 1091 4579 Ecclesiam,
1143 4507 1177 4565 et
1199 4491 1340 4578 Nostri,
1366 4506 1400 4563 et
1421 4517 1500 4563 cum
1523 4517 1562 4562 ea
1583 4493 1843 4564 invocationem
1861 4507 2016 4565 nostram
2034 4517 2122 4564 con-

22 4613 23 4618 ’
110 4615 151 4672 ιιι
167 4599 300 4670 iudicia
321 4599 478 4682 deleant,
506 4610 539 4667 et
553 4595 622 4667 sibi
636 4593 861 4688 tyrannidem
883 4592 923 4660 in
936 4587 1093 4664 Ecclesia
1142 4597 1341 4684 iungamus.
1392 4592 1488 4664 Haec
1512 4607 1607 4666 certa
1633 4609 1668 4666 et
1688 4595 1788 4665 firma
1812 4609 1913 4680 sunt,
1938 4607 1976 4665 et
1991 4595 2059 4687 piis
2076 4597 2122 4666 ad

111 4693 276 4784 sumant,¹
299 4701 444 4790 gignant
458 4699 620 4787 dogmata
639 4709 858 4780 monstrosa,
883 4718 973 4788 quae
988 4717 1092 4766 nemo
1144 4696 1423 4768 consolationem
1446 4699 1537 4768 etad
1568 4720 1687 4767 veram
1717 4696 1977 4766 invocationem
2010 4695 2122 4768 utilia.

110 4825 220 4872 sanus
235 4801 360 4892 probat
375 4814 408 4871 et
422 4803 541 4870 frenos
557 4797 810 4890 cupiditatibus
825 4796 958 4866 laxant.
999 4793 1094 4866 Huic
1142 4797 1344 4888 Praestigiis
1366 4819 1450 4868 vero
1472 4799 1728 4868 contrariarum
1758 4797 2036 4888 disputationum
2057 4821 2123 4888 op·

114 4903 277 4973 licentiae
292 4915 514 4996 quaeruntur
529 4903 683 4972 latebrae
698 4898 797 4969 velut
808 4891 897 4968 Orci
909 4897 1019 4988 galea,
1032 4922 1094 4969 seu
1144 4922 1319 4990 ponamus
1333 4895 1419 4970 baec
1435 4898 1640 4989 gravissima
1657 4900 1765 4970 dicta:
1792 4895 1892 4987 Quae
1907 4897 2004 4971 Deus
2019 4922 2122 4991 prae·

114 5005 234 5098 potius
256 5016 297 5076 ut
318 5001 482 5076 Cerastae
501 5027 539 5072 se
561 5005 715 5085 abdunt,
740 4999 804 5092 qui
826 5020 863 5067 se
886 4999 962 5068 luto
977 5000 1095 5071 invol-
1144 4999 1246 5092 cepit,
1271 5013 1390 5071 sancte
1403 5001 1527 5091 cogita.
1564 4999 1671 5073 Item:
1696 4999 1856 5070 Lucerna
1871 5000 2021 5090 pedibus
2035 5000 2124 5070 meis

114 5122 203 5178 runt
220 5120 255 5178 et
271 5130 405 5178 cornua
421 5117 585 5188 exerunt,
610 5117 651 5174 ut
674 5103 835 5172 incautos
848 5099 999 5174 viatores
1013 5126 1095 5174 sau·
1144 5102 1294 5171 verbum
1310 5115 1422 5176 tuum.
1472 5100 1575 5173 Certe
1599 5100 1696 5172 enim
1719 5101 1999 5192 disputationum
2017 5125 2125 5190 opor·

114 5211 224 5281 cient:
259 5207 308 5278 sie
329 5207 387 5279 isti
412 5230 447 5275 se.
468 5204 683 5276 factionibus
705 5201 893 5286 muniunt,
916 5217 952 5276 et
964 5231 1006 5277 ex
1021 5205 1096 5277 suis
1145 5214 1194 5275 tet
1210 5223 1283 5272 esse
1298 5216 1409 5274 metas
1427 5203 1573 5295 aliquas.
1623 5199 1672 5273 Et
1689 5225 1808 5271 vocem
1824 5225 1923 5271 suam
1939 5199 2035 5272 Deus
2050 5215 2124 5271 tra-

114 5311 273 5404 qatebris,
294 5333 383 5402 quos
398 5308 535 5385 volunt,
557 5305 729 5394 iugulant.
764 5302 816 5376 Ut
831 5301 939 5391 igitur
954 5307 992 5377 in
1011 5328 1095 5376 vera
1145 5303 1259 5392 didit,
1285 5317 1325 5374 ut
1339 5318 1450 5376 metas
1465 5304 1568 5373 nobis
1585 5302 1839 5387 circumdaret,
1864 5325 1909 5371 ne
1922 5296 2120 5396 Pyrrhonio

128 5409 285 5484 Ecclesia
309 5409 700 5506 iudicialretineantur,
738 5404 895 5500 conspici
919 5432 995 5479 carn
1025 5423 1096 5482 sta·
1144 5427 1244 5475 more
1259 5406 1487 5497 vagabundae
1500 5415 1635 5474 mentes
1649 5405 1718 5474 line
1742 5415 1870 5473 errent.

162 5516 467 5586 mesammones.
492 5513 575 5579 vor.
590 5507 668 5576 xlt.
1284 5542 1295 5550 ·
1563 5501 1613 5578 24
