4696 5820
131 1715 135 1724 ¹
244 1787 249 1792 ¹
344 1719 642 1794 sl.Epp.Mel.d.18·
657 1722 728 1790 Aug.
744 1721 870 1774 1⁵ss.-
905 1721 985 1792 Apud
1000 1719 1118 1778 Riehsrd

231 211 311 288 29⁶
805 200 972 278 aaut.
992 199 1088 276 :nu
1120 199 1264 274 vrrs
1295 203 1693 286 accusatori.
2210 215 2305 290 esa

334 381 414 456 Oro
429 395 545 454 antem
560 375 675 448 stium
689 371 759 445 Dei
774 371 972 448 Dominum
990 371 1229 450 rassermis-
1280 376 1330 448 ris
1356 375 1553 466 Ecclesiae,
1592 399 1685 476 quae
1714 380 1780 454 etsi
1809 393 1898 456 sust
1916 383 2058 474 erigus,
2090 395 2224 455 umen
2253 389 2305 456 de

234 514 312 562 sum
321 483 522 567 Christum,
544 493 585 550 ut
600 499 666 547 nos
682 501 825 571 quoque
842 477 881 546 in
897 475 954 547 his
968 477 1078 547 tantis
1091 475 1230 546 discor·
1279 481 1401 551 multis
1431 483 1568 573 magnis
1589 486 1696 553 rebus
1726 484 1940 556 confirmant
1962 485 2052 578 pios.
2110 484 2161 559 Ut
2187 492 2301 579 apnd

235 593 304 663 diis
333 585 486 682 publicis
506 582 683 674 gubernet
703 594 738 650 et
767 591 948 670 protegat,
978 592 1012 649 et
1035 577 1142 648 faciat
1163 601 1230 647 nos
1281 577 1445 654 lreneum
1463 599 1498 657 et
1514 584 1799 670 Tertullianum,
1823 586 1886 678 qui
1900 600 2166 661 antecesserunt
2185 588 2299 684 Syn-

236 685 348 785 σκεύη
363 685 483 768 ἐλέους
500 700 535 756 et
551 705 684 772 organa
697 681 865 750 salutaria
885 681 1017 751 nostris
1031 679 1231 764 animabus,
1280 685 1389 754 odurn
1423 683 1595 756 Nicenam
1631 678 1704 758 lere
1734 689 1905 760 ducentos
1934 709 2068 775 annos,
2106 692 2299 782 leguntur

236 793 414 866 Ecclesiae
429 789 634 870 universae,
660 783 808 854 familiia
821 784 952 854 nostris
973 797 1008 854 et
1023 780 1231 873 posteritati,
1279 786 1432 858 illustria
1449 787 1652 860 testimonia
1672 783 1755 885 napi
1775 779 1908 886 λόγον,
1939 793 2035 883 apud
2052 787 2295 864 Clementem

238 898 365 969 Amen,
414 889 512 966 Dixi,
1280 887 1445 960 refutatio
1461 903 1512 960 est
1526 889 1684 976 illorum,
1706 891 1770 984 qui
1782 889 1986 982 coniugium
2001 887 2298 986 prohibuerunt,

808 989 809 992 ’
1281 1002 1412 1060 etsunt
1427 989 1580 1062 insertae
1595 991 1819 1068 dulcissimae
1833 994 2064 1074 narrationes.
2110 996 2171 1066 De
2188 996 2296 1066 reci-

240 1126 1230 1148 .,....-..--·--------------
1280 1089 1421 1182 piendis
1444 1091 1551 1184 lapsis
1574 1093 1806 1164 redeuntibus
1829 1095 1873 1162 ad
1891 1095 2165 1186 poenitentiam,
2193 1120 2294 1166 con·

1281 1191 1465 1263 firmamur
1486 1191 1688 1264 testimonio
1711 1190 1809 1267 Petri
1830 1190 2086 1284 Alexandrini,
2113 1198 2181 1292 qui
2199 1197 2293 1270 Me-

250 1295 318 1368 No.
337 1289 423 1369 168..
1057 1321 1105 1360 sn.
1126 1295 1219 1359 tsss.
1281 1293 1366 1364 letio
1399 1295 1603 1365 adversatus
1637 1309 1699 1370 est.
1760 1295 1814 1367 Ac
1845 1299 1997 1388 optarim
2021 1300 2157 1369 maiore
2183 1325 2293 1386 cura,

246 1382 418 1422 Μ
1052 1383 1225 1414 ‘⁴⁹⁸'
1282 1395 1503 1466 eruditorum
1526 1410 1560 1466 ct
1580 1397 1721 1486 piorum
1745 1393 1934 1484 historias,
1964 1401 2173 1493 praesertim
2211 1425 2291 1482 eas,

459 1491 536 1582 De
567 1497 664 1580 viia
690 1491 1007 1606 Bugetiltagt'i.
1282 1495 1467 1594 inquibus
1488 1496 1680 1568 certamina
1700 1499 1883 1568 doctrinas
1903 1517 2044 1572 narrata
2057 1514 2163 1587 sunt,
2190 1527 2291 1572 con-

306 1654 407 1710 Μ.
423 1621 504 1710 Μ.
529 1649 563 1706 T.
581 1649 628 1707 „L
670 1650 779 1706 ,stes
820 1687 828 1704 ι
871 1650 982 1708 sm,
1009 1651 1043 1707 T.
1063 1649 1112 1708 m·
1152 1648 1232 1708 ,772
1282 1610 1435 1669 servatas
1454 1622 1542 1670 esse:
1577 1592 1642 1668 has
1666 1599 1735 1690 legi
1756 1599 1853 1670 m'uto
1876 1602 2002 1673 utilius
2022 1618 2128 1689 essct,
2165 1621 2310 1698 quam

331 1674 345 1710 ε
653 1669 671 1723 ⁹
782 1668 843 1721 lq*
983 1695 991 1714 '
1134 1669 1232 1774 llitt.
1282 1701 1477 1773 recentium
1499 1699 1712 1774 Pontificum
1737 1701 1905 1782 consilia,
1939 1703 2002 1796 qui
2026 1718 2067 1776 ut
2090 1727 2194 1776 suam
2223 1719 2287 1802 ty.

342 1789 446 1863 em·
1281 1802 1467 1873 rannidem
1501 1800 1720 1888 stabilirent,
1751 1805 1844 1873 bella
1874 1819 2081 1892 moverunt,
2114 1829 2211 1901 quae
2241 1809 2286 1875 in

1282 1901 1383 1974 ltalia
1412 1917 1446 1973 et
1471 1899 1664 1973 Germania
1689 1928 1834 1994 magnas
1862 1905 2076 1977 vastationes
2102 1909 2285 1982 iecerunt.

1282 2004 1393 2094 Nobis
1410 2028 1493 2075 vero
1509 2005 1546 2072 in
1565 2003 1765 2075 Academiis
1778 2005 1964 2097 praecipue
1977 2031 2082 2078 curae
2098 2010 2142 2080 sit
2154 2023 2283 2102 poste·

1282 2107 1332 2177 ris
1346 2109 1484 2180 tradere
1501 2105 1683 2226 doctrinae
1702 2106 1903 2228 testimonia
1921 2107 1959 2176 in
1976 2101 2136 2229 historiis
2151 2113 2282 2180 crudi-

246 2273 558 2358 Μ
792 2268 945 2367 uos
980 2267 1232 2364 Μ
1282 2307 1656 2398 a

663 2367 810 2442 'milla'
1282 2413 1520 2482 narrationem
1544 2410 1723 2481 bonafide
1750 2411 1895 2503 collegi,
1921 2437 2028 2506 quam
2046 2416 2116 2507 piis
2134 2430 2275 2506 gratam

243 2507 392 2598 Gratias
406 2539 470 2608 ago
489 2513 566 2588 Deo
582 2532 724 2590 aeterno
748 2518 841 2610 patri
857 2515 1008 2588 Domini
1024 2519 1137 2590 nostri
1154 2518 1231 2590 lesu
1282 2528 1316 2586 et
1329 2514 1479 2606 posteris
1499 2512 1623 2584 utilem
1639 2513 1715 2582 iore
1731 2513 1863 2590 iudico.

242 2619 397 2706 Christi,
434 2619 583 2691 creatori
597 2621 689 2688 coeli
710 2632 745 2690 et
757 2632 889 2703 terrae,
915 2632 949 2688 et
963 2619 1183 2710 Angelorum
1199 2637 1232 2694 et
1380 2612 1461 2687 Etsi
1481 2626 1598 2684 autem
1621 2611 1776 2683 Basilius
1799 2615 1937 2710 inquit,
1967 2617 2012 2688 de
2041 2618 2172 2692 sanetis
2194 2641 2273 2686 non

241 2723 448 2811 bominum,
479 2741 650 2792 unacum
674 2721 834 2791 filiosuo
858 2734 1063 2808 coaeterno,
1092 2736 1126 2794 et
1148 2723 1229 2818 Spi-
1281 2739 1371 2810 opus
1390 2741 1463 2788 esse
1488 2715 1823 2787 commemoratione
1847 2717 2012 2809 patriae,
2032 2717 2116 2816 quia
2138 2744 2207 2789 una
2224 2719 2274 2788 sit

240 2831 315 2900 ritu
328 2835 470 2908 sancto,
495 2822 591 2921 quod
605 2822 795 2894 clementer
810 2846 875 2893 nos
890 2837 1006 2895 servat
1020 2838 1054 2895 et
1068 2825 1231 2917 protegit,
1281 2820 1479 2890 communis
1493 2819 1627 2910 patria,
1649 2817 1810 2887 omnium
1834 2820 2076 2908 nobilissima,
2101 2817 2273 2905 Ecclesia,

242 2943 278 3002 et
297 2925 442 3020 praebet
463 2922 705 2996 doctrinarum
737 2925 880 3010 lumen,
920 2939 954 2995 et
988 2938 1063 2997 toto
1092 2941 1232 3019 pectore
1281 2935 1398 2991 tamen
1412 2920 1496 2991 sciri
1510 2921 1654 3011 prodest
1666 2917 1842 2990 maiorum
1863 2921 2107 3014 disciplinam,
2132 2947 2173 2992 ex
2188 2923 2273 3015 qui-

242 3055 323 3104 enm
346 3051 433 3111 oro,
457 3038 498 3096 ut
520 3047 657 3118 semper
678 3027 772 3095 inter
792 3047 858 3094 nos
882 3026 951 3095 sibi
968 3038 1145 3100 aeternam
1161 3023 1233 3098 Ec·
1281 3023 1347 3092 bus
1361 3022 1511 3116 quisque
1533 3032 1637 3090 natus
1664 3031 1727 3094 est.
1776 3018 1939 3093 Primum
1959 3024 2069 3115 igitur
2089 3025 2133 3099 de
2147 3021 2269 3097 Patria

243 3131 384 3203 clesiam
405 3118 567 3215 ¹colligat,
599 3139 635 3195 et
658 3139 818 3217 protegat
840 3139 874 3196 et
896 3127 1067 3218 gubernet
1084 3153 1168 3214 nos,
1191 3144 1231 3202 ut
1280 3123 1394 3195 nostri
1409 3120 1565 3196 Pastoris
1580 3121 1769 3190 dicendum
1788 3135 1849 3193 est.

243 3229 411 3302 salutaria
440 3230 628 3296 doceamus
666 3242 699 3299 et
725 3227 917 3325 discamus,
953 3251 1018 3298 nec
1047 3231 1230 3320 fingamus,
1382 3221 1426 3294 ln
1448 3225 1568 3295 littore
1587 3219 1801 3293 Germanico
1824 3227 1867 3294 ad
1885 3219 2070 3296 Oceanum
2083 3221 2268 3309 Arctoum,

242 3346 304 3404 aut
325 3327 544 3402 stabiliamus
565 3328 657 3397 ullas
683 3329 898 3421 perniciosas
922 3329 1120 3418 opiniones.
1171 3329 1228 3404 Ad
1278 3329 1364 3398 inde
1391 3349 1504 3420 usqne
1532 3349 1551 3394 a
1575 3324 1725 3395 flumine
1749 3323 1905 3411 Vistula,
1937 3330 2033 3420 quod
2056 3343 2179 3399 notum
2201 3343 2267 3410 est,

241 3430 334 3505 hanc
356 3451 472 3501 meam
495 3429 710 3516 orationem,
741 3443 776 3501 ct
797 3445 912 3504 vestra
933 3445 1013 3504 vota
1033 3433 1231 3526 adiungite‚
1278 3453 1401 3500 versus
1423 3451 1584 3498 occasum
1612 3427 1656 3496 ad
1684 3427 1809 3496 urbem
1839 3426 2017 3500 Sundium
2039 3429 2145 3521 longa
2168 3431 2265 3520 regio

243 3551 277 3610 et
291 3535 420 3630 petite,
444 3531 594 3602 attilius
608 3527 676 3604 Dei
692 3553 850 3602 summus
872 3535 1032 3604 sacerdos
1049 3548 1170 3606 noster
1184 3536 1230 3608 sit
1275 3529 1349 3618 est,
1383 3553 1475 3625 quae
1504 3553 1600 3599 nnnc
1621 3526 1851 3598 Pomeraniae
1879 3553 2011 3600 nomen
2037 3524 2159 3617 habet,
2189 3533 2263 3602 fere

241 3629 486 3732 npeosssvrdr,
525 3633 703 3724 perferens
729 3647 886 3704 nostram
920 3636 1157 3727 precationem
1184 3641 1227 3708 ad
1277 3634 1432 3704 mediam
1449 3632 1568 3701 influit
1582 3629 1756 3714 viadrus,
1781 3653 1873 3724 quae
1891 3632 2014 3703 multis
2028 3635 2135 3704 rebus
2151 3637 2192 3703 ad
2207 3636 2264 3703 vi-

241 3752 424 3809 aeteroum
444 3748 592 3826 patrem.
721 3817 734 3828 α
1278 3751 1349 3808 tam
1366 3733 1570 3806 necessariis
1583 3730 1632 3801 ita
1646 3731 1822 3816 abundat,
1846 3747 1887 3804 nt
1899 3733 1980 3802 aliis
1995 3734 2158 3824 gentibus
2170 3737 2261 3805 mul-

342 3836 453 3909 Recte
476 3848 593 3904 autem
616 3835 817 3907 institutum
840 3850 909 3921 est,
940 3839 1040 3908 utin
1063 3831 1120 3908 his
1144 3864 1229 3912 con·
1277 3840 1322 3914 tis
1346 3839 1542 3922 frumenta,
1577 3835 1730 3925 pecudes
1754 3846 1791 3904 et
1814 3833 1926 3924 pisces
1949 3837 2089 3911 vendat.
2146 3835 2261 3926 Quare

240 3939 418 4031 gressibus
435 3936 548 4006 oratio
568 3930 758 4023 habeatnr,
782 3936 839 4006 vel
852 3939 898 4006 de
912 3939 1031 4032 aliqua
1049 3955 1147 4030 parte
1163 3947 1228 4014 do·
1277 3955 1313 4012 et
1327 3939 1464 4028 magnis
1480 3951 1516 4009 et
1529 3935 1708 4028 opulentis
1722 3934 1873 4005 nrbibns
1886 3949 2011 4007 ornata
2034 3949 2105 4022 est,
2130 3938 2167 4008 in
2181 3941 2258 4032 qni-

241 4044 456 4124 ruinarum,
498 4039 555 4107 vel
585 4038 630 4106 de
668 4039 835 4129 exemplis
865 4041 1066 4130 cognitione
1099 4044 1228 4134 dignis.
1276 4043 1344 4114 hus
1359 4040 1429 4110 nisi
1445 4040 1538 4130 leges
1552 4033 1721 4111 bonestae
1729 4059 1849 4106 serere
1861 4037 2148 4125 defenderentur,
2170 4041 2255 4111 mul·

239 4143 330 4216 Cum
346 4141 455 4236 igitur
471 4142 516 4209 de
539 4152 746 4230 argumento
770 4141 1026 4229 deliberarem,
1050 4146 1137 4216 etin
1158 4143 1227 4218 hoc
1275 4145 1392 4218 titudo
1406 4140 1599 4234 tranquilla
1622 4159 1696 4207 esse
1711 4161 1787 4207 non
1811 4151 1947 4230 posset,
1970 4163 2036 4210 nec
2054 4143 2255 4212 commercia

240 4244 374 4315 recenti
387 4243 484 4313 luctu
499 4235 615 4311 adhuc
630 4241 746 4330 imago
754 4239 959 4314 Reverendi
973 4245 1042 4315 viri
1058 4241 1228 4320 lobannis
1276 4269 1357 4317 cum
1377 4242 1573 4337 peregrinis
1591 4262 1665 4310 esse
1687 4252 1841 4332 possent.
1891 4237 2075 4334 Principes
2095 4242 2201 4332 igitur
2222 4258 2256 4316 et

238 4340 460 4436 Engcnhagii
490 4340 644 4413 Pastoris
675 4338 853 4413 Ecclesiae
880 4360 1021 4416 nostrae
1051 4351 1163 4420 oculis
1194 4367 1227 4424 et
1276 4347 1506 4439 Magistratus
1518 4341 1694 4414 iusticiam
1709 4355 1913 4413 constanter
1926 4355 2083 4420 tuentur.
2122 4340 2253 4416 Etcum

239 4448 421 4518 mentibus
436 4445 568 4514 nostris
583 4446 805 4532 obversetur,
828 4470 902 4516 non
924 4448 1023 4519 aliud
1039 4473 1227 4540 argumen-
1275 4449 1349 4523 sint
1368 4443 1548 4520 Ecclesiae
1569 4443 1620 4515 ibi
1638 4439 1707 4513 Dei
1731 4441 1903 4514 beneficio
1925 4454 2019 4514 recte
2043 4444 2253 4533 constitutae,

239 4536 315 4619 turn
329 4547 596 4619 anteferendum
614 4545 726 4637 ipsius
740 4541 910 4618 historiae
923 4550 1063 4636 censui,
1087 4575 1178 4645 qnae
1194 4567 1228 4624 et
1275 4563 1441 4623 amantur
1459 4548 1564 4619 etiam
1586 4559 1742 4617 caeterae
1766 4544 1931 4630 virtutes,
1964 4569 2047 4616 rma
2066 4543 2136 4616 Dei
2158 4547 2253 4618 invo-

240 4651 284 4719 de
311 4649 472 4720 doctrina
502 4647 661 4716 iuniores
688 4646 799 4718 multa
831 4665 971 4737 monet,
1010 4665 1047 4723 et
1069 4656 1226 4746 exempla
1275 4653 1385 4737 catio,
1419 4648 1667 4739 coniugiorum
1689 4646 1777 4717 fides
1798 4657 1833 4717 et
1853 4647 2036 4720 modestia.
2095 4646 2184 4720 Sunt
2201 4649 2249 4720 ibi

240 4749 398 4821 continet
420 4750 513 4818 vitae
535 4749 650 4822 utilia.
708 4745 871 4844 Cumque
900 4752 940 4821 in
963 4747 1057 4825 hanc
1077 4768 1225 4826 aetatem
1275 4769 1311 4826 et
1322 4752 1564 4826 doctrinarum
1586 4743 1715 4822 studia.
1761 4743 1830 4818 En
1852 4769 1938 4818 vero
1954 4759 1989 4820 et
2008 4749 2048 4818 in
2065 4773 2106 4820 ea
2120 4751 2250 4841 regiam

239 4850 407 4919 inciderit
421 4848 568 4918 mutatio
585 4845 824 4920 Ecclesiarmn
838 4851 1007 4943 insignis,
1032 4856 1225 4948 plurimum
1274 4877 1402 4948 magna
1421 4851 1620 4946 frequentia
1644 4847 1860 4934 nobilitatis,
1891 4849 1931 4920 in
1953 4873 2023 4944 qua
2041 4849 2145 4921 multi
2164 4875 2249 4925 nnnc

237 4952 347 5021 refert
361 4947 584 5041 posteritatis,
610 4951 698 5020 scire
712 4951 833 5046 quales
847 4953 990 5036 inerint,
1013 4957 1076 5052 qui
1092 4959 1226 5030 doctri-
1274 4979 1417 5054 quoque
1440 4977 1508 5025 usu
1528 4951 1678 5024 militiae
1697 4951 1784 5020 clari
1806 4962 1909 5038 sunt,
1940 4951 2045 5022 multi
2075 4951 2199 5026 virtute
2218 4968 2248 5027 et

238 5073 322 5121 nam
354 5052 590 5122 emendarunt
628 5065 664 5124 et
699 5053 803 5125 initio
847 5073 1151 5149 propagaverunt,
1191 5076 1226 5133 et
1274 5045 1553 5154 opibus'ornari,
1578 5053 1678 5124 dorni
1693 5051 1841 5123 consilia
1860 5053 2002 5143 publica
2021 5068 2160 5144 regunt.

236 5175 389 5246 quorum
404 5149 611 5241 Principum
628 5166 662 5224 et
676 5155 955 5244 gubernatorum
968 5161 1096 5230 studiis
1113 5161 1225 5234 adiuti
1373 5155 1447 5232 Nec
1460 5157 1501 5226 in
1516 5157 1589 5228 nlla
1613 5167 1711 5247 parte
1728 5151 1944 5227 Germaniae
1959 5155 2080 5247 plnres
2097 5179 2138 5227 ex
2152 5181 2246 5252 espe-

236 5253 325 5336 sint,
345 5277 393 5325 ne
407 5275 510 5348 caeco
526 5252 768 5326 multitudinis
788 5257 921 5348 impetu
941 5275 1077 5353 recepta
1092 5265 1225 5334 doctri·
1272 5262 1338 5335 stri
1350 5263 1479 5335 ordine
1494 5257 1673 5329 doctrinas
1688 5257 1903 5348 intelligunt,
1929 5277 2035 5351 quam
2053 5257 2115 5327 ibi.
2155 5255 2244 5331 Pois-

235 5377 282 5426 ns
304 5369 459 5449 putetur.
517 5351 651 5427 Extant
671 5356 866 5447 fragmenta
883 5363 1114 5436 certaminum
1128 5350 1231 5439 vete?
1272 5387 1310 5437 se
1334 5388 1413 5438 eam
1435 5359 1614 5454 regionem
1629 5358 1718 5430 olim
1737 5359 1851 5450 gener
1865 5355 2182 5448 Snericaesedem,
2207 5385 2242 5432 ex

242 1973 370 2041 orosio
396 1964 445 2037 de
463 1969 544 2038 vitu
557 1968 643 2035 Rev.
669 1966 743 2034 uiri
768 1963 877 2037 Dosse.
902 1968 1059 2037 Ioannis
1079 1967 1233 2058 Begess-

241 2069 350 2167 isups's'
381 2073 604 2153 meroni,
667 2063 794 2136 Theoi.
828 2067 939 2139 Dect.
987 2073 1027 2136 et
1060 2068 1234 2136 Pastoris

242 2174 437 2244 Ecclesiae
472 2167 689 2262 Witelserg„
739 2188 765 2236 α
792 2170 934 2239 Petro
974 2169 1231 2240 Vincentio
