4706 5818
246 289 322 371 ⁹15
482 227 694 357 SCRIPTA
720 269 797 346 PH.
822 261 941 342 Mur..
968 258 1036 336 AD
1061 255 1189 332 lllST.
1217 249 1455 332 attonat*
1481 243 2024 340 ru1u08.srltcrlss=,·tr1.t.
2199 253 2278 327 sto
2344 167 2345 174 ¹

253 465 351 558 Quia
369 458 550 529 'usitatum
579 448 666 532 fuit,
698 467 777 514 cum
806 438 1037 531 capiebantur
1065 431 1171 503 urbes
1201 453 1241 498 ex
1265 447 1267 453 ’
1292 425 1466 518 Popeam,
1498 438 1533 495 et
1555 425 1686 496 multos
1710 391 1925 516 praestantis
1950 425 2058 496 viros.
2109 419 2281 499 Exercuit

253 561 420 644 Ethnicis
442 557 491 625 eis
513 565 652 625 tantum
674 547 857 636 imponere
879 549 1061 631 praecepta
1082 531 1243 615 moralia,
1264 504 1269 596 l
1291 551 1456 617 magnam
1478 524 1664 596 saeviciam
1687 525 1725 594 in
1750 520 1970 598 Christianos
1995 523 2061 598 hac
2084 529 2270 598 occasione

256 693 332 741 non
348 655 565 732 ceremonias
577 648 764 720 Mosaicas.
815 633 1242 712 Hasurbcsctiamvole-
1292 631 1496 723 quodcum
1528 649 1652 716 magna
1678 650 1758 718 pars
1782 627 1882 697 urbis
1903 625 2088 698 Romanae
2109 583 2282 701 incendici

257 776 345 841 hant
369 761 520 831 retinere
542 747 837 822 consuetudinem
857 741 970 814 aNoe
987 737 1172 815 traditam,
1196 755 1242 801 ne
1291 730 1471 823 periisset,
1496 731 1590 822 quod
1613 728 1691 820 ipso
1707 729 1849 799 volente
1865 729 1942 799 eius
1956 729 2090 798 familia
2105 731 2281 819 direptio-

259 868 422 941 homines
440 865 665 927 vescerentur
679 849 848 938 sanguine
863 858 897 915 et
908 841 1090 912 suffocato.
1141 835 1244 906 Fuit·
1292 855 1380 902 num
1413 854 1516 900 causa
1544 830 1772 914 excitaverat,
1798 829 1887 900 falso
1918 831 2007 899 dixit
2036 843 2176 902 autores
2202 855 2282 901 csse

259 993 328 1066 que
349 969 463 1034 forma
487 954 618 1028 decreti
642 949 824 1042 apostolici
847 957 985 1035 sumpta
1001 965 1041 1010 ex
1055 940 1118 1008 illa
1133 934 1244 1009 veteri
1293 927 1474 1012 Iudaeos,
1500 955 1571 1023 quo
1593 931 1739 1000 nomine
1760 943 1845 1000 tunc
1865 944 1900 1001 et
1917 923 2158 1001 Christianos
2181 957 2283 1002 com-

259 1078 394 1148 forma,
420 1085 489 1154 qua
512 1075 648 1148 semper
670 1052 726 1122 usi
750 1063 850 1120 crant
864 1043 1044 1118 Israelitae
1059 1039 1168 1130 captis
1182 1060 1246 1107 ur·
1293 1030 1570 1128 prehendebant.
1616 1030 1797 1102 Interfecit
1812 1030 1963 1106 Paulum
1979 1044 2013 1101 ει
2029 1029 2185 1106 Petrum.
2231 1031 2283 1104 Et

260 1173 367 1247 bibus
384 1159 546 1236 ethnicis.
605 1155 723 1244 Quare
739 1175 804 1222 nec
821 1151 858 1219 in
877 1144 995 1218 haere
1010 1139 1145 1234 aliquid
1161 1138 1246 1209 novi
1294 1136 1437 1232 quidem
1463 1135 1507 1203 de
1527 1131 1640 1203 Paulo
1663 1132 1757 1202 idem
1779 1155 1902 1204 omnes
1922 1131 2123 1208 adfirmant.
2176 1133 2285 1206 Reli-

263 1270 541 1348 constituerunt,
582 1259 643 1328 sed
677 1250 873 1346 prohibitio
901 1239 1183 1338 idolothytorum
1212 1253 1247 1308 ει
1297 1259 1403 1331 quam
1421 1231 1573 1306 Neronis
1593 1229 1779 1304 historiam
1798 1234 1943 1314 omitto,
1968 1235 2007 1304 in
2029 1258 2100 1327 quo
2116 1249 2284 1328 repeten-

261 1366 483 1450 scortationis
505 1357 666 1452 repetitio
685 1368 931 1446 preceptorum
950 1359 1024 1416 erat
1041 1343 1246 1414 devitando
1295 1343 1339 1408 da
1365 1351 1415 1408 est
1438 1337 1597 1429 querela:
1624 1349 1658 1406 et
1681 1337 1778 1427 quod
1798 1335 2014 1425 degenerant
2036 1348 2109 1406 tam
2128 1337 2237 1406 multi
2261 1361 2284 1406 a

262 1481 361 1550 cultu
388 1469 588 1546 idolo'rum,
622 1472 656 1529 ει
684 1458 729 1527 de
757 1453 912 1527 vitandis
943 1447 1136 1518 libidinum
1161 1466 1247 1513 con·
1295 1438 1509 1523 maioribus,
1535 1440 1597 1530 qui
1618 1448 1765 1506 naturae
1788 1436 1892 1505 bonis
1910 1449 1945 1506 ει
1958 1437 2090 1506 virtute
2105 1439 2286 1506 excellue-

260 1574 472 1651 fusionihus.
1295 1552 1396 1611 runt:
1424 1553 1459 1609 et
1481 1539 1575 1631 quod
1600 1537 1639 1605 in
1655 1560 1795 1606 summo
1811 1536 1948 1624 fastigio
1964 1536 2102 1623 generis
2120 1532 2288 1620 humani,

363 1670 506 1745 Claudii
534 1681 691 1755 tempore
712 1673 747 1729 et
771 1651 901 1726 Simon
927 1646 1072 1744 Magus
1094 1643 1247 1716 Romam
1296 1643 1419 1733 inquo
1437 1639 1624 1731 praecipue
1638 1637 1793 1706 eminere
1806 1637 1976 1728 sapientia
1994 1651 2028 1707 et
2045 1636 2159 1707 virtus
2174 1639 2287 1708 debe·

264 1779 380 1861 venit,
403 1774 467 1868 qui
486 1767 630 1858 magicis
646 1759 842 1856 praestigiis
857 1769 994 1826 tantum
1010 1743 1249 1819 venerationis
1296 1745 1402 1818 bant,
1426 1755 1497 1811 tarn
1514 1739 1623 1808 multa
1639 1750 1903 1829 tetratportenta
1920 1739 2162 1808 dominantur.
2344 1709 2345 1712 Ἴ

264 1888 410 1972 adeptus
433 1887 503 1952 εει,
527 1883 568 1940 ut
584 1879 695 1937 statua
711 1861 745 1933 ei
762 1884 841 1929 cum
856 1854 921 1926 hac
937 1851 1167 1942 inscriptione
1186 1867 1249 1934 po-
1335 1869 1337 1874 ·
1399 1836 1507 1912 Anno
1540 1835 1675 1909 Christi
1713 1840 1925 1926 sexagesimo
1958 1839 2079 1923 tertio,
2116 1839 2289 1908 videlicet

263 1989 331 2054 sita
361 1980 426 2048 sit:
453 1967 606 2050 ,Simoni
625 1962 708 2034 Deo
737 1965 883 2049 sancto,
917 1979 997 2026 cum
1027 1976 1098 2045 quo
1124 1967 1250 2035 magna
1297 1958 1377 2036 post
1404 1941 1696 2013 resurrectionem
1730 1934 1863 2010 Christi
1894 1939 2090 2021 tricesimo,
2132 1937 2290 2009 lacobus

264 2079 455 2156 certamina
472 2074 577 2144 Petro
593 2064 764 2159 Apostolo
784 2061 892 2131 fuisse
911 2054 1090 2126 scribitur.
1142 2045 1250 2120 Cum·
1297 2046 1391 2114 filius
1413 2039 1563 2134 Alphei,
1587 2037 1784 2132 Episcopus
1805 2035 1982 2110 Ecclesiae
2005 2040 2043 2107 in
2067 2037 2291 2133 lerosolyma

265 2209 334 2279 que
352 2181 479 2253 Simon
493 2172 628 2281 Magqs
640 2169 783 2238 tandem
800 2162 984 2240 iactitaret,
1007 2155 1098 2223 sein
1114 2146 1250 2219 coelum
1299 2147 1485 2227 collectae,
1508 2141 1714 2214 interfectus
1738 2153 1791 2210 εει
1808 2141 1956 2210 saevicia
1974 2137 2136 2210 Ananiae
2152 2142 2292 2210 summi

265 2301 492 2358 ascensurum
508 2297 599 2358 esse,
625 2269 784 2340 sublatus
801 2277 851 2334 εει
866 2256 1055 2332 aDiaholis
1069 2254 1108 2320 in
1124 2271 1251 2319 aerem.
1298 2244 1503 2328 sacerdotis,
1545 2244 1608 2335 qui
1639 2256 1674 2312 ct
1702 2241 1843 2311 iuvenis
1872 2254 1907 2310 ει
1936 2239 2167 2310 Zadducaeus
2198 2257 2290 2312 erat.

266 2388 336 2458 Sed
353 2381 479 2464 Petrus
502 2370 689 2464 imperavit
702 2364 865 2438 Diabolis
884 2373 924 2431 ut
948 2381 1028 2428 eurn
1046 2353 1249 2425 abiicerent.
1299 2343 1377 2418 Etsi
1400 2346 1494 2414 enim
1518 2365 1593 2412 non
1618 2343 1745 2411 licebat
1767 2341 1906 2411 Iudaeis
1928 2364 2131 2433 quenquam
2153 2342 2290 2410 ultimo

266 2489 321 2557 Ita
344 2483 509 2552 decidens
532 2476 570 2544 in
594 2487 723 2543 terram
748 2465 921 2536 extinctus
946 2474 1007 2534 εει.
1059 2453 1252 2540 Aclegun-
1300 2447 1473 2539 supplicio
1497 2445 1662 2527 adficere,
1698 2455 1816 2512 tamen
1839 2443 1983 2511 absente
2005 2441 2166 2532 praeside
2190 2443 2291 2510 mul-

266 2577 326 2659 fm
355 2583 427 2652 illis
458 2577 581 2671 primis
611 2567 831 2662 temporibus
860 2575 982 2634 contra
1014 2553 1206 2648 Apostolos
1231 2571 1252 2617 a
1301 2564 1378 2621 turn
1393 2547 1506 2617 valuit
1519 2544 1688 2615 autoritas
1700 2542 1829 2612 summi
1840 2540 2052 2625 Sacerdotis,
2079 2544 2292 2632 praesertim

264 2684 428 2760 Diabolis
450 2679 560 2748 multa
579 2672 736 2745 hostium
752 2690 878 2758 genera
896 2663 1040 2732 excitata
1054 2677 1138 2732 esse.
1191 2648 1253 2719 lu·
1302 2675 1382 2721 cum
1400 2644 1672 2740 alioquiludaea
1692 2645 1794 2734 plena
1812 2654 1900 2713 esset
1917 2643 2143 2715 seditionum.
2196 2639 2292 2712 Erat

268 2789 347 2860 daei
371 2801 406 2856 ει
427 2776 574 2853 Ethnici
599 2773 820 2844 manifestam
842 2763 1027 2837 saeviciam
1049 2769 1171 2826 contra
1193 2773 1253 2818 vc-

269 2914 345 2962 ram
373 2880 566 2956 Ecclesiam
596 2873 817 2945 exercebant.
893 2862 992 2952 Magi
1026 2874 1059 2929 ει
1087 2851 1254 2924 haeretici

267 2989 376 3061 variis
396 2979 593 3076 praestigiis
619 2998 693 3044 eam
714 2970 918 3041 turbabant.
970 2960 1080 3032 Multi
1097 2951 1254 3026 seditiosi

267 3099 451 3186 praetextu
467 3102 579 3151 novae
596 3073 768 3145 libertatis
784 3087 929 3156 magnos
946 3061 1118 3131 tumultus
1133 3075 1254 3124 move-

268 3198 374 3271 bant,
406 3199 447 3255 ιιι
471 3177 683 3272 Aegyptius,
719 3171 782 3263 qui
805 3193 823 3238 a
845 3164 984 3239 Foelice
1008 3158 1167 3252 praeside
1189 3176 1255 3243 op-

268 3309 409 3387 pressus
422 3297 483 3356 est.

372 3387 468 3458 Haec
489 3379 646 3469 exempla

268 3494 394 3566 tudine
410 3481 565 3556 hostium
578 3482 782 3566 frangamur
794 3467 862 3539 hoc
876 3483 1048 3556 tempore:
1073 3460 1133 3530 sed
1147 3478 1255 3550 quae-

180 3637 182 3645 *
269 3581 390 3664 ramus
411 3610 529 3656 veram
545 3579 758 3654 Ecclesiam,
783 3592 872 3661 quae
895 3565 1078 3658 perspicua
1098 3559 1256 3629 testimo-

272 3697 332 3765 nia
355 3689 462 3761 habet
484 3709 525 3755 ex
544 3681 680 3770 scriptis
697 3667 910 3768 propheticis
926 3680 959 3736 et
975 3658 1196 3755 apostolicis,
1221 3667 1256 3724 et

272 3790 453 3890 symbolis.
534 3781 628 3853 Huic
666 3799 731 3846 nos
766 3781 967 3842 constanter
1006 3764 1257 3850 adiungamus,

274 3891 411 3965 etiamsi
434 3888 523 3957 aliae
541 3882 729 3961 factiones,
755 3895 904 3968 quarum
919 3889 1046 3955 magna
1060 3876 1112 3933 εει
1129 3871 1256 3952 poten·

272 3998 322 4066 tia
338 4009 373 4066 ει
391 3987 602 4069 multitudo,
627 4005 702 4050 eam
716 3984 933 4069 oppugnant.

671 3367 923 3444 consideranda
944 3375 1043 3448 sunt,
1068 3383 1113 3428 ne
1133 3353 1255 3425 multi·

567 4233 806 4308 Domitius
831 4227 965 4296 Nero.

325 4395 435 4469 Anno
452 4386 578 4459 mundi
597 4394 721 4477 quater
737 4375 944 4451 millesimo,
970 4365 1232 4439 decimonono.

325 4498 435 4569 Anno
448 4490 548 4561 urbis
562 4485 699 4557 Romae
715 4472 1007 4565 octingentesimo
1024 4467 1184 4558 septimo.

325 4601 434 4672 Anno
451 4587 584 4662 Christi
603 4579 896 4679 quinquagesimo
913 4571 1075 4664 septimo.

367 4697 467 4770 'Cum
482 4689 650 4764 Claudius
666 4704 802 4751 veneno
818 4688 960 4747 necatus
976 4684 1063 4742 essct
1077 4691 1096 4737 a
1112 4665 1261 4752 coniuge

237 4792 240 4800 ¹
278 4797 497 4890 Agrippina,
522 4793 714 4881 imperator
736 4784 848 4850 factus
872 4789 923 4846 εει
945 4797 966 4844 a
988 4769 1162 4841 militibus
1175 4761 1261 4833 Do-

280 4901 406 4970 mitius
420 4891 540 4974 Nero,
567 4911 662 4960 anno
686 4884 834 4974 septimo
857 4875 993 4948 decimo
1014 4869 1156 4948 aetatis,
1181 4889 1259 4936 cum

278 5001 495 5095 promisisset
533 4995 581 5064 eis
619 4983 828 5061 tantundem
861 4976 1048 5070 pecuniae,
1089 4981 1261 5064 quantum

278 5101 448 5176 Claudius
462 5099 618 5173 dederat,
644 5085 808 5158 videlicet
817 5079 966 5169 singulis
974 5069 1263 5164 trecentosquin-

280 5203 448 5298 quaginta
469 5207 668 5264 coronatos.
719 5184 818 5258 Vixit
836 5203 949 5253 annos
965 5176 1131 5265 triginta,
1162 5193 1262 5241 men-

279 5329 332 5374 ses
346 5321 488 5375 novem,
517 5291 677 5380 regnavit
690 5308 802 5358 annos
813 5281 995 5365 tredecim,
1019 5295 1159 5346 meuses
1173 5287 1265 5342 octo.

278 5401 459 5475 Interfecit
488 5406 653 5474 matrem,
683 5391 771 5459 duas
798 5386 983 5475 coniuges,
1016 5374 1204 5452 Octaviam
1229 5385 1264 5443 et

1302 2765 1418 2822 autem
1441 2761 1602 2817 mortuus
1618 2739 1663 2815 F
1657 2753 1772 2828 astus,
1797 2757 1831 2812 ει
1847 2745 2007 2813 nondum
2027 2755 2171 2812 venerat
2186 2740 2291 2813 lero-

1302 2854 1473 2946 solymam
1495 2870 1673 2918 successor
1689 2843 1861 2917 Albinus.
1912 2842 1988 2912 Hac
2004 2865 2087 2913 usus
2105 2845 2293 2913 occasione

1304 2952 1461 3022 Ananias
1481 2972 1580 3018 suam
1596 2948 1785 3017 factionem
1802 2944 1926 3015 incitat
1941 2945 1985 3014 ad
2003 2943 2292 3014 interficiendum

1304 3053 1492 3134 Iacobum,
1516 3063 1549 3118 et
1565 3048 1653 3118 alios
1668 3048 1798 3116 multos
1811 3059 1990 3115 accusatos
2006 3059 2150 3135 propter
2162 3042 2293 3114 Evan-

1304 3153 1434 3242 gelium
1461 3148 1643 3238 suppliciis
1661 3146 1797 3226 adficit,
1830 3146 1934 3218 etiam
1959 3157 2080 3214 contra
2101 3141 2293 3216 Romano-

1305 3277 1383 3323 rum
1408 3249 1621 3320 iudiciorum
1645 3247 1820 3320 ordinem.
1871 3244 1966 3314 llaec
1990 3259 2067 3315 acta
2090 3257 2172 3313 sunt
2192 3269 2293 3314 anno

1305 3353 1440 3424 decimo
1459 3363 1550 3418 ‘ante
1570 3348 1744 3418 excidium
1769 3344 2022 3440 lerosolyma,
2055 3367 2149 3414 anno
2173 3341 2296 3415 Nero-

1305 3455 1360 3523 nis
1378 3452 1539 3544 septimo.

1407 3552 1491 3620 Post
1506 3549 1673 3620 lacobnm
1688 3550 1796 3618 frater
1813 3543 2059 3633 eiusSp'meon,
2077 3546 2172 3616 filius
2186 3544 2296 3617 Cleo-

1307 3677 1389 3746 pae,
1414 3649 1612 3740 Episcopus
1630 3649 1864 3742 lerosolymae
1886 3650 1997 3717 factus
2021 3661 2091 3731 est,
2116 3648 2177 3740 qui
2203 3650 2295 3716 vixit

1306 3777 1418 3848 usque
1438 3755 1483 3821 ad
1498 3750 1645 3820 Traiani
1669 3764 1845 3840 tempora,
1870 3749 2012 3818 functus
2027 3743 2196 3838 Episcopi
2214 3749 2295 3817 offr-

1308 3857 1362 3926 cio
1381 3855 1461 3946 plus
1476 3853 1709 3944 quadraginta
1725 3851 1839 3921 annis.
1890 3845 2023 3919 Eduxlt
2041 3844 2238 3918 Ecclesiam
2253 3873 2294 3918 cx

1309 3954 1534 4049 lerosolymis
1555 3952 1737 4044 aliquanto
1761 3964 1841 4021 ante
1863 3950 2085 4024 obsidionem
2101 3965 2200 4019 trans
2216 3948 2294 4018 lor-

1309 4060 1436 4127 danem
1458 4057 1497 4124 in
1518 4052 1688 4143 oppidum
1710 4049 1856 4124 Pellam.
1921 4048 2061 4119 Deinde
2083 4049 2216 4119 multos
2238 4073 2294 4118 re-

1310 4159 1411 4228 duxit
1433 4157 1476 4226 ad
1501 4155 1639 4235 ruinas,
1663 4151 1725 4222 ubi
1748 4175 1829 4220 eum
1852 4149 1971 4220 ludaei
1996 4150 2080 4220 odio
2096 4144 2294 4221 Christiani

1309 4257 1465 4329 nominis
1483 4257 1576 4345 apud
1591 4252 1787 4322 Traianum
1804 4265 2073 4334 accusaverunt,
2100 4253 2294 4344 quodcum

1310 4375 1398 4431 esset
1418 4383 1458 4428 ex
1481 4357 1589 4446 stirpe
1612 4355 1707 4443 regia
1728 4355 1908 4423 videretur
1928 4375 2058 4420 novam
2081 4351 2294 4421 seditionem

1309 4461 1441 4532 moliri.
1493 4455 1614 4545 Quare
1638 4479 1718 4525 cum
1740 4477 1853 4524 annos
1876 4468 2017 4522 centum
2040 4465 2075 4520 et
2096 4451 2224 4540 viginti
2241 4451 2295 4518 vi-

1309 4563 1431 4642 xisset,
1459 4559 1585 4627 ultimo
1601 4555 1773 4648 supplicio
1789 4555 1945 4625 adfectus
1961 4568 2023 4623 est.

1411 4658 1481 4728 Hic
1511 4659 1624 4728 exitus
1651 4658 1804 4727 duorum
1833 4656 1982 4724 fratrum
2005 4655 2093 4739 fuit,
2124 4654 2189 4744 qui
2213 4675 2298 4724 san-

1311 4763 1417 4850 guine
1440 4759 1592 4850 proximi
1614 4758 1759 4828 luerunt
1780 4752 1935 4828 Christo.
1995 4752 2080 4825 Nati
2101 4755 2295 4826 suntenim

1311 4864 1415 4933 ambo
1438 4883 1477 4929 ex
1499 4883 1571 4929 una
1593 4872 1724 4942 matre,
1750 4879 1871 4926 sorore
1887 4855 2023 4925 Mariae
2040 4855 2212 4946 virginis,
2236 4855 2296 4924 scd

1311 4963 1430 5034 lacobi
1445 4976 1544 5052 pater
1558 4953 1805 5049 fnitAlpheus‚
1830 4953 2181 5048 SimeonisCleopas.
2223 4954 2296 5025 Cur

1312 5077 1427 5136 autern
1450 5061 1607 5134 Ecclesia
1630 5059 1727 5128 cruci
1747 5059 1902 5129 subiecta
1926 5059 1991 5137 sit,
2014 5057 2223 5128 discendum
2247 5069 2296 5124 est

1312 5192 1353 5240 ex
1374 5165 1532 5234 sontibus
1556 5159 1757 5246 doctrinae,
1790 5182 1895 5252 quarn
1919 5154 2016 5229 Deus
2039 5155 2080 5230 in
2100 5155 2296 5245 Evangelio

1311 5267 1490 5361 patefecit,
1527 5261 1750 5336 ubidicitur
1779 5274 1942 5352 oportere
1970 5281 2037 5329 nos
2066 5258 2199 5330 similes
2221 5257 2296 5326 fieri
2344 5301 2345 5354 q

1311 5366 1474 5456 imaginis
1488 5363 1552 5434 lilii
1568 5361 1647 5437 Dei.
