4606 5822
60 290 129 370 au
456 267 459 274 ’
645 277 1437 406 2rnrn1rr1nnnaarnorrs.
1806 261 1809 270 “
1897 281 1907 290 ’
1998 279 2076 362 rea

61 477 99 536 ut
116 456 292 552 intelligat
308 457 477 534 uniuersa
496 455 683 554 muretus
707 481 828 532 rera-
850 481 925 534 aue
945 453 1039 532 barre
1198 457 1258 534 ts.
1295 451 1419 552 ltaque
1442 476 1512 528 vox
1532 448 1722 528 ministerii
1742 471 1819 524 non
1840 463 1893 526 ert
1915 445 2073 530 bumana

61 561 282 637 sententiam:
316 559 414 634 Vivo
435 583 518 654 egr,
546 561 634 633 nolo
663 575 814 634 mortem
835 560 1041 654 peccatoria,
1092 557 1234 653 opinio,
1259 559 1319 630 sed
1338 568 1439 630 sonat
1455 556 1567 646 legem
1581 553 1651 628 Dei
1666 553 1832 640 traditam
1855 553 1962 626 certis'
1972 555 2072 628 terti-

58 667 115 736 sed
129 677 171 735 ut
185 669 414 736 convertatur
427 676 463 736 et
479 663 589 740 vivat.
630 660 692 756 Ut,
714 664 832 736 Adam
848 676 882 737 et
900 659 1038 735 Hevam
1090 661 1224 734 moniis
1245 660 1292 733 ab
1315 659 1419 732 initio
1442 658 1583 732 muudi.
1630 654 1744 730 Sonat
1764 657 1850 728 item
1864 654 2074 749 promissio·

57 765 211 838 ruituros
235 766 274 836 in
300 779 480 839 aeternam
502 778 673 852 mortem,
689 767 690 774 ’
706 764 746 834 in
777 764 857 856 ipso
888 764 1039 838 articulo
1091 785 1174 834 nem
1187 761 1335 854 gratiae,
1361 773 1396 832 et
1420 759 1538 850 arguit
1558 758 1761 830 universam
1781 755 2072 830 inobedientiam.

57 861 201 942 retrahit
213 867 254 938 in
269 865 397 950 vitam,
421 889 488 936 uec
502 865 589 938 sinit
603 887 663 936 eos
677 865 807 960 perire,
830 865 891 937 sed
908 865 1040 959 promit
1089 860 1139 937 Et
1152 863 1260 936 simul
1274 886 1355 934 cum
1369 857 1436 932 bae
1450 873 1536 932 voce
1549 857 1740 946 ministerii
1751 853 1973 931 horribiliter
1984 883 2073 932 cun·

57 991 94 1040 ex
107 991 238 1041 arcano
256 967 339 1041 sinu
351 991 475 1040 vocem
488 963 695 1059 Evangelii,
718 966 768 1040 ita
789 978 824 1041 et
840 966 945 1039 nobis
961 967 1040 1040 vult
1089 966 1252 1039 ciouatur
1271 963 1377 1036 nobis
1400 963 1562 1034 omnium
1584 959 1821 1035 calamitatum
1848 959 2004 1054 impetus
2021 960 2073 1031 ir-

56 1069 233 1164 opitulari.
1089 1068 1272 1140 ruentium
1292 1066 1333 1136 iu
1353 1061 1568 1153 Ecclesiam,
1590 1076 1632 1136 ιιι
1654 1062 1694 1137 in
1714 1060 1996 1162 promulgatione
2019 1063 2073 1132 le-

149 1169 188 1245 4.
229 1168 280 1246 Ut
300 1171 410 1265 igitur
432 1183 520 1244 tnnc
533 1170 715 1243 incoatum
732 1180 785 1241 ert
796 1163 1036 1244 ministerium
1088 1167 1160 1259 gia,
1184 1163 1357 1240 horrendi
1371 1167 1527 1259 fragores
1540 1187 1577 1238 aa
1592 1164 1835 1261 manationes
1857 1174 1959 1236 erant
1981 1163 2071 1234 coeli
2119 1157 2122 1162 ’

61 1274 313 1366 praedicandae
336 1273 577 1367 poenitentiae
594 1285 631 1345 et
644 1267 862 1344 remissionis
877 1281 1039 1364 peccato-
1086 1282 1263 1344 atterrae.
2061 1305 2067 1319 ι

56 1399 146 1462 rum,
171 1375 223 1446 ita
244 1398 383 1470 semper
402 1387 522 1468 postea
540 1371 638 1447 Deus
659 1368 729 1444 boc
749 1395 854 1446 suurn
874 1370 1038 1443 ministe-
1194 1370 1254 1446 lb.
1288 1365 1332 1440 ln
1351 1363 1409 1442 his
1425 1367 1536 1444 tantis
1557 1365 1711 1442 miseriis
1732 1380 1852 1442 tamen
1873 1365 1971 1440 Dent
1992 1389 2071 1440 snr-

56 1475 140 1548 rium
171 1475 213 1546 in
239 1471 398 1550 Ecclesia
417 1499 479 1548 sua
505 1475 585 1548 vult
613 1497 757 1562 sonare,
791 1474 970 1565 defendit,
1002 1484 1037 1543 et
1091 1485 1203 1545 tentat
1220 1495 1321 1550 anam
1335 1467 1552 1557 Ecclesiam,
1576 1482 1618 1542 nt
1632 1465 1749 1541 Adam
1775 1481 1810 1542 et
1824 1465 1976 1542 lievam.
2021 1463 2072 1542 Et

55 1599 147 1670 saepe
160 1577 340 1651 instaurat
354 1578 581 1650 obscuratum
602 1576 700 1648 talaia
721 1573 972 1670 opinionibus,
995 1586 1037 1647 ut
1088 1597 1159 1646 vor
1178 1569 1368 1664 Evangelii
1391 1570 1616 1647 annuncians
1638 1568 1883 1642 remissionem
1907 1583 2070 1664 peecato-

55 1673 229 1750 Pharisaei
254 1692 289 1751 et
309 1674 483 1750 Monacbi
507 1679 597 1751 lictis
623 1677 943 1762 satisfactionibus,
976 1675 1035 1746 in·
1085 1696 1179 1758 rum,
1204 1675 1337 1748 multos
1351 1673 1519 1748 viviticat.
1568 1669 1716 1744 Necesse
1733 1684 1786 1744 est
1801 1669 1912 1762 igitur
1925 1673 1970 1744 ed
1984 1693 2073 1744 con-

6 1799 8 1810 ·
56 1779 245 1871 dulgentiis
263 1793 301 1850 et
320 1779 401 1874 aliia
422 1778 580 1852 mnebris
595 1780 877 1852 obscuraverunt
901 1777 1035 1850 coutri-
1087 1775 1270 1850 tritiourm
1294 1777 1458 1848 accedere
1479 1769 1574 1848 hunc
1594 1773 1722 1861 tidem,
1746 1793 1837 1868 quae
1849 1772 1973 1847 statuit
1988 1795 2072 1844 vere

56 1880 303 1953 tiouiretfidei
317 1879 532 1954 doctrinam.
1085 1877 1192 1950 nobis
1206 1871 1540 1971 proptchbristsm
1555 1875 1663 1967 gratis
1678 1875 1812 1949 remitti
1826 1887 1981 1970 promta,
1994 1895 2071 1946 non

144 1977 181 2055 6.
224 1979 381 2054 Aeternr
403 1995 438 2054 et
458 1981 692 2054 immutabilia
704 1978 774 2054 Dei
793 1981 960 2054 voluutas
973 1993 1036 2068 ert,
1084 1991 1230 2074 propter
1243 1980 1335 2050 ullas
1349 1992 1488 2051 nostras
1508 1979 1672 2050 virtutes.

56 2093 90 2152 ut
105 2096 302 2175 arguantur
323 2079 511 2166 bominum
534 2095 694 2175 pmcata,
725 2096 947 2176 proponatur
967 2084 1035 2155 do-
1191 2077 1251 2153 14.
1282 2077 1380 2152 Haec
1394 2081 1482 2152 fides
1496 2101 1572 2150 uon
1589 2091 1641 2150 est
1657 2077 1816 2164 noticia,
1831 2079 2012 2172 qualiseat
2030 2078 2071 2150 in

54 2183 158 2256 ctrina
178 2187 224 2256 de
249 2184 459 2256 remissione
478 2198 726 2278 peccatorum,
750 2199 786 2258 ct
800 2185 876 2258 rita
889 2198 1033 2258 aeterua
1084 2181 1265 2269 Diabolis,
1298 2185 1343 2254 de
1366 2205 1436 2276 qua
1459 2181 1549 2254 dicit
1568 2176 1734 2253 lacubus:
1768 2175 1969 2252 Daemones
1992 2203 2070 2252 cre·

56 2284 172 2357 donata
193 2297 346 2378 propter
364 2285 514 2358 Filium.
620 2363 622 2367 y
1085 2285 1178 2355 dunt
1200 2295 1234 2354 et
1266 2282 1557 2356 contremiscunt
1612 2277 1709 2354 llaec
1731 2279 1827 2352 enim
1849 2299 1927 2378 'quo
1957 2281 2069 2372 magis

144 2389 181 2462 6.
221 2383 313 2458 ldeo
336 2387 424 2462 dicit
438 2382 617 2459 Christus:
641 2386 798 2482 Spiritus
814 2399 957 2460 sauctus
975 2410 1034 2458 ar·
1086 2385 1199 2458 credit
1213 2381 1330 2456 Deum
1345 2383 1449 2456 irasci
1465 2395 1625 2477 peccato,
1645 2408 1690 2454 eo
1711 2383 1925 2478 profundius
1944 2383 2071 2473 mergit

56 2500 128 2577 goet
146 2489 346 2576 mundum,
370 2490 415 2562 de
433 2501 599 2580 peccato,
619 2489 666 2562 de
685 2489 826 2563 iusticia
850 2503 886 2564 et
909 2491 955 2562 de
976 2486 1033 2562 iu·
1045 2573 1052 2580 Α
1066 2529 1068 2535 ,
1084 2485 1224 2558 animoa
1236 2487 1275 2558 in
1291 2498 1455 2564 mortem
1503 2482 1576 2558 Sed
1594 2496 1647 2556 est
1661 2484 1823 2557 assentiri
1836 2483 2067 2578 pronrisaioni

58 2587 148 2665 dicio.
1083 2587 1235 2679 gratiae,
1260 2601 1295 2660 et
1308 2588 1437 2659 fiducia
1452 2585 1628 2680 accipiens
1643 2585 1887 2657 remissionem
1905 2599 2067 2678 peccato-

143 2695 179 2768 t.
202 2687 290 2766 Etsi
301 2685 388 2764 hacc
401 2690 580 2764 imbecilla
595 2705 631 2766 et
643 2715 746 2764 coeca
760 2687 950 2768 bominum
965 2715 1033 2766 na·
1082 2713 1163 2760 rum
1178 2694 1325 2783 prepter
1336 2684 1539 2774 Christum,
1551 2701 1599 2784 'ct
1613 2687 1652 2757 in
1668 2681 1812 2760 Christo
1834 2681 2068 2782 acquiescens.

55 2803 122 2864 tura
139 2815 331 2889 uunquam
352 2794 441 2877 ιιιιι
458 2795 577 2880 videt,
599 2807 731 2890 anuta
751 2790 865 2868 sitire
880 2793 972 2880 Dei,
995 2808 1032 2867 et
1081 2787 1179 2862 Haec
1209 2791 1377 2882 ignorant
1404 2785 1629 2886 bypoeritee,
1662 2802 1697 2860 et
1717 2783 1971 2876 eutbnsiastae,
2003 2787 2070 2882 qni

56 2909 212 2984 quantiam
226 2896 365 2966 malum
386 2894 434 2966 ait
454 2909 655 2988 peecatum:
679 2907 800 2968 tamen
820 2897 976 2992 aliquam
991 2895 1030 2966 in
1080 2891 1198 2967 Deum
1223 2903 1420 2987 quaerunt,
1451 2915 1527 2962 nun
1547 2904 1589 2962 ut
1610 2913 1648 2963 se
1668 2889 1833 2982 patefecit
1856 2887 1966 2961 verbo
1989 2911 2070 2973 suot
2183 2982 2188 2990 ι
2286 2993 2287 3000 ¹

57 2985 186 3068 bomine
200 2995 456 3068 contritionem
471 2997 620 3068 existere
633 3010 784 3090 oportet.
815 2992 864 3070 Et
877 3009 929 3070 est
943 3020 1032 3070 con·
1080 2995 1142 3068 sed
1155 2995 1324 3086 operibus
1338 3007 1403 3064 aut
1416 2992 1636 3082 vagabundis
1650 2989 1962 3084 speculationibus.

56 3095 139 3167 tritio
153 3121 240 3170 vere
256 3119 482 3188 expavescere
495 3099 677 3188 agnitione
690 3097 845 3170 iraaDei
861 3101 1030 3172 adversus
1113 3095 1115 3106 '
1185 3089 1245 3170 16.
1270 3089 1320 3168 Et
1335 3119 1416 3168 cum
1431 3093 1501 3166 fida
1515 3092 1743 3186 recipimura
1759 3089 1850 3178 Deo,
1876 3091 1986 3164 simul
2000 3093 2067 3162 do-

26 3213 237 3284 peccatum.
286 3195 357 3270 Hic
370 3221 483 3298 pavor
499 3222 541 3271 ac
554 3200 659 3272 dolor
675 3200 716 3271 in
730 3201 810 3272 aliis
826 3200 958 3288 maior,
988 3199 1028 3271 in
1080 3219 1211 3270 namur
1227 3195 1368 3292 Spiritu
1380 3208 1522 3277 sancto,
1546 3206 1583 3266 et
1595 3194 1770 3266 efficimur
1788 3187 1962 3266 haeredes
1974 3193 2072 3268 vitae

6 3333 8 3350 ›
57 3295 123 3367 aliis
140 3299 266 3370 minuc
286 3313 357 3384 est,
380 3302 441 3370 sed
463 3300 607 3388 orreo,
624 3309 667 3373 'et
687 3303 727 3372 lit
748 3302 874 3394 purior
890 3302 928 3372 in
943 3324 1029 3374 sau·
1078 3313 1254 3372 aeternae.
1304 3297 1354 3372 Et
1374 3297 1462 3393 quid
1483 3297 1529 3368 sit
1552 3291 1640 3368 baec
1658 3293 1766 3382 tides,
1792 3293 1834 3364 ira
1853 3293 1935 3387 ipso
1951 3318 2069 3388 agone·

57 3398 128 3486 etia,
157 3403 220 3496 qui
244 3399 453 3500 proliciunt,
482 3416 524 3472 ut
542 3401 594 3475 ait
614 3397 805 3480 Ezechias:
845 3401 946 3476 Sicut
970 3403 1027 3474 leo
1078 3413 1115 3472 et
1129 3399 1353 3472 invocatione
1365 3397 1575 3493 quotidiana
1590 3398 1800 3468 discendum
1813 3397 1888 3487 [est.

57 3501 207 3575 contrivit
219 3500 346 3572 omnia
361 3523 439 3574 oasa
460 3524 551 3574 mea.
1177 3499 1237 3574 16.
1268 3497 1376 3574 Hunc
1390 3499 1581 3572 articulum
1602 3495 1792 3589 dupliciter
1813 3498 1935 3569 delent
1958 3496 2065 3588 impii
2193 3511 2197 3534 ¹
2231 3567 2234 3574 .

142 3603 177 3679 8.
216 3598 314 3674 Corn
329 3597 552 3693 Augustinus
568 3618 655 3677 ante
673 3615 824 3678 mortem
847 3625 947 3678 suam
972 3603 1027 3676 la·
1076 3601 1270 3687 Ductores,
1295 3599 1433 3672 inimici
1445 3613 1648 3684 nostrarum
1664 3593 1915 3673 Ecclesiamm.
1968 3595 2064 3686 Quia

57 3718 202 3793 ‘tymeus
216 3711 293 3776 sese
307 3718 497 3794 accnmret,
519 3707 616 3800 quad
629 3728 814 3802 nunquam
832 3706 932 3800 prius
945 3717 1027 3776 tan-
1076 3703 1225 3788 doeeat,
1257 3697 1424 3774 bumines
1442 3699 1614 3794 cumcunl
1643 3697 1887 3778 remissionem
1916 3711 2067 3792 propter·

57 3807 161 3891 tepere
197 3804 370 3878 doluisset
410 3819 557 3901 propter
591 3831 676 3880 auos
712 3809 853 3902 lapsus,
898 3807 1026 3880 didicit
1075 3804 1222 3898 propria
1244 3803 1385 3876 merita.
1707 3823 1711 3832 ·

58 3921 194 3978 crescere
207 3905 466 4000 poeaitentiam
482 3907 521 3978 ia
535 3909 673 3985 sanctis.
730 3919 733 3924 '
1179 3904 1250 3980 17..
1275 3902 1325 3980 Et
1347 3903 1476 3976 deinde
1498 3904 1661 3988 addunt,¹
1681 3901 1765 3998 quia
1787 3923 1974 3996 nunqnam
1988 3899 2064 3974 aci·
2113 3973 2121 3982 ,

142 4005 177 4078 9.
209 4005 288 4080 lmo
304 4006 512 4098 ideogenus
525 4003 723 4084 bomanurn
745 4031 953 4104 oppressum
970 4023 1024 4083 est
1074 4029 1179 4094 maa,
1208 4009 1357 4102 quando
1376 4007 1460 4078 satis
1479 4003 1527 4077 sit
1546 4003 1778 4086 meritorum,
1806 4006 1951 4098 quando
1971 4028 2061 4075 con-

58 4119 174 4195 torte,
195 4123 230 4182 et
244 4109 326 4181 aliis
338 4109 543 4195 ingentibus
557 4112 834 4200 calamitatibus,
857 4126 898 4184 ut
910 4135 1024 4204 agno-
1073 4109 1173 4182 tritio
1188 4109 1234 4182 sit
1248 4107 1451 4194 sufficiens,
1471 4129 1611 4200 semper
1624 4105 1863 4178 (habitandum
1888 4127 1986 4186 esse,
2007 4129 2057 4174 an

56 4217 156 4318 tratur
172 4209 226 4282 ira
244 4207 316 4282 Dei
336 4211 505 4282 adversus
526 4227 722 4304 percnum.
768 4210 816 4284 Et
836 4214 921 4308 quia
942 4237 1020 4286 eam
1072 4209 1182 4282 ιίιιιιιι
1197 4210 1237 4282 ἰιι
1253 4211 1375 4302 gratia

57 4308 142 4398 mpii
160 4311 275 4384 securi
297 4323 551 4397 centemnunt,
570 4313 683 4406 magis
705 4314 879 4407 premitur
897 4309 1024 4386 Eccle-
1176 4312 1237 4384 18.
1269 4311 1320 4384 Hi
1337 4312 1415 4381 duo
1433 4329 1573 4378 errores
1591 4320 1678 4380 aun-t
1691 4305 1900 4398 simpliciter
1916 4300 2058 4380 ethnica

56 4404 109 4492 tia,
120 4423 158 4483 nt
170 4412 246 4506 ipsa
261 4413 351 4484 iram
369 4426 402 4485 et
421 4412 672 4488 iudicium'Dei
686 4428 852 4505 agnoscat
865 4429 901 4486 et
918 4439 1023 4507 prae·
1071 4412 1243 4490 doctriua.
1295 4412 1356 4486 Sic
1374 4409 1510 4482 Gentes
1524 4408 1629 4480 etiam
1651 4407 1814 4480 colebant
1828 4407 1967 4496 Deum,
1991 4433 2055 4480 cn·

54 4503 151 4622 dicet,
171 4527 206 4586 ct
221 4529 367 4610 quaerat
379 4514 632 4589 liberationem
646 4516 828 4606 agnitione
841 4515 932 4588 Filii
944 4540 1021 4586 me-
1071 4515 1393 4608 mulantesopera,
1416 4521 1451 4584 et
1464 4523 1585 4582 tamen
1599 4509 1826 4596 dubitatura,
1847 4533 1893 4581 an
1919 4508 2060 4602 recipe-

55 4604 202 4722 fltrtarir,
222 4617 313 4690 sicut
327 4616 499 4711 scriptum
515 4631 584 4690 est:
610 4616 788 4690 Iudicium
803 4641 824 4690 a
837 4613 1020 4691 demoliri
1070 4629 1205 4690 rentur.
1831 4614 1833 4624 “

54 4709 175 4818 tncipit.
921 4803 922 4806 Ἴ
1174 4717 1238 4794 to,
1266 4709 1358 4786 Cum
1374 4712 1484 4806 igitur
1497 4735 1633 4783 errores
1647 4709 1710 4782 isti
1722 4701 1981 4782 manachorum·
1992 4711 2058 4782 do·

140 4817 199 4889 10.
232 4815 320 4890 ldco
331 4832 365 4890 et
378 4819 450 4907 lex,
468 4835 626 4918 quaeest
640 4835 824 4896 aeterrmm
840 4835 875 4894 et
887 4822 1020 4894 imaru-
1070 4817 1166 4892 leant
1177 4815 1434 4907 Evangelium,
1452 4835 1592 4884 neceam
1609 4827 1662 4884 est
1678 4835 1738 4884 eoa
1751 4811 1875 4886 tartari.

56 4909 148 4984 tabita
161 4917 332 4990 iodicium
345 4917 414 4992 Dei
428 4922 815 5018 advermspeecatum,
840 4925 933 4995 edita
956 4935 1021 5009 est,
1170 4921 1233 4996 2⁰.
1265 4917 1314 4990 Ut
1329 4913 1773 5010 cornpicimrturbenebcia
1786 4905 1943 5001 Cbristi,
1963 4925 2004 5012 et
2019 4913 2055 4983 ei

55 5021 86 5078 at
98 5033 259 5092 monstret
273 5033 454 5114 peccmum
469 5036 504 5095 et
519 5025 909 5098 cansasoalomitatum.
1067 5013 1463 5116 suosprapriusbonos
1477 5018 1672 5090 triumuir,
1715 5011 1831 5102 ltere,
1853 5027 1893 5086 ut
1915 5027 2058 5084 meotes

139 5118 194 5190 11.
231 5119 319 5194 Vult
343 5119 442 5194 Deus
469 5139 588 5198 extare
617 5125 877 5218 macrologia,
911 5141 1019 5200 utera
1050 5122 1216 5215 pavidae
1234 5119 1390 5196 babeant
1401 5114 1850 5192 limameousolationem.
1898 5111 2053 5195 ltem‚-ut
2088 5164 2091 5170 .

55 5220 336 5295 tertoverbollei
351 5223 524 5307 aciamus,
547 5227 635 5320 quid
659 5229 705 5300 ait
724 5241 926 5321 peecatum,
950 5250 1019 5298 nee
1050 5248 1149 5310 ¹reru
1171 5221 1601 5302 invocatioererceatur,
1621 5241 1761 5290 necesse
1783 5231 1836 5290 ert
1852 5215 1994 5316 delerdi
2016 5226 2052 5284 et

54 5306 208 5424 fittgamm
224 5323 294 5414 ipsi
313 5325 392 5397 atne
415 5325 707 5402 testimoniollri
725 5343 890 5424 peccata,
911 5326 1019 5402 iusti-1
1065 5325 1240 5400 illustrari
1256 5321 1453 5396 doctrinam
1469 5323 1513 5391 de
1527 5315 1730 5404 Exclusira,
1753 5319 1849 5413 quod
1866 5313 1970 5387 sola
1983 5314 2056 5383 tide

54 5424 309 5504 esametcultus.
1018 5473 1019 5480 κ
1064 5426 1320 5517 iustificantur,
1341 5424 1382 5497 id
1398 5436 1470 5511 est,
1495 5422 1594 5520 qnod
1610 5434 1756 5514 propter
1768 5412 1949 5492 Cbristum
1972 5439 2055 5507 gra-
