4726 5828
244 308 296 389 55
686 291 847 374 onon
887 285 963 373 nu
993 289 1329 373 rernserco
1360 290 1618 380 aaaron
1652 297 1825 383 rnen.
1952 285 1957 292 ’
2226 309 2282 388 so

348 473 402 550 Ea
421 488 525 547 nocte
544 473 612 543 iter
633 469 771 542 faciunt
786 469 929 560 longius
944 491 1052 566 quam
1067 491 1134 561 pro
1150 467 1238 538 viri·
1290 467 1463 541 consensu
1475 473 1691 564 respondent
1704 497 1742 545 se
1757 487 1792 548 et
1805 474 1973 569 probasse
1989 491 2093 553 antea
2114 479 2282 572 pietatem

247 587 334 667 hus,
370 576 575 672 praesertim
600 597 680 660 enm
702 572 882 642 moesticia
903 572 1066 641 omnium
1089 591 1239 662 corpora
1289 569 1459 658 Dietrici,
1491 587 1528 644 et
1546 575 1744 647 testamenti
1760 599 1900 664 musas,
1926 593 1963 652 ct
1977 603 2053 652 non
2076 595 2282 676 recepturos

248 683 485 763 debilitasset,
509 701 550 747 ac
572 697 675 744 mane
698 673 848 744 veniunt
866 675 911 743 ad
933 672 1105 764 oppidum
1128 669 1239 741 Hers-
1290 693 1364 742 esse
1380 672 1490 742 alium
1504 673 1696 744 Dominum
1712 678 1861 752 desertis
1876 674 1951 768 his,
1976 684 2108 776 quihus
2128 681 2199 756 iam
2214 687 2282 756 de-

158 791 164 798 '
248 787 342 868 feld,
362 781 426 853 nbi
447 802 527 850 com
543 774 675 847 abbati
700 774 769 845 iter
787 786 823 845 et
839 797 978 844 causam
997 773 1240 863 exposuissent
1289 773 1486 844 sensionem
1502 775 1741 866 promiserint.

248 884 423 962 Comites,
449 877 572 951 Abbas
593 889 796 947 reverenter
816 875 1007 947 Dominam
1032 873 1141 942 liliam
1166 871 1239 943 lm-
1393 870 1581 946 Albertum
1609 876 1681 947 iata
1704 874 1894 951 trabebant
1917 884 1963 952 ad
1989 907 2133 975 menas.
2193 883 2280 957 ldeo

249 984 441 1079 peratoris,
479 977 761 1049 honestissimam
791 989 990 1046 matronam
1022 975 1166 1064 excipit,
1204 986 1240 1044 et
1291 976 1402 1045 iratus
1423 989 1542 1046 movet
1562 976 1697 1048 bellum
1720 1001 1816 1049 antro
1838 1003 1859 1050 a
1882 983 1992 1055 natali
2015 978 2149 1056 Christi
2172 987 2282 1058 1281.

249 1085 491 1158 consolatione
515 1093 549 1150 et
571 1079 738 1150 omnibus
754 1075 878 1147 officiis
894 1076 1007 1170 lenire
1022 1075 1239 1145 moesticiam
1292 1075 1352 1146 Sic
1371 1076 1468 1145 enim
1491 1076 1636 1147 invenio
1653 1101 1822 1150 numeros
1844 1097 2032 1156 annotatos
2044 1107 2128 1160 esse.
2180 1085 2282 1158 Gens

248 1187 413 1258 omnium
436 1184 573 1261 studet,
599 1193 636 1250 et
657 1179 726 1250 cito
749 1200 872 1247 currus
887 1177 1051 1269 apparari
1065 1177 1182 1260 iubet,
1205 1189 1241 1244 et
1291 1176 1479 1269 Mysorum
1507 1177 1597 1268 petit
1620 1180 1666 1248 ab
1690 1179 1906 1272 imperatore
1933 1183 2146 1277 liudolpho,
2178 1187 2284 1257 cuius

249 1288 350 1359 addit
369 1309 420 1356 ex
448 1282 635 1352 nobilitate
658 1278 865 1370 praecipuos
887 1278 1000 1362 viros,
1029 1278 1091 1370 qui
1113 1275 1241 1346 Domi·-
1292 1277 1449 1361 iusticia,
1476 1278 1648 1370 sapientia
1676 1293 1710 1350 et
1738 1281 1911 1354 fortitudo
1926 1286 1996 1358 fuit
2017 1289 2210 1372 excellens,
2235 1311 2282 1358 ne

127 1441 131 1454 ,
249 1411 334 1459 nam
357 1386 490 1456 ducant
513 1379 816 1452 Francofordiam.
868 1375 941 1449 Ubi
961 1390 1177 1448 commorata
1200 1377 1239 1446 in
1292 1377 1386 1448 sinat
1399 1379 1555 1471 opprimi
1570 1379 1808 1454 adolescentes
1823 1381 2025 1478 Principes,
2051 1402 2086 1457 et
2100 1389 2209 1458 simul
2223 1411 2284 1458 ar-

248 1486 465 1560 monasterio
488 1483 686 1572 virginum,
719 1505 764 1550 ne
787 1480 990 1567 longissime
1008 1503 1027 1548 a
1044 1479 1240 1548 filiisabes-
1293 1478 1360 1546 mis
1392 1479 1554 1568 reprimit
1578 1475 1780 1553 ailbertum.
1829 1483 1900 1556 Sed
1927 1481 2014 1556 haec
2047 1489 2161 1578 prima
2193 1487 2283 1558 belli

249 1603 321 1676 set,
341 1611 422 1658 oum
436 1585 543 1656 vitam
561 1585 599 1652 in
618 1584 763 1654 luctnet
777 1581 978 1673 precatione
995 1580 1137 1669 egisset,
1162 1592 1242 1672 post
1293 1572 1467 1674 σύρραξις
1507 1603 1582 1649 non
1615 1579 1685 1650 tuit
1719 1583 1809 1652 laeta
1839 1585 2054 1657 adolescenti
2086 1586 2284 1674 Friderico,

250 1712 381 1783 paucos
396 1709 508 1756 annos
523 1697 662 1754 mortua
681 1695 743 1753 est.
821 1681 823 1685 ’
1293 1703 1496 1773 quanquam
1516 1702 1656 1750 causam
1678 1680 1805 1754 iustam
1829 1687 1954 1756 tuenti.
2005 1686 2075 1757 Sed
2098 1689 2219 1760 statim
2243 1689 2283 1758 in

225 1801 227 1808 ’
272 1867 276 1876 ‚
353 1787 478 1859 Mariti
493 1786 671 1855 licentiam
686 1785 767 1872 iuga
780 1780 941 1870 coniugis
954 1778 1062 1852 auxit.
1104 1773 1241 1850 Audie-
1294 1776 1361 1849 hoc
1376 1780 1553 1873 tyrocinio
1575 1803 1656 1851 eum
1673 1777 1770 1852 Deus
1786 1786 2057 1873 docerevoluit,
2082 1813 2128 1857 ue
2153 1782 2285 1858 huma-

250 1904 307 1962 rat
325 1901 441 1962 antem
457 1885 553 1958 Deus
569 1907 688 1974 preces
703 1885 917 1953 discessurae
931 1881 1072 1966 matris,
1097 1896 1133 1951 et
1149 1881 1241 1950 lilios
1292 1881 1350 1949 nis
1373 1881 1511 1950 viribus
1534 1882 1744 1967 confideret,
1769 1887 1830 1953 sed
1851 1888 2002 1959 disceret
2026 1889 2189 1959 victorias
2214 1889 2282 1960 Dei

249 2015 332 2074 vere
354 1983 534 2078 orphanos
557 1986 725 2076 protexit,
751 2004 840 2075 quos
861 1983 1043 2074 aliquanto
1065 1995 1144 2072 post
1165 2005 1241 2050 ma·
1293 1980 1459 2051 beneficia
1475 2003 1566 2064 esse,
1592 1995 1627 2052 et
1639 1983 1684 2052 ab
1698 2007 1740 2052 eo
1758 1988 1925 2074 petendas
1939 2011 2024 2061 esse.
2074 1988 2208 2080 Captus
2233 2003 2285 2061 est

249 2092 316 2162 tris
346 2091 485 2178 lugam,
518 2086 659 2157 Alberti
689 2083 907 2173 landgravii
936 2083 1044 2152 frater
1075 2077 1240 2152 Marchio
1293 2081 1388 2150 enirn
1403 2079 1604 2150 Fridericus
1625 2105 1644 2151 a
1664 2097 1782 2174 patre,
1806 2099 1841 2156 et
1860 2099 1934 2156 toto
1956 2110 2051 2156 anno
2067 2100 2226 2158 retentus
2244 2091 2284 2158 in

249 2189 456 2285 Mysorum,
491 2186 605 2256 iustus
633 2199 667 2256 et
694 2187 834 2276 sapiens
855 2182 1024 2274 Princeps
1051 2179 1241 2268 Dietricus,
1292 2203 1371 2251 arce
1389 2179 1626 2256 lsennacensi.
1669 2180 1774 2254 Unde
1787 2197 1906 2274 postea
1921 2187 2095 2256 divinitus
2110 2189 2284 2261 liberatus

250 2315 293 2361 ex
307 2289 481 2376 Turingia
503 2288 547 2357 ad
569 2309 667 2356 suam
685 2288 801 2354 aulam
818 2283 973 2360 vocavit.
999 2296 1092 2353 etue
1106 2296 1240 2374 specta-
1293 2293 1355 2365 est,
1381 2304 1463 2352 cum
1479 2281 1563 2352 odio
1578 2282 1722 2376 tyranni
1735 2287 1896 2356 custodes
1912 2287 2023 2379 aliqui
2037 2289 2284 2360 misericordia

251 2401 347 2474 tures
370 2400 484 2460 essent
507 2401 733 2479 paternorum
750 2385 941 2468 scelerum,
964 2397 1000 2453 ct
1014 2397 1054 2454 ut
1067 2397 1162 2453 extra
1178 2406 1241 2476 pe·
1291 2381 1523 2452 adolescentis
1536 2381 1665 2466 affecti,
1688 2383 1791 2472 fugae
1804 2385 1951 2456 consilia
1964 2387 2185 2462 adiuvarent.
2221 2390 2282 2460 lu-

251 2492 406 2563 riculum
431 2502 557 2560 essent.
609 2485 769 2579 Cumque
797 2509 857 2556 eos
883 2498 1029 2576 paterno
1052 2484 1170 2554 animo
1194 2484 1239 2554 ad
1292 2495 1386 2554 terea
1402 2496 1438 2554 et
1449 2477 1664 2575 Rodolphus
1685 2481 1881 2575 Imperator
1894 2489 2061 2560 mandata
2075 2489 2206 2571 mittit,
2240 2504 2281 2562 ut

252 2591 470 2681 agnitionem
494 2603 529 2660 et
550 2589 810 2660 invocationem
841 2583 910 2656 Dei
942 2598 976 2654 et
1005 2587 1050 2654 ad
1074 2586 1239 2654 virtutem
1292 2607 1389 2654 arma
1405 2583 1574 2675 utrinque
1588 2584 1780 2675 deponant,
1799 2598 1835 2656 et
1848 2589 2024 2678 promittit
2038 2612 2075 2659 se
2088 2604 2283 2662 venturum

250 2692 471 2774 institueret,
495 2688 718 2760 Fridericum
740 2688 844 2756 etiam
868 2685 968 2754 cuius
990 2699 1062 2754 erat
1077 2687 1239 2754 admorsa
1293 2685 1332 2754 in
1350 2682 1579 2773 Turingiam,
1603 2708 1643 2754 ac
1658 2685 1734 2756 lore
1749 2685 2016 2778 disceptatorem
2032 2714 2166 2764 euersae.

252 2817 361 2884 gena,
386 2806 548 2885 tyronem
570 2810 688 2858 secum
711 2788 749 2856 in
771 2800 883 2856 castra
900 2799 934 2856 et
948 2784 985 2852 in
1002 2786 1112 2856 aciem
1130 2786 1241 2868 duxit,
1397 2783 1504 2855 Venit
1521 2786 1559 2852 in
1573 2784 1605 2854 Τ
1607 2785 1783 2874 uringiam
1797 2785 2020 2880 liudolphus,
2046 2804 2080 2862 et
2094 2814 2174 2862 cum
2191 2793 2282 2862 alios

211 2883 221 2896 ’
251 2895 318 2964 ubi
346 2891 523 2982 specimen
548 2888 724 2980 egregium
749 2885 891 2959 virtutis
912 2887 1024 2956 edidit
1046 2885 1083 2954 in
1104 2886 1239 2978 praelio
1292 2886 1467 2955 tumultus
1494 2885 1648 2966 sedavit,
1683 2887 1812 2955 eversis
1837 2886 2118 2962 latrunculorum
2139 2894 2283 2964 arcibus

250 2989 461 3065 Anhaltino.
513 2989 646 3068 Filium
671 3003 789 3060 autem
819 2983 877 3056 hie
899 2983 1063 3056 Marchio
1095 2987 1239 3054 unicum
1293 2986 1448 3078 aliquot,
1472 2998 1507 3055 et
1526 2986 1635 3076 captis
1662 2985 1700 3053 in
1725 2983 1859 3059 llmena
1879 3013 2007 3062 novem
2028 3005 2063 3064 et
2083 2993 2211 3083 viginti
2230 2995 2283 3066 la-

251 3093 396 3177 huhuit‚
420 3115 526 3185 quem
549 3091 806 3161 adolescentem
829 3086 969 3171 amisit,
994 3111 1066 3178 quo
1088 3098 1240 3165 mortno,
1294 3102 1436 3157 tronum
1462 3085 1628 3167 ducibus,
1664 3087 1863 3180 dequibus
1890 3087 2115 3183 Erphordiae
2143 3095 2284 3188 suppli-

253 3197 336 3290 qnia
355 3194 497 3262 nolebat
512 3194 654 3261 fratrem
669 3190 871 3266 succedere,
897 3201 1056 3256 metuens
1072 3209 1116 3254 ne
1133 3185 1240 3278 pelle·
1294 3187 1386 3256 cium
1400 3185 1567 3276 sumpsit,
1593 3199 1668 3256 tum
1686 3210 1769 3256 vero
1786 3191 2005 3262 severissime
2021 3195 2202 3268 mandavit
2219 3221 2282 3288 pa-

252 3310 307 3368 ret
326 3297 435 3378 filios,
461 3317 541 3362 cum
564 3293 635 3360 iarn
656 3291 792 3360 videret
813 3311 891 3357 eum
912 3282 966 3356 his
983 3287 1155 3355 anteferre
1174 3311 1241 3355 no-
1294 3311 1367 3355 cem
1392 3281 1539 3357 Albcrto
1565 3299 1599 3357 et
1629 3287 1722 3361 liliis.
1771 3287 1855 3360 Non
1884 3293 1996 3364 multo
2028 3309 2109 3385 post
2138 3305 2282 3366 mortuo

253 3395 354 3469 thum
376 3420 416 3480 ex
438 3393 562 3485 pellice
583 3404 725 3472 natum,
750 3403 786 3460 et
808 3386 890 3483 quia
908 3412 1023 3457 mores
1040 3389 1157 3458 fratris
1175 3388 1242 3455 im·
1295 3382 1489 3479 liudolpho
1508 3388 1671 3458 successit
1685 3383 1874 3480 Adelphos
1889 3391 2141 3480 Nassaviensis,
2170 3421 2282 3490 quem

252 3496 446 3590 probabat,
479 3504 726 3564 testamentum
753 3489 931 3566 condidit,
967 3490 1004 3557 in
1031 3513 1100 3581 qno
1123 3489 1241 3558 fralris
1295 3488 1399 3556 variis
1422 3489 1556 3557 artibus
1580 3483 1688 3558 trahit
1713 3488 1750 3557 in
1781 3491 1981 3565 societatem
2005 3497 2089 3564 belli
2112 3495 2283 3569 Albertus

254 3599 347 3668 filios
370 3598 532 3684 adoptat,
558 3610 593 3665 et
613 3589 780 3662 haeredes
801 3589 955 3678 regionis
975 3587 1159 3682 Mysorum
1185 3589 1242 3656 in·
1294 3586 1557 3677 Landgravius,
1590 3601 1625 3658 et
1640 3591 1735 3682 quod
1753 3613 1809 3659 res
1828 3608 1946 3684 postea
1964 3597 2138 3683 ostendit,
2169 3599 2282 3691 πόρῃ.

254 3699 378 3770 stituit.
426 3695 591 3788 ‘Cumque
612 3693 755 3766 delectis
778 3690 974 3784 praecipuis
996 3690 1081 3758 viris
1104 3714 1144 3757 ex
1169 3703 1241 3760 tota
1295 3704 1348 3759 ret
1370 3713 1515 3759 avarum
1538 3711 1656 3757 senem
1685 3691 1876 3782 cupiditate
1904 3697 2103 3767 uberrimae
2126 3699 2283 3788 regionis

254 3800 415 3888 regione,
439 3809 685 3867 testamentum
708 3807 743 3864 et
762 3815 883 3862 causas
899 3791 952 3858 sni
971 3791 1111 3860 consilii
1129 3785 1242 3859 hone-
1295 3789 1480 3884 Mysorum
1495 3801 1529 3858 et
1541 3813 1710 3860 venarum
1726 3793 1979 3866 metallicarnm
2000 3800 2168 3885 illectum,
2187 3796 2282 3872 hanc

254 3915 324 3970 stas
356 3896 588 3986 exposuisset,
621 3919 661 3964 ac
691 3891 871 3985 petivisset
897 3886 1023 3960 horum
1052 3887 1241 3961 haeredum
1294 3893 1511 3961 occasionem
1539 3893 1765 3982 occupandae
1796 3896 1949 3985 regionis
1971 3897 2171 3994 Mysorum,
2204 3926 2281 3972 nou

253 3999 516 4082 defensionem,
544 3992 582 4064 hi
599 3994 738 4063 laudata
761 3991 930 4084 principis
956 3991 1103 4081 pietate,
1135 3993 1242 4062 adfir·
1293 3991 1447 4062 voluisse
1461 3991 1648 4081 negligere.
1678 3991 1833 4066 Narrant
1848 3999 1952 4067 etiam
1969 3995 2283 4074 historiaeAlber-

252 4112 354 4170 mant
364 4121 400 4168 se
414 4121 487 4165 non
502 4097 610 4165 alium
626 4092 823 4165 Dominum
838 4104 1039 4181 recepturos
1053 4115 1140 4164 esse.
1293 4107 1369 4164 tum
1394 4091 1656 4180 Landgravium
1683 4093 1883 4169 vendidisse
1911 4097 2140 4191 'l'uriugicam
2169 4104 2282 4176 ditio-

357 4196 553 4291 Aliqnanto
571 4208 650 4285 post
665 4208 808 4265 mortuo
824 4191 1000 4274 Dietrico,
1026 4207 1067 4264 ut
1082 4193 1118 4262 io
1136 4207 1243 4265 testa·
1294 4219 1375 4264 uem
1390 4187 1580 4283 Adolpho,
1602 4218 1649 4263 ne
1663 4194 1818 4286 recipere
1838 4224 1913 4270 eam
1937 4201 2002 4272 lilii
2018 4227 2175 4296 unquam
2197 4229 2281 4296 pos-

253 4312 376 4372 mento
396 4298 565 4390 scriptum
588 4311 682 4380 erat,
706 4296 897 4364 succedunt
918 4293 956 4362 in
978 4293 1085 4363 totius
1103 4291 1242 4390 Mysiae
1294 4311 1382 4370 seut.
1439 4291 1561 4384 Longa
1587 4307 1638 4365 est
1663 4294 1815 4386 iniuria,
1846 4301 1971 4392 longae
2000 4306 2182 4395 ambages,
2214 4331 2280 4378 nec

133 4400 139 4414 “
254 4399 510 4496 possessionem
533 4394 571 4469 hi
596 4401 689 4480 duo,
724 4394 928 4466 Fridericus
953 4395 1054 4464 euius
1080 4396 1149 4466 suit
1178 4399 1242 4466 ad·
1293 4398 1413 4468 omnia
1429 4395 1575 4465 recitare
1589 4395 1687 4469 libet.

253 4525 369 4573 morsa
383 4525 491 4592 gena,
518 4497 819 4581 etDietmanhus,
843 4508 878 4566 et
891 4495 1027 4566 iusticia
1044 4497 1241 4567 aecaeteris
1395 4495 1447 4566 lta
1464 4510 1543 4587 post
1565 4513 1713 4569 mortem
1739 4496 1963 4592 Imperatoris
1991 4499 2175 4598 Rodolphi
2200 4507 2279 4580 bel·

253 4605 446 4674 virtutibus
461 4603 622 4672 omnium
637 4595 869 4670 honestorum
884 4597 1165 4667 benevolentiam
1182 4621 1241 4667 er-
1293 4603 1367 4670 lnm
1393 4599 1545 4668 atrocius
1566 4613 1702 4670 motum
1727 4613 1796 4686 est,
1828 4617 1860 4674 et
1877 4599 2064 4694 Adolphus
2087 4610 2125 4679 in
2141 4607 2279 4680 Turin-

253 4727 296 4794 ga
312 4727 348 4772 se
365 4715 504 4794 augent.
538 4700 608 4774 Sed
625 4714 725 4792 pater
739 4695 909 4768 Albertus
922 4698 1044 4769 srribit
1056 4700 1100 4767 ad
1117 4722 1241 4769 omnes
1292 4703 1382 4791 giam
1416 4713 1450 4769 et
1477 4698 1661 4794 Mysorum
1696 4701 1874 4789 regionem
1909 4718 2077 4778 attractus
2110 4724 2173 4784 est.
2228 4707 2279 4782 Et

252 4805 397 4874 ordines
418 4805 583 4888 ditionis,
614 4801 757 4892 sepelit
779 4799 846 4869 sibi
870 4799 960 4868 tradi
983 4803 1238 4891 possessionem
1293 4795 1455 4873 Marchio
1473 4795 1798 4892 Brandeburgensis
1816 4826 1853 4873 se
1876 4829 1956 4876 cum
1972 4803 2142 4903 Adolpho
2161 4809 2277 4904 lmpe-

252 4905 407 4996 regionis
427 4903 632 4996 Mysorum,
658 4903 808 4971 exclusis
829 4901 931 4985 liliis,
958 4925 998 4970 ae
1023 4902 1111 4972 ioris
1134 4927 1237 4994 prae·
1291 4917 1407 4974 ratore
1422 4915 1455 4994 et
1472 4899 1619 4972 Alberlo
1634 4899 1859 4992 Landgrayio
1873 4907 2072 4998 coniunxit,
2095 4936 2156 5002 spe
2172 4935 2278 4984 occu·

251 5019 349 5077 textu
372 5018 522 5096 pugnat,
548 5007 630 5100 quia
656 5005 729 5094 ipse
752 5003 798 5072 sit
820 5001 939 5073 fratris
957 5003 1136 5094 proximus
1155 4999 1238 5072 hae-
1292 5007 1426 5098 pendae
1450 5002 1629 5072 inferioris
1651 5001 1825 5078 Lusatiae.
1885 5003 2028 5098 Quanta
2058 5013 2169 5083 moles
2189 5015 2277 5085 belli

249 5131 318 5178 res.
366 5105 439 5175 Nec
464 5127 539 5177 esse
566 5102 694 5176 ius'tam
716 5125 857 5174 cansam
875 5125 939 5172 cur
957 5099 1237 5175 haereditassibi
1289 5108 1419 5178 deinde
1435 5101 1558 5189 luerit,
1584 5104 1668 5172 inde
1683 5103 1859 5175 aestimari
1879 5122 2011 5199 potest,
2036 5116 2133 5206 quod
2149 5119 2275 5185 eodem

248 5221 365 5300 erepta
381 5207 451 5277 sit·
1024 5291 1029 5298 ,
1117 5242 1125 5259 ¹
1289 5223 1447 5300 tempore
1470 5229 1549 5274 cum
1572 5205 1721 5274 diversis
1739 5209 1948 5281 exercitibus
1963 5213 2128 5302 praeliari
2151 5217 2276 5288 fratres

346 5305 579 5379 Conveniunt
592 5303 702 5398 igitur
717 5305 842 5378 delecti
857 5327 899 5376 ex
915 5303 1083 5375 omnibns
1095 5305 1236 5377 ordini·
1286 5309 1455 5402 oportuit,
1477 5320 1510 5377 et
1526 5307 1622 5399 quod
1636 5305 1677 5374 in
1692 5307 1735 5378 iis
1749 5308 1847 5397 locis,
1872 5311 1937 5381 ubi
1949 5334 2086 5385 summa
2100 5330 2152 5392 est
2166 5319 2274 5390 uber-

244 5411 311 5482 bus
329 5409 512 5504 praecipui
533 5409 603 5480 viri
622 5408 664 5478 in
683 5407 773 5526 urbe
788 5405 976 5498 rttbergn
1001 5420 1036 5479 et
1052 5409 1233 5481 communi
1285 5425 1359 5502 tas,
1383 5431 1530 5504 magnae
1545 5407 1760 5482 vastationes
1773 5412 1884 5485 iactae
1899 5425 2002 5502 sunt,
2027 5441 2110 5490 cnm
2125 5414 2275 5495 hostiles

176 5716 299 5786 A
