4726 5828
233 275 307 354 tid
618 361 621 370 Ι
706 261 865 344 DECL.
898 259 977 340 nn
1005 257 1149 338 VITA
1170 257 1249 336 ΕΤ
1279 249 1555 340 ὃΰῑὶῐΡΤῙδ
1580 262 1785 340 PLlNll.
2187 268 2262 346 til
2343 375 2345 390 ,

235 446 334 520 bunc
356 445 473 538 ipsum
494 437 791 512 commentarium
818 436 858 508 in
886 435 1065 508 manibus.
1084 433 1225 506 discen-
1376 431 1482 506 Scitis
1494 417 1670 508 mundum
1685 435 1811 517 dividi,
1824 448 1864 508 ot
1879 458 1956 508 non
1970 460 1990 508 a
2003 459 2143 510 summo
2158 463 2268 524 erorq
2344 437 2345 476 ³

237 552 328 623 tium
349 543 501 628 vermri,
538 551 683 611 censent
703 563 785 610 enm
807 536 959 609 subinde
981 531 1149 608 Scholam
1167 559 1225 605 re-
1274 535 1365 621 diar,
1383 534 1423 606 in
1443 559 1592 628 corpora
1607 537 1795 630 simplicia,
1819 553 1854 610 et
1868 562 1922 625 ea,
1943 563 2034 634 quac
2049 565 2092 610 ex
2107 542 2263 614 mixtura

238 650 438 722 vocandum
455 665 541 716 esse.
592 638 701 712 Decet
715 653 834 711 autern
849 638 1043 730 discipulos
1058 640 1224 710 reveren·
1275 635 1503 729 simplicium,
1520 633 1588 708 hoc
1603 651 1668 725 est,
1689 635 1978 726 Elementorum,
2000 643 2154 736 conflata
2165 658 2263 716 sunt.

238 767 292 825 ter
325 745 488 839 amplecti
516 755 782 835 praeceptorum
812 740 964 827 iudicia,
999 753 1033 810 et
1061 751 1224 824 statuere,
1376 737 1647 832 simplicissima
1667 765 1815 832 corpora
1840 745 1967 814 mundi
1991 755 2092 828 sunt,
2117 746 2264 830 etnulli
2345 787 2346 818 ;

236 872 360 946 graves
372 847 455 917 illos
468 845 525 915 sui
538 844 680 916 consilii
693 865 814 915 causas
826 837 971 929 habere,
994 864 1104 935 quare
1117 839 1224 933 quid·
1275 840 1464 910 mutationi
1481 841 1657 928 obnoxia,
1679 839 1829 914 Coelum
1851 857 1886 914 et
1904 860 2022 937 partes
2044 846 2152 933 coeli,
2176 848 2263 919 scel.
2345 841 2346 902 ἒ

205 979 209 992 ·
237 978 306 1050 que
338 949 516 1022 iuventuti
555 948 697 1038 publice
735 957 957 1039 proponant,
995 942 1134 1014 etiamsi
1166 963 1225 1011 cas
1275 940 1522 1014 lsc'videlicec
1550 943 1680 1035 partim
1710 944 1928 1027 inerrantes,
1960 971 2051 1041 quae
2077 970 2202 1020 omnes
2223 949 2264 1018 in
2345 965 2346 970 ’

236 1075 358 1128 causas
381 1074 445 1144 per
465 1062 613 1120 aetatem
638 1048 836 1140 perspicere
856 1047 926 1138 ipsi
947 1046 1108 1116 nondum
1139 1063 1224 1136 pos-
1274 1066 1347 1114 una
1361 1039 1461 1136 quasi
1478 1040 1640 1114 machina
1657 1045 1765 1117 simul
1788 1046 2106 1134 circumrotantur,
2130 1049 2264 1142 partim

236 1169 332 1231 sunt.
383 1151 551 1244 Spectant
566 1163 684 1222 autem
699 1149 885 1241 praecipue
900 1144 969 1219 hoc
983 1157 1224 1237 praeceptores
1274 1144 1348 1216 suis
1370 1144 1584 1237 quibusdam
1605 1147 1729 1216 liberis
1751 1149 1947 1237 gressibus,
1985 1149 2191 1222 certissimis
2210 1165 2265 1224 tn-

236 1255 372 1341 nostri,
398 1267 439 1325 ut
453 1252 618 1322 iuventus
632 1265 726 1322 certo
741 1250 879 1336 ordine,
904 1264 939 1320 et
952 1249 1053 1344 quasi
1067 1270 1131 1341 per
1142 1268 1223 1336 gra·
1273 1269 1374 1332 men,
1398 1261 1580 1336 vagantes,
1604 1272 1696 1343 quae
1709 1248 1872 1340 planetae
1888 1252 2066 1338 dicuntur.

236 1364 304 1433 dus
319 1359 364 1428 ab
379 1354 609 1426 inferioribus
625 1354 760 1423 artibus
777 1354 823 1423 ad
837 1365 1000 1441 cognatas
1015 1363 1049 1422 et
1063 1347 1224 1439 superio-
1377 1344 1461 1418 Alia
1487 1362 1571 1420 sunt
1598 1372 1746 1442 corpora
1774 1353 1901 1422 mundi
1930 1355 2051 1425 minus
2077 1353 2265 1445 simplicia,

237 1485 293 1534 res
310 1462 534 1540 traducatur,
559 1467 593 1532 et
612 1447 672 1524 eos
692 1454 882 1547 praecipue
900 1451 1061 1537 libellos,
1086 1448 1150 1545 qui
1166 1473 1224 1518 ar·
1275 1448 1465 1542 minusque
1483 1450 1681 1538 durabilia,
1712 1454 1773 1522 sed
1794 1453 1835 1522 in
1856 1468 2025 1547 perpetua
2048 1469 2266 1526 transmuta-

236 1565 329 1635 tium
350 1562 475 1632 breves
499 1557 670 1651 quasdam
692 1569 728 1627 et
752 1555 908 1626 cruditas
932 1573 1087 1624 summas
1108 1549 1224 1621 conti·
1275 1551 1373 1619 tione
1392 1551 1602 1636 constituta,
1630 1577 1719 1646 quae
1735 1556 1919 1646 στοιχεῖα,
1941 1557 2115 1627 demente
2131 1557 2264 1628 dicun·
2346 1536 2348 1629 l

236 1677 337 1749 nent,
350 1662 511 1732 evolvat.
567 1655 700 1728 Vident
713 1657 808 1728 enim
826 1679 902 1728 cam
918 1653 1041 1726 aetatis
1055 1651 1224 1723 iuvenilis
1275 1663 1351 1736 tur,
1374 1649 1416 1722 ix
1430 1652 1562 1746 quibua
1577 1654 1671 1725 inter
1686 1677 1724 1726 se
1737 1670 1831 1726 certa
1850 1658 1990 1728 ratione
2012 1659 2163 1743 iunctis,
2194 1660 2267 1730 alia
2347 1677 2348 1684 ’

236 1765 516 1840 imbecillitatem
540 1773 575 1830 et
599 1759 875 1829 inconstantiam
893 1779 997 1852 esse,
1023 1767 1064 1824 ut
1086 1751 1223 1822 etiamsi
1275 1754 1430 1824 existunt
1445 1777 1613 1846 corpora,
1636 1779 1727 1850 quac
1745 1757 1826 1828 ideo
1841 1758 1950 1828 mixta
1966 1772 2151 1835 vocantur.

236 1866 419 1938 admonita
435 1867 480 1934 de
493 1860 641 1944 ordine,
664 1861 768 1931 utiles
791 1860 903 1928 libros
927 1859 1041 1948 legere
1065 1853 1226 1946 incipiat,
1376 1853 1574 1926 Mirtorum
1597 1871 1715 1928 antem
1740 1858 1832 1928 varii
1855 1873 1939 1930 suut
1970 1862 2113 1949 gradm.
2177 1857 2266 1934 Atia

236 1983 356 2040 tamen
377 1989 459 2036 mox
475 1964 603 2033 oborto
620 1962 756 2047 taedio,
774 1973 836 2030 aut
851 1960 972 2030 oblato
988 1956 1058 2027 alio
1081 1957 1224 2046 scripto,
1275 1952 1371 2025 euim
1392 1955 1463 2026 levi
1485 1970 1522 2027 et
1539 1958 1743 2050 imperfecta
1765 1961 2021 2032 elementorum
2045 1975 2267 2033 transmuta-

236 2071 334 2164 quod
349 2067 458 2157 magis
481 2064 613 2146 allicit,
637 2063 798 2133 noudum
820 2062 993 2153 perlectos
1015 2058 1095 2130 illos
1119 2057 1223 2126 libel·
1275 2056 1373 2126 tione
1395 2056 1445 2127 ita
1473 2058 1582 2141 fiunt,
1619 2073 1660 2128 ut
1684 2059 1782 2128 facili
1805 2071 1985 2131 momento
2012 2084 2134 2132 rursus
2156 2063 2267 2146 dissi.

181 2249 185 2260 ,
236 2172 308 2254 los,
335 2169 397 2262 qui
411 2167 542 2238 artium
559 2187 713 2234 summas
728 2177 764 2234 et
777 2157 963 2233 methodos
976 2162 1134 2244 tradunt,
1159 2159 1245 2228 ab·¹
1275 2157 1382 2240 liant,
1409 2160 1502 2228 etad
1518 2181 1619 2230 suam
1635 2160 1810 2253 originem
1825 2163 1981 2232 redeant.
2023 2158 2268 2256 anuiafere

236 2273 351 2353 iiciat,
375 2281 480 2362 atque
495 2267 543 2336 ita
558 2288 638 2336 cum
653 2264 840 2356 dispendio
858 2261 1028 2356 temporis
1042 2275 1076 2332 et
1097 2259 1224 2354 exiguo
1275 2256 1314 2327 in
1338 2259 1501 2340 sublimi,
1531 2255 1601 2328 boc
1621 2276 1694 2347 cst,
1726 2261 1765 2330 in
1787 2257 1856 2333 boc
1877 2262 2015 2352 ingenti
2035 2265 2129 2335 aiiris
2148 2281 2266 2336 tractu

236 2375 355 2444 fructu
383 2382 530 2458 vagetur
556 2390 622 2457 per
651 2367 769 2436 varios
793 2365 1000 2457 scriptores,
1030 2375 1065 2432 et
1082 2361 1222 2430 nullum
1275 2359 1448 2444 existunt,
1483 2357 1651 2459 μετέωρα
1677 2362 1844 2449 Graecis,
1883 2366 1990 2455 vulgo
2013 2365 2267 2457 impressiones

177 2524 179 2532 .
237 2471 459 2544 familiariter
491 2481 525 2539 et
552 2469 686 2556 integre
712 2479 917 2558 pernoscat,
950 2489 1041 2561 quae
1063 2460 1223 2532 discendi
1274 2475 1538 2551 nuncupantur.
2348 2466 2350 2481 ⁴

237 2575 331 2646 ratio
345 2595 427 2644 eom
449 2569 747 2663 perniciosissima
759 2567 824 2651 sit,
850 2580 943 2637 recte
958 2564 1142 2636 consulere
1156 2586 1224 2631 no-
1376 2563 1460 2633 Alia
1474 2565 1582 2634 mixta
1597 2563 1774 2636 eiusmodi
1790 2579 1874 2637 sunt
1890 2567 1991 2638 firma
2006 2569 2266 2642 elementorum
2349 2567 2350 2574 ’

236 2675 293 2746 bis
314 2689 556 2767 praeceptores
579 2669 804 2740 existimandi
826 2679 926 2751 sont,
965 2690 1045 2790 pum
1077 2659 1144 2734 hac
1163 2686 1223 2732 ra·-
1276 2663 1438 2735 iunctura
1452 2677 1711 2754 coagmentata,
1735 2680 1776 2738 ut
1789 2643 1926 2738 diutius
1939 2670 2148 2757 consistant,
2172 2695 2267 2764 quae

101 2839 104 2850 .
235 2777 334 2848 tione
365 2776 539 2845 discentes
569 2772 609 2842 in
640 2782 816 2840 certorum
838 2767 1050 2858 scriptorum
1071 2764 1224 2836 lectione
1275 2778 1460 2856 propterea
1492 2764 1643 2858 perfecte
1674 2768 1782 2838 mixta
1825 2769 2068 2860 appellantur,
2108 2797 2266 2867 quorum

237 2877 420 2950 continere
445 2875 610 2960 student,
643 2871 772 2966 quibus
795 2895 863 2943 nos
893 2872 993 2941 decet
1020 2877 1224 2939 reverenter
1274 2866 1343 2934 alia
1373 2889 1517 2956 prorsus
1555 2879 1638 2936 sunt
1672 2867 1790 2938 omnis
1825 2871 1917 2940 vitae
1951 2875 2124 2964 expertia,
2171 2899 2267 2968 quae

237 2980 493 3071 obtemperare.
1275 2963 1426 3060 ἄψυχα,
1446 2967 1607 3038 inanima
1627 2966 1813 3056 dicuntur,
1838 2985 1879 3042 ut
1901 2987 1987 3044 suot
2006 2975 2162 3068 lapides,
2187 3000 2268 3050 mc-

338 3077 389 3151 Ut
410 3090 527 3150 autem
544 3069 655 3144 buius
675 3067 791 3140 libelli
808 3064 970 3137 Pliniani
991 3064 1097 3136 lectio
1121 3063 1224 3134 vobis
1274 3068 1379 3152 talla,
1409 3090 1577 3156 gemmae.

238 3182 372 3275 gratior
392 3179 470 3264 frat,
494 3173 703 3269 paucissima
722 3172 766 3240 de
788 3168 897 3240 totius
920 3167 1036 3259 operis
1060 3179 1094 3236 et
1114 3160 1224 3235 huius
1376 3167 1459 3238 Alia
1481 3168 1786 3263 vitalem'quidem
1811 3175 1884 3242 vim
1902 3176 2083 3268 quandam
2108 3175 2204 3250 intra
2228 3205 2267 3252 se

236 3283 383 3356 secundi
403 3279 490 3350 libri
511 3299 648 3348 summa
672 3275 803 3345 dicam:
841 3282 960 3361 postea
983 3269 1153 3360 quaedam
1179 3269 1224 3336 de
1276 3262 1427 3354 babent,
1457 3293 1527 3363 qua
1545 3271 1807 3350 ⁴nutrimentum
1832 3278 2047 3348 conveniens
2068 3277 2267 3370 attrahunt,

237 3396 361 3457 autore
374 3383 450 3474 ipso
467 3381 630 3463 afferam,
654 3389 695 3448 ut
709 3373 797 3444 solet
812 3371 851 3441 in
866 3365 1094 3441 inchoatione
1108 3391 1222 3438 novo·
1276 3382 1310 3439 et
1336 3393 1411 3441 sese
1440 3371 1479 3438 in
1507 3395 1629 3441 omnes
1651 3388 1767 3464 partes
1789 3381 1979 3448 crescendo
2002 3383 2200 3454 extendunt
2225 3411 2266 3456 ae

238 3511 320 3560 rum
342 3486 519 3554 librorum
541 3480 627 3550 lieri.
679 3476 881 3558 Postremo,
913 3472 944 3541 si
967 3485 1106 3561 tempus
1126 3470 1224 3554 feret,
1275 3471 1446 3555 dilatant,
1485 3495 1526 3542 ac
1547 3495 1667 3542 semen
1688 3475 1834 3567 aliquod
1858 3481 2082 3570 producunt,
2121 3508 2164 3556 es
2190 3511 2268 3580 quo

238 3591 366 3660 addam
387 3585 561 3680 quaedam
585 3583 629 3652 ed
654 3574 1018 3649 commonefaciendos
1035 3571 1224 3656 auditores,
1276 3573 1431 3642 eiusdem
1452 3573 1582 3663 speciei
1603 3573 1672 3643 alia
1700 3578 1816 3645 enasci
1842 3580 2000 3668 possints
2033 3585 2097 3654 sed
2112 3599 2215 3658 metu
2231 3602 2267 3659 et

239 3690 397 3779 exemplo
413 3685 546 3758 autoris
562 3679 688 3765 huius,
713 3691 755 3749 ut
770 3701 846 3746 eam
861 3686 1040 3767 praestent
1055 3672 1224 3742 sedulita-
1276 3697 1380 3746 sensu
1407 3688 1548 3758 carent,
1580 3673 1732 3768 ideoque
1753 3672 1907 3772 ἔμψυχα
1930 3684 2076 3775 quidem
2093 3701 2128 3758 et
2144 3683 2266 3785 φυτὰ,

239 3805 310 3862 tem
326 3791 362 3858 in
385 3788 512 3858 studiis
530 3783 619 3868 suis,
644 3805 751 3875 qoam
778 3790 812 3848 et
834 3776 923 3847 ulios
944 3773 1098 3846 audierit
1120 3769 1223 3842 adbi-
1276 3770 1343 3844 hoc
1366 3784 1437 3858 est,
1476 3775 1633 3847 animata
1658 3789 1693 3846 et
1717 3777 1877 3870 plantae,
1910 3785 1972 3852 sed
1998 3789 2160 3860 nondum
2183 3785 2267 3877 ζῶα

238 3893 373 3969 boisse,
399 3883 577 3960 ethorum
596 3899 793 3973 temporum
810 3879 901 3948 ratio
918 3877 1062 3964 flagitat.
1276 3889 1457 3949 vocantur.
2079 3875 2085 3904 '

343 3989 480 4062 Totum
504 4007 594 4076 opus
624 3983 756 4066 Plinii,
801 3982 895 4071 quod
924 3977 1084 4048 continet
1111 3973 1223 4045 libros
1377 3975 1570 4049 Perfectius
1584 3977 1712 4052 vivunt
1727 4003 1787 4068 ea,
1811 4007 1901 4075 quae
1918 4000 2059 4076 praeter
2077 3990 2267 4062 nutriendi

240 4090 436 4175 XXXVII,
464 4088 608 4160 titulum
631 4079 754 4154 habet:
789 4079 949 4152 Historia
969 4079 1116 4158 mundi,
1149 4077 1224 4147 sive
1276 4079 1349 4148 vim
1372 4079 1478 4149 ctiam
1501 4102 1642 4150 senatun
1666 4094 1702 4151 et
1723 4096 1859 4154 motum
1887 4082 2040 4171 habent,
2073 4114 2163 4184 quae
2187 4090 2264 4164 iam

239 4195 399 4269 Historia
418 4188 601 4262 naturalis.
652 4183 748 4274 Quia'
763 4183 880 4254 voluit
894 4180 1034 4252 Plinius
1049 4177 1224 4252 Romanis
1276 4175 1372 4267 ζῶα,
1397 4180 1563 4251 animalia
1579 4181 1771 4269 dicuntur,
1795 4209 1949 4280 quorum
1963 4211 2037 4264 una
2056 4194 2260 4283 speciesra·

239 4299 313 4370 suis
335 4299 374 4368 in
396 4291 465 4366 hoe
489 4313 596 4383 opere
617 4299 792 4379 exponere
814 4284 979 4356 universa
1010 4282 1092 4362 illa,
1133 4305 1225 4374 quae
1275 4282 1373 4354 tione
1387 4284 1627 4373 estpraedita,
1653 4309 1760 4378 quarn
1774 4288 1923 4360 facultas
1943 4296 2118 4364 sermonis
2133 4307 2169 4366 et
2190 4292 2264 4368 alia

241 4398 370 4472 Gracci
384 4397 572 4486 scriptores
587 4388 790 4480 ingentibus
806 4400 839 4456 et
852 4411 941 4478 pene
955 4383 1104 4456 infinitis
1120 4381 1224 4452 libris
1275 4385 1447 4478 quaedam
1467 4385 1674 4458 excellentia
1702 4389 1795 4458 dona
1825 4391 2050 4465 comitantur.
2116 4394 2263 4470 Caetera

239 4505 283 4572 de
299 4500 435 4572 mundo
456 4497 553 4586 ipso,
573 4506 608 4564 ct
629 4491 790 4583 partibus
810 4489 886 4564 cius
908 4485 1124 4578 praecipuis,
1150 4483 1223 4555 imo
1276 4485 1462 4571 animalia,
1493 4511 1583 4582 quac
1605 4490 1764 4573 ratione,
1797 4491 1949 4586 ideocpre
1969 4497 2077 4566 etiam
2098 4518 2265 4570 ammone

242 4598 489 4675 minutissimis
503 4617 663 4688 qnoque,
687 4592 828 4662 scitust
849 4590 1093 4660 observatione
1115 4586 1224 4675 digna
1276 4588 1518 4660 destituuntur
1539 4588 1677 4688 ἄλογα,
1706 4592 1808 4662 bruta
1831 4610 2015 4670 vocantur.
2075 4593 2196 4693 Atque
2210 4601 2264 4674 ita

243 4705 481 4784 tradiderunt,
514 4697 606 4767 sicut
623 4693 796 4784 gloriatur
818 4692 911 4780 ipse,
951 4713 988 4758 sc
1014 4713 1056 4760 ex
1081 4701 1223 4759 centum
1275 4691 1365 4761 fiuut
1378 4691 1536 4784 quinque
1551 4691 1744 4762 mixtorum
1758 4696 1899 4784 gradem,
1914 4721 2067 4792 quornm
2081 4701 2174 4770 alius
2188 4689 2263 4773 alio

244 4804 488 4896 scriptoribus,
513 4796 674 4889 perlectis
688 4817 810 4864 corum
830 4792 886 4862 bis
906 4790 1005 4860 mille
1027 4790 1224 4861 volumini·
1274 4791 1499 4884 perfectiores
1513 4815 1568 4882 res
1581 4794 1752 4869 continet.
1802 4793 1944 4868 Primus
1958 4795 2068 4874 habet
2080 4797 2262 4900 μετέωρα.

245 4907 336 4990 bus,
354 4901 438 4974 haec
458 4902 497 4970 in
512 4923 624 4972 unum
644 4892 817 4987 hocopus
833 4905 1078 4986 comportasse.
1131 4889 1224 4963 Usus
1275 4893 1459 4965 Secundus
1472 4889 1619 4990 ἄψυχα.
1658 4893 1803 4969 Totius
1818 4896 1931 4994 pared,
1959 4904 2110 4993 plantas.
2140 4901 2262 4992 Quar-

244 5020 298 5078 est
320 5019 436 5078 autem
455 5003 494 5070 in
515 5015 612 5072 tanta
630 4997 800 5070 varietate
817 5011 851 5068 et
866 4995 1123 5088 propemodum
1141 4993 1224 5062 iuli·
1274 5007 1331 5066 tus
1348 4989 1426 5082 ζῶα
1440 4992 1570 5097 ἄλογα,
1592 4998 1709 5072 bruta.
1758 4997 1916 5089 Quintus
1931 4999 2095 5102 λογικὸν,
2113 5007 2261 5094 animal,

243 5109 353 5186 nitate
375 5129 494 5176 rerum
516 5104 818 5187 annotandarum,
850 5099 976 5168 ordine
998 5097 1150 5190 optimo,
1181 5120 1224 5165 ex
1274 5093 1468 5175 homiuem.
1940 5124 1951 5136 ·
2174 5186 2181 5198 Ι

140 5223 145 5230 ’
199 5264 204 5275 .
242 5233 314 5304 quo
330 5207 407 5300 ipso
420 5202 577 5276 hominis
591 5203 763 5272 excellens
779 5200 961 5294 ingenium
984 5212 1019 5269 et
1040 5195 1223 5287 diligentia
1376 5199 1480 5272 Hanc
1496 5199 1782 5274 distributionem
1798 5227 1916 5278 rernm
1940 5205 1978 5276 iu
1997 5221 2143 5297 natura,
2168 5235 2261 5306 qnae

243 5309 422 5382 aestimari
438 5318 562 5398 potest.
611 5299 678 5373 Est
696 5305 791 5373 enim
812 5303 948 5375 ordinis
962 5297 1162 5370 observatio
1182 5297 1222 5368 in
1274 5317 1358 5378 sunt
1371 5327 1519 5396 corpora
1543 5317 1578 5374 et
1599 5303 1726 5373 mundi
1749 5318 1863 5396 partes
1886 5311 2091 5398 sensibiles,
2115 5313 2261 5388 intuens

238 5413 339 5485 omni
354 5408 492 5509 actione
508 5405 716 5502 praecipuus
731 5405 865 5496 ingenii
878 5428 919 5477 ac
932 5401 1057 5475 iudicii
1070 5401 1189 5478 index.
1274 5401 1435 5494 Plinius,
1455 5404 1617 5476 omnium
1633 5429 1754 5479 earnm
1770 5423 1914 5482 naturas
1927 5425 1963 5485 et
1976 5413 2071 5487 vires
2084 5416 2262 5510 explicare

196 5751 307 5800 A
