4706 5818
79 271 183 354 105⁷
613 234 616 242 ’
640 287 669 360 ι.
722 285 1015 366 cuaoutcou
1040 293 1292 377 cantouts.
1342 285 1470 378 raas
1496 283 1544 379 u.
2006 307 2103 382 sose

79 445 246 544 concepit
267 452 464 545 potiturum
487 475 524 525 ss
553 470 586 528 et
616 459 767 531 muliere
786 455 1012 535 Rosimunda
1036 479 1070 537 et
1118 467 1220 541 duxit
1243 469 1353 541 liliam
1378 470 1471 560 regis
1489 468 1710 544 Bavarorum
1726 472 1915 548 Garibaldi
1932 467 2101 550 Tlseude-

80 551 405 642 Langobardorum
420 555 601 644 societate,
627 583 733 654 quam
760 565 906 655 adeptus
924 563 1008 637 velit
1031 587 1068 636 se
1117 569 1252 638 lindam
1271 571 1481 644 celebratam
1499 596 1519 642 a
1537 570 1712 664 Gregorio
1737 601 1885 668 magno,
1913 603 2003 673 quae
2018 604 2113 650 cum¹

81 656 274 725 nominare
302 677 419 741 regem
444 654 583 743 ltaliae,
616 664 803 754 persuadet
830 666 994 752 mulieri,
1027 679 1078 737 ut·
1117 671 1173 760 pic
1189 687 1391 757 agnosceret
1407 686 1441 744 et
1456 673 1584 745 coleret
1598 673 1793 748 Dominu'm
1809 678 2097 752 nostrumlesum

80 777 262 826 venenum
285 758 345 829 det
359 753 626 845 Helmeclrildo,
651 763 754 868 eique
779 765 953 854 promittit
980 793 1067 838 con·
1115 767 1309 857 Christum,
1334 773 1412 843 viro
1429 775 1472 843 ad
1487 775 1662 846 iusticiam
1678 791 1711 849 et
1724 779 1820 870 pacis
1836 781 1995 852 studium
2011 775 2099 851 hor-

78 855 230 944 iugium.
282 853 348 928 llla
363 860 508 949 praebet
524 863 651 932 marito
676 866 868 954 egredienti
883 891 923 936 ex
938 869 1065 938 balasco
1115 873 1220 942 tatrix
1243 875 1323 945 fnit.
1374 873 1444 946 Sed
1469 897 1543 943 non
1569 877 1738 948 diuturna
1761 879 1833 952 tuit·
1853 877 2098 970 haecLongo-

77 977 279 1044 venenum,
304 961 401 1050 quod
419 981 497 1028 eum
513 958 820 1047 avidehausisset,
845 970 976 1040 veneni
992 970 1064 1039 vim
1115 974 1306 1044 bardorum
1330 975 1580 1066 tranquillitas.
1639 975 1730 1048 Nam
1753 975 1936 1052 Autharus
1959 1005 2096 1051 veneno

76 1057 238 1128 sentiens
271 1057 365 1148 cogit
400 1055 661 1133 Rosimundam
694 1067 873 1161 reliquum
907 1065 1064 1150 haurire,
1114 1075 1286 1147 extinctus
1303 1097 1377 1146 esse
1393 1075 1514 1146 Ticini
1532 1077 1710 1154 scribitur.

75 1179 173 1249 quae
187 1159 293 1228 sirnul
310 1183 393 1230 cum
408 1157 656 1233 Helmeclrildo
674 1168 825 1238 extincta
848 1182 910 1240 est.

186 1257 227 1328 ln
253 1247 449 1330 hac'brevi
475 1251 622 1332 historia
653 1270 762 1338 multa
788 1282 873 1341 sunt
910 1269 1064 1360 insignia

74 1359 259 1452 exempla,
282 1361 414 1450 singuli
436 1384 581 1432 snorum
607 1368 779 1438 scelerum
803 1394 934 1460 poenas
955 1374 1064 1441 dede·

73 1471 181 1532 runt:
205 1458 284 1532 Rex
301 1458 499 1547 Alboinus,
525 1466 656 1536 mulier
672 1467 877 1560 perfidiosa',
904 1485 937 1541 et
953 1472 1062 1541 mini-

74 1575 149 1630 ster
165 1561 329 1630 mulieris
347 1563 561 1652 perfidiosae.
613 1565 711 1640 Haec
728 1572 872 1643 suerunt
888 1574 989 1644 initia
1007 1597 1062 1643 re-

73 1661 138 1752 gni
155 1660 415 1750 Langobardici
432 1665 469 1732 in
488 1661 600 1744 ltalia.

183 1757 373 1832 Secundus
401 1787 462 1834 rex
484 1761 803 1856 Langobardorum
827 1767 980 1871 Glepdes
1003 1799 1060 1846 re-

74 1862 201 1951 gnavit
227 1887 362 1934 anniam
386 1887 499 1936 unum
523 1881 559 1940 at
578 1891 637 1939 sex
661 1893 815 1958 menses,
842 1877 957 1947 statim
983 1890 1060 1970 post

74 1964 303 2034 interfectum
321 1966 518 2036 Alboinum
536 1968 685 2052 electus,
714 1974 812 2062 pulsa
830 1977 979 2066 coniuge
993 1973 1061 2046 Al-

75 2064 194 2138 boini.
248 2064 362 2137 Multa
381 2064 500 2138 ltaliae
518 2071 648 2162 oppida
672 2077 873 2165 occuparit,
895 2081 954 2148 sed
979 2101 1059 2147 cum
1255 2144 1293 2162 ,,
1402 2140 1411 2158 .
1948 2145 1957 2160 .
2058 2141 2100 2158 ‚a

76 2165 111 2232 in
129 2165 1060 2254 subditosetdomesticoscrudelisesset,interiectus
1210 2145 1319 2214 ¹⁰¹²¹⁰
1344 2134 1805 2232 1³28¹¹⁰¹Ph¹¹⁸l³³⁶⁸¹¹¹‘¹¹¹¹‘
1830 2139 1977 2240 ninus
2001 2143 2095 2224 sem·

75 2277 129 2333 est
144 2285 165 2332 a
182 2263 263 2333 vira
287 2268 494 2359 praecipuae
514 2268 731 2353 nobilitatis,
756 2271 817 2360 qui
844 2271 884 2365 in
907 2272 983 2340 eius
1005 2272 1061 2339 la·
1109 2239 1171 2334 (lui
1187 2252 1220 2310 ⁹¹
1236 2238 1395 2330 ⁰³P¹3V⁰⁸
1409 2243 1653 2357 ”ddidffllni-
1701 2239 1790 2360 Μῼῑ
1802 2255 1837 2366 ‘l
1851 2243 1891 2312 5¹¹
1905 2267 1969 2315 ³⁰⁰
1984 2266 2095 2332 ¹²81¹0

76 2363 179 2432 milia
200 2365 279 2437 fuit.
329 2364 416 2437 Post
436 2369 512 2439 eius
541 2383 690 2439 mortem
721 2371 964 2462 interregnum
991 2370 1060 2442 fuit
1108 2344 1217 2460 §¹⁰⁰³
1236 2340 1385 2410 “heum
1401 2351 1629 2429 ⁰⁰¹¹¹P⁶⁸⁰¹¹¹¹·
1675 2343 1774 2416 Fffli
1788 2356 1823 2415 0²
1838 2367 1918 2414 Μ
1929 2337 2096 2420 E¹³1⁶h⁰

74 2486 194 2534 annos
209 2466 357 2549 'dacem
389 2465 429 2535 in
450 2489 524 2559 quo
547 2468 691 2557 arigim,
720 2473 828 2542 gut„
850 2472 1060 2566 ,pqmngpu
1108 2441 1280 2516 rnducias.
1347 2434 1515 2510 Ecclesiis
1554 2439 1717 2528 adempta
1758 2445 1897 2514 restitui
1939 2445 2094 2516 curavit:

74 2565 250 2635 mediocri
266 2567 452 2638 concordia
470 2590 544 2636 uon
558 2568 675 2638 solum
695 2593 770 2640 eam
786 2568 1060 2664 ltaliaepartem
1108 2542 1264 2615 ‘'bi’ievii
1301 2539 1505 2658 bfsbfflffl
1523 2538 1849 2658 „mlfflfffifflffls’
1867 2565 1955 2634 ‘lim
1989 2560 2094 2615 ³⁰¹⁰&

75 2680 264 2751 rexerunt,
289 2691 378 2760 quae
395 2669 495 2760 prius
515 2692 536 2739 a
556 2671 697 2742 duobus
726 2672 869 2760 regibu,
891 2684 1061 2764 occupa,
1110 2644 1339 2761 Langobardi
1370 2664 1412 2710 ex
1441 2651 1567 2756 patrus
1591 2639 1753 2710 moribus
1782 2651 2025 2759 retinuerant,
2059 2659 2095 2712 es

77 2767 164 2851 teris,
192 2768 252 2836 aad
276 2775 452 2858 progressi
473 2769 579 2840 asiam
607 2771 644 2840 3„
662 2770 863 2859 umbfigm,
888 2771 1060 2844 picenum
1108 2740 1348 2862 Christianam
1379 2741 1735 2858 doctrinamdocere
1763 2753 1917 2858 curavu,
1951 2743 2095 2836 qualem

77 2881 112 2936 et
126 2867 361 2960 Campaniam
377 2871 488 2941 malea
503 2871 633 2964 oppid,
648 2886 886 2966 occupatum,
912 2888 947 2946 ,g
964 2874 1060 2944 gin,
1110 2843 1306 2934 Gregorius
1320 2840 1509 2914 Romanus
1527 2838 1726 2932 Episcopus
1741 2843 2012 2933 praescribebat.

76 2970 221 3060 ptiones
239 2991 383 3058 magnas
400 2992 577 3042 sacrarum
599 2986 634 3044 et
650 2971 916 3066 prophanamm
939 2997 1059 3046 rerum
1210 2973 1300 3049 Gurn
1315 2986 1433 3044 antem
1449 2965 1632 3043 Exercitus
1649 2970 1842 3045 Callinicus
1852 2972 2095 3092 Parmamce-

76 3071 251 3152 bearunt,
276 3083 420 3158 propter
433 3093 520 3164 quas
533 3075 707 3148 nominati
724 3090 808 3147 sunt
823 3077 932 3148 reteri
943 3099 1060 3147 mens-
1110 3079 1237 3171 pisset,
1261 3091 1295 3148 et
1317 3075 1403 3145 iude
1424 3073 1534 3144 filiam
1559 3067 1743 3166 Egilolphi
1767 3087 1948 3193 natarum
1972 3085 2095 3193 priore

77 3165 327 3263 ploTrigiata
336 3165 523 3263 Tyranni.
548 3172 698 3246 Neediu
712 3177 780 3248 luit
794 3178 1061 3250 iutereuscon·
1110 3175 1297 3268 coniugia,
1329 3189 1364 3247 et
1390 3175 1468 3246 eins
1485 3173 1654 3244 maritum
1676 3175 1900 3292 abduxisset,
1932 3188 2094 3248 irritatus

78 3268 223 3354 cordia,
246 3272 499 3342 sicutdieitur:
527 3269 766 3370 οὐκᾶγαθὸν
785 3273 1062 3370 πολυκοιρανίη.
1110 3295 1208 3351 tanta
1237 3276 1388 3360 iniuria,
1419 3287 1454 3346 et
1483 3275 1698 3346 liberaturus
1728 3271 1839 3347 fitam
1863 3289 1896 3346 et
1924 3297 2096 3393 genpnun

78 3367 218 3442 Defecit
238 3373 284 3440 ad
297 3371 501 3460 Longinum
518 3371 723 3442 Exercitum
744 3397 838 3444 unus
853 3397 894 3444 ex
915 3376 1062 3466 triginta
1110 3375 1323 3468 Egilolpbas
1339 3376 1473 3444 bellom
1492 3377 1660 3444 adversus
1679 3371 1881 3446 Exercitum
1896 3389 2035 3458 morat,
2059 3393 2094 3446 es

78 3469 379 3565 Suevusnomine
393 3468 544 3543 Dotrula
561 3495 640 3543 cum
654 3474 798 3566 oppidis
820 3495 910 3567 quae
933 3475 1062 3555 tenuit,
1110 3479 1268 3570 primum
1295 3477 1339 3544 ad
1364 3475 1489 3578 urbem
1512 3471 1698 3544 Patavium
1728 3476 1892 3558 necessit,
1924 3473 1964 3541 in
1985 3497 2093 3567 quam

79 3572 142 3664 qui
166 3571 323 3644 vicinum
346 3596 460 3645 unum
482 3597 524 3644 ex
546 3571 690 3663 triginta
713 3567 931 3647 Feroaldurn
960 3577 1064 3667 cepit,
1112 3599 1192 3650 cum
1215 3579 1308 3647 laces
1336 3575 1467 3645 multas
1491 3572 1662 3643 iaculatus
1695 3587 1802 3660 esset,
1841 3594 1966 3662 magna
1994 3587 2094 3692 perpe

79 3685 113 3742 et
130 3672 264 3744 oceidit
278 3674 466 3766 profligata
486 3675 652 3766 exercitu.
739 3687 743 3699 ’
874 3723 877 3728 -
1113 3677 1355 3750 aedificiorum
1375 3675 1540 3744 incendio
1554 3686 1782 3765 consumpta,
1805 3673 1895 3746 faeta
1914 3677 2092 3792 estdeds-

180 3774 226 3844 In
242 3766 309 3846 hac
321 3771 467 3846 historia
480 3776 690 3846 nominatim
703 3771 949 3848 thaxanum
962 3799 1064 3848 men-
1111 3782 1175 3853 tio.
1229 3777 1336 3868 Quod
1360 3776 1536 3869 reliquum
1557 3774 1624 3844 fuit
1653 3774 1752 3843 urbis
1777 3772 1934 3845 dimissis
1954 3777 2095 3892 civibus

83 3875 151 3959 tio,
176 3873 241 3969 qni
256 3867 499 3949 cuminissent
514 3873 1063 3967 inbongoaaraomm'emeiau,
1112 3883 1334 3954 combustum
1367 3892 1418 3949 cst
1456 3899 1551 3946 anun
1587 3874 1777 3946 centesimo
1804 3889 1839 3946 et
1869 3889 2095 3994 octogesimo,

82 3979 352 4065 aegreferentes
376 4001 500 4048 eorum
524 3979 803 4051 dominationem
825 3979 1009 4051 redierunt
1024 3979 1062 4049 in
1112 3997 1297 4076 postquam
1312 3980 1358 4050 ab
1375 3976 1486 4050 Attila
1510 3976 1624 4046 luerat
1645 3975 1772 4050 deleta.
1819 3975 1961 4050 Rursus
1984 3977 2095 4066 igitur

1214 1201 1383 1304 Quartus
1419 1233 1480 1280 rex
1508 1205 1828 1301 Langobardorum
1859 1205 2095 1308 Egilalplsas
2154 1191 2172 1210 ⁴

1112 1324 1282 1402 cognatus
1306 1305 1477 1397 duthari,
1509 1312 1670 1402 regnavit
1695 1336 1811 1384 annos
1836 1315 1986 1407 viginti,
2015 1339 2096 1384 cum

1112 1414 1183 1482 dux
1210 1411 1443 1482 Taurinensis
1475 1426 1581 1499 esset,
1621 1413 1777 1484 delectus
1807 1427 1858 1486 est
1882 1439 1903 1487 a
1928 1409 2096 1485 Theude·
2159 1417 2161 1422 ’

1111 1513 1211 1583 linda
1232 1515 1274 1582 ad
1298 1513 1500 1602 coniugium
1526 1526 1560 1583 et
1585 1537 1751 1604 regnum,
1791 1516 1873 1608 quia
1897 1528 1996 1587 tanta
2026 1515 2096 1584 tuis
2169 1535 2172 1543 “

1111 1610 1381 1684 Thendelindae
1404 1613 1533 1699 virtus,
1567 1629 1607 1688 ut
1629 1613 1858 1706 Langobardi
1881 1617 2097 1698 dubitantes,

1110 1738 1216 1806 quem
1260 1715 1448 1805 eligerent,
1495 1715 1643 1786 arbitria
1682 1717 1808 1788 viduae
1850 1715 2097 1808 permitterent

1111 1815 1330 1890 electionem.
1404 1813 1501 1888 Haec
1531 1811 1725 1908 Egilolpho
1754 1832 1789 1889 et
1823 1817 2029 1905 coniugium
2060 1827 2096 1883 et

1109 2027 1226 2104 postea
1242 2010 1280 2080 in
1303 2031 1411 2098 regno
1429 2007 1614 2090 successit,
1639 2020 1672 2077 et
1688 2005 1878 2099 Gutbirga.

1108 1940 1255 2002 regnum
1272 1915 1420 2002 obtulit,
1446 1930 1479 1988 et
1496 1916 1569 1987 nati
1585 1933 1669 1988 suut
1682 1944 1723 1988 ex
1738 1917 1788 1988 eis
1804 1916 2005 1996 Adoaldus,
2032 1914 2095 2003 qui
2149 1983 2158 1998 ,
2212 1918 2215 1932 '

82 4079 233 4166 patriam
249 4078 396 4150 adiutis
417 4101 499 4168 rege
514 4077 686 4152 Francico
701 4075 908 4176 Sigeberto‚
932 4096 968 4152 et
987 4105 1061 4151 non
1112 4107 1238 4175 magna
1255 4081 1452 4153 multitudo
1466 4078 1552 4148 inde
1566 4077 1726 4165 migrans
1736 4077 1835 4149 anxit
1845 4077 2015 4150 Venetam
2028 4103 2095 4147 ur·
2233 4113 2235 4118 v

83 4178 161 4248 sine
183 4177 319 4271 magnis
347 4180 489 4268 praeliis
518 4193 671 4252 veterem
703 4183 854 4272 patriam
875 4183 1063 4275 recupera·
1111 4186 1204 4260 bem.
1254 4181 1379 4254 Postea
1393 4178 1606 4251 Cremonam
1630 4177 1771 4249 delevit.
1806 4176 1968 4296 'Mantua
1989 4179 2092 4295 dedi·

83 4293 222 4354 verunt.
274 4277 368 4368 Quia
383 4277 503 4366 Saevi,
528 4281 564 4350 id
581 4297 645 4366 est,
673 4282 971 4354 Pomeraniinea
986 4283 1062 4356 loca
1111 4287 1211 4358 tione
1223 4297 1360 4355 servata
1374 4294 1446 4365 est,
1473 4280 1534 4347 sed
1550 4280 1683 4350 nudata
1697 4279 1897 4397 maenibus,
1946 4273 2092 4348 Deinde

83 4381 305 4454 transierant.
356 4377 441 4450 Ideo
458 4379 686 4472 Langobardi
702 4386 834 4454 bellum
850 4382 992 4456 Galliae
1006 4384 1068 4456 ri-'
1111 4387 1221 4458 totius
1235 4383 1359 4457 Italiae
1372 4379 1563 4496 imperium
1585 4401 1729 4471 sperans
1749 4391 1943 4452 exercitum
1967 4381 2012 4450 ad
2028 4403 2092 4448 ur·

84 4481 184 4551 cinae
201 4479 424 4553 Narbonensi
440 4483 652 4556 intulerunt.
704 4483 746 4554 ln
765 4481 821 4557 bis
842 4485 1064 4558 difficultati·
1110 4490 1193 4558 bem
1217 4483 1371 4559 Romam
1402 4482 1569 4563 adduxit,
1609 4502 1715 4572 quam
1746 4483 1926 4570 integrum
1955 4503 2093 4552 annum

83 4580 152 4652 bus
173 4605 256 4652 cum
277 4584 440 4656 viderent
460 4585 569 4655 daces
606 4607 681 4654 uuo
707 4587 944 4675 gubernatore
971 4610 1061 4681 opus
1110 4601 1277 4682 perpetua
1295 4582 1481 4656 obsidione
1493 4581 1673 4669 fatigavit,
1698 4585 1759 4652 sed
1782 4583 1927 4656 tandem
1946 4591 2093 4672 propter

83 4705 179 4768 esse,
204 4706 326 4756 narsus
339 4699 549 4758 creaverunt
565 4707 693 4775 regens.
1110 4690 1220 4759 malas
1233 4697 1454 4777 tempestates
1468 4696 1503 4754 st
1524 4682 1621 4752 luem
1641 4682 1777 4800 nbrqne
1796 4695 2014 4773 grassantem
2026 4681 2090 4800 ὡς.
2142 4775 2146 4782 1

185 4777 224 4854 T
223 4783 336 4856 ansas
349 4811 410 4856 rex
424 4785 743 4879 Langobardorum
752 4780 947 4859 Autharas
967 4789 1062 4860 filius
1111 4789 1212 4861 duait
1238 4786 1448 4867 exercitum,
1487 4783 1732 4901 deprecatione
1776 4784 1883 4855 etiam
1922 4783 2092 4871 Gregorn

84 4881 247 4977 Clepbis,
272 4887 434 4978 regnavit
447 4911 561 4961 nuos
574 4911 653 4968 sex,
676 4887 799 4958 ωἱιὶοτ
813 4903 931 4980 patre,
955 4904 991 4962 st
1005 4891 1063 4962 iu·
1109 4887 1278 4982 Episcopi
1294 4884 1452 4961 Romani
1466 4896 1602 5003 motos,
1627 4907 1692 4978 qne
1704 4885 1920 5005 perfecerat,
1939 4881 2115 5004 utSmas

85 4987 172 5058 stior
189 4987 228 5056 in
244 4986 521 5079 gubernatione,
545 4986 701 5062 conditis
712 4987 853 5078 legibus
870 4991 968 5062 inter
978 5013 1063 5063 suos
1111 4995 1241 5084 ragdos
1256 4981 1441 5061 Euarchus
1454 4997 1655 5056 restitueret
1670 4997 1705 5056 et
1726 4977 1837 5105 liliam
1863 4995 1898 5054 et
1919 5005 2091 5100 generum

86 5085 268 5162 latrocinia
282 5081 480 5181 prohibuit.
508 5087 674 5187 Cumque
686 5103 892 5181 recuperato
903 5089 1063 5164 Brixello
1110 5099 1147 5164 et'
1167 5095 1292 5164 urbem
1313 5087 1491 5160 Parmam.
1554 5081 1712 5203 Ροωιιιι
1738 5089 1880 5158 roduna
1899 5086 2091 5176 despondit

86 5181 272 5263 Dotmlam
288 5189 446 5263 Saevum
469 5191 675 5281 expedisset,
708 5191 903 5281 lugientem
915 5189 1063 5265 Raven-
1111 5195 1188 5265 lilio
1201 5213 1349 5264 uxorem
1366 5188 1480 5260 liliam
1494 5207 1587 5305 regas
1606 5181 1848 5305 Francscrget
1867 5209 1988 5302 pacem
2009 5207 2091 5254 curn

89 5311 185 5374 nam,
210 5291 371 5362 inducias
387 5287 563 5362 feritcurn
579 5287 745 5363 Exarcbo
759 5292 971 5383 Smaragdos
999 5317 1063 5386 pa-
1111 5291 1228 5366 l’hoca
1243 5294 1456 5384 imperatore
1477 5288 1577 5373 laert,
1600 5307 1671 5382 qna
1694 5301 1887 5364 conlatata
1904 5286 2091 5378 aliquanto

87 5410 158 5461 cem
187 5393 397 5468 etiam'lccit
418 5413 499 5466 cum
532 5415 612 5484 rege
641 5391 834 5466 Francico:
875 5393 1062 5486 coniugem
1111 5409 1190 5488 post
1204 5393 1368 5466 mortuus
1381 5403 1445 5468 est.
