4604 5804
166 209 240 286 ero
341 191 343 194 ’
404 197 716 314 scelerare.
742 200 951 324 uuusu
977 199 1366 284 assuerum
1417 185 1955 285 ranossru'orsurrs.
2123 203 2207 279 sao

172 360 356 452 Gracchus
371 375 509 447 addidit
525 373 731 446 turbulenta
758 362 924 458 consilia,
950 387 985 448 et
1008 389 1155 464 conten·
1207 378 1345 449 civibus
1370 365 1601 448 divideretur.
1658 371 1822 468 Denique
1844 389 1968 448 contra
1990 375 2086 466 leges
2109 399 2201 468 pro-

172 486 270 553 tione
289 478 463 550 discordia
482 477 612 560 crevit,
637 475 827 566 pluresque
848 498 972 544 causae
994 475 1155 546 cumula·
1207 501 1332 568 rogare
1349 475 1676 566 sibiMagistratum
1694 490 1840 548 conatus
1858 490 1921 553 est.
1972 472 2027 548 Ila
2040 498 2099 546 res
2112 501 2199 546 cum

97 581 104 598 ⁴
172 598 228 655 tae
254 595 353 661 sunt,
388 573 677 654 sieutHomems
704 575 748 642 de
770 574 850 644 Lite
873 575 1006 669 inquit:
1040 573 1157 647 Parva
1206 579 1356 672 speciem
1380 573 1525 650 haberet
1545 575 1785 670 tyrannicam,
1810 577 1960 649 Senatui
1983 578 2076 648 iusta
2090 599 2197 648 causa

172 697 270 754 metu
285 683 417 774 primo,
442 701 524 747 mox
542 699 615 745 sese
634 674 762 746 attollit
782 675 821 742 in
841 699 964 758 auras,
996 675 1156 766 ingredi·
1207 681 1281 749 visa
1304 691 1372 760 est,
1398 678 1506 747 armis
1527 676 1752 769 opprimendi
1770 677 1959 748 Tiberium
1976 672 2198 749 Gracchum.

173 801 301 876 turque
321 783 416 866 solo,
455 791 490 848 et
512 787 619 868 caput
639 775 734 844 inter
756 774 881 844 nubila
911 777 1044 846 condit.
1108 771 1157 848 Et
1206 775 1255 850 Et
1269 779 1340 849 iarn
1358 790 1430 850 tota
1449 776 1549 848 ltalia
1563 777 1782 850 movebatur.
1832 775 2086 852 ldeoSenatus
2109 773 2197 848 hor-

174 907 276 975 saepe
317 884 411 952 bona
453 901 557 948 cansa
596 875 688 944 male
727 877 863 964 agendo
905 874 1157 968 corrumpitur.
1209 893 1303 952 tatur
1324 877 1483 949 Mutium
1506 876 1688 949 Scevolam
1703 875 1922 964 Consulem,
1950 891 1992 948 ut
2012 902 2112 949 arma
2134 903 2197 948 ca·

175 984 294 1073 Quare
311 976 693 1052 dicituraSalomone:
718 973 825 1063 Quod
843 976 975 1049 iustum
992 991 1045 1049 est
1065 977 1156 1048 iuste
1206 981 1283 1073 piat
1297 981 1342 1050 ad
1359 979 1554 1050 sedandum
1572 978 1777 1048 tumultum.
1836 978 2008 1068 Quicum
2025 979 2140 1050 nollet
2156 981 2197 1048 in

174 1084 408 1176 persequaris.
554 1120 557 1128 ·
1207 1082 1297 1152 urbe
1320 1104 1414 1150 novo
1435 1079 1594 1170 exemplo
1618 1079 1802 1170 praeliari,
1834 1079 1986 1152 Senatus
2010 1079 2086 1171 ipse
2107 1076 2199 1150 hur·

277 1183 400 1256 Sciant
414 1191 530 1252 autem
545 1177 716 1261 iuniores,
732 1175 771 1244 in
787 1176 865 1246 aliis
878 1173 1036 1249 historiis
1053 1201 1158 1268 agra·
1208 1194 1305 1255 tante
1333 1179 1500 1272 Scipione
1531 1177 1654 1248 Nasica
1684 1178 1855 1249 Pontifice
1886 1178 2065 1264 Maximo,
2112 1205 2197 1250 cum

177 1287 267 1357 riam
301 1284 414 1373 legem
444 1281 639 1370 significare
668 1277 937 1348 distributiones
964 1278 1158 1371 possessio-
1208 1279 1786 1371 maguamultitudineomicorum
1809 1280 1968 1351 ascendit
1991 1281 2030 1349 in
2046 1278 2197 1368 Capito·

176 1411 284 1462 surm,
310 1383 450 1474 inques
475 1381 561 1450 novi
583 1377 704 1449 coloni
726 1377 1062 1450 introducebantur:
1095 1381 1157 1450 sed
1214 1383 1322 1466 lium,
1363 1382 1408 1450 ad
1442 1379 1727 1450 interficiendum
1762 1378 1951 1450 Tiberium
1982 1376 2196 1454 Gracchum.

177 1489 217 1556 in
240 1484 381 1555 Tiberii
404 1478 550 1553 historia
572 1472 660 1548 lex
679 1475 837 1571 agraria
863 1479 1034 1568 significat
1056 1501 1158 1572 prae-
1209 1481 1371 1575 Cumque
1401 1481 1554 1572 populus
1584 1479 1763 1550 accedenti
1785 1479 1935 1552 Senatui
1961 1483 2118 1568 cederet,
2160 1495 2197 1554 et

106 1605 138 1648 ⁶,
179 1587 377 1656 finitionem
395 1582 535 1652 numeri
550 1603 729 1670 agrorum.
788 1577 917 1649 Fuerat
938 1580 1038 1667 enirn¹
1058 1594 1158 1650 vetus
1212 1606 1287 1654 sese
1317 1583 1495 1652 desectum
1527 1577 1696 1650 Tiberius
1730 1576 1913 1651 Gracchus
1940 1581 2014 1673 peti
2043 1583 2195 1664 videret,

177 1689 258 1766 lex,
292 1683 448 1774 Quando
463 1682 587 1754 deletis
611 1675 773 1751 hostibus
796 1680 871 1769 agri
893 1680 1028 1772 publici
1051 1680 1168 1750 divisi
1211 1683 1312 1773 fugit.
1386 1681 1457 1754 Sed
1489 1675 1681 1771 fugientem
1713 1679 1889 1752 interfecit
1915 1681 2049 1770 collega
2081 1683 2197 1774 ipsius

177 1799 297 1870 erant,
322 1784 457 1860 nemini
473 1782 605 1853 civium
619 1779 865 1852 Romanorum
883 1781 1011 1864 licebat
1034 1805 1075 1850 ex
1096 1777 1158 1854 ,his
1208 1783 1402 1857 Satureius.
1462 1781 1555 1853 Sunt
1577 1781 1693 1852 etalii
1715 1782 1858 1851 trecenti
1886 1781 1979 1852 cives
2004 1782 2196 1862 interfecti,

177 1890 376 1980 plusquam
393 1884 585 1978 quingenta
601 1881 720 1976 iugera
740 1881 933 1982 possidere.
976 1875 1158 1950 ¹Neclice-
1209 1897 1243 1955 et
1259 1905 1407 1974 corpora
1425 1882 1463 1951 in
1478 1880 1641 1952 Tiberim
1662 1881 1809 1953 abiecta.
1859 1878 1956 1951 Haec
1972 1883 2011 1950 in
2027 1883 2197 1954 civilibus

177 1991 240 2059 bat
261 1987 433 2056 divitibus
457 2005 572 2052 emere
593 2005 788 2073 pauperum
811 1981 943 2050 civium
965 2003 1085 2071 agros,
1123 1995 1159 2052 et
1209 1981 1586 2063 seditionibusRomae
1601 1982 1714 2072 prima
1730 1984 1850 2052 caedes
1865 1983 1954 2052 facta
1970 1994 2034 2052 est.
2065 1979 2196 2054 Postea

178 2089 250 2160 suis
273 2088 423 2175 addere,
450 2097 486 2156 et
506 2106 570 2175 per
594 2081 769 2172 mancipia
793 2081 929 2166 colere,
953 2104 1000 2150 ne
1024 2103 1158 2172 paupe·
1209 2097 1377 2178 sequutae
1406 2095 1490 2154 sunt
1518 2083 1631 2174 magis
1657 2095 1824 2153 cruentae
1849 2082 2051 2152 seditiones.
2112 2079 2196 2154 Etsi

179 2213 260 2260 rum
284 2187 416 2256 civium
439 2183 595 2254 familiae
620 2182 865 2271 redigerentur
888 2185 932 2251 ad
959 2194 1159 2272 egestatem,
1208 2197 1344 2270 autem,
1369 2197 1410 2254 ut
1425 2184 1578 2276 populus
1596 2183 1813 2276 placaretur,
1839 2180 1990 2254 Senatus
2012 2183 2124 2273 legem
2149 2185 2197 2254 de

181 2302 216 2358 et
231 2285 335 2358 ltalia
349 2285 544 2376 repleretur
555 2281 752 2374 peregrinis
767 2295 802 2352 et
815 2283 936 2355 servis.
1207 2286 1315 2355 modo
1341 2307 1505 2374 agrorum
1528 2283 1681 2375 recepit,
1714 2283 1867 2354 extincto
1891 2296 2037 2363 autore,
2071 2297 2193 2356 tamen

193 2459 195 2464 ,
280 2383 474 2456 Estautem
485 2379 660 2476 Iugerum
675 2383 905 2476 quadratum,
927 2382 1157 2454 cuiusunum
1207 2385 1292 2457 odio
1309 2409 1384 2454 nou
1401 2397 1486 2455 sunt
1500 2384 1664 2456 extincta.
2009 2403 2010 2408 ’
2187 2449 2196 2465 ,

178 2488 270 2556 latus
286 2501 337 2558 est
352 2499 493 2559 centum
509 2484 636 2575 viginti
651 2485 802 2576 pedum,
825 2481 959 2553 Graece
979 2480 1156 2581 πλέθρον,
1312 2483 1521 2557 interfectus
1535 2478 1588 2556 est'
1603 2483 1769 2556 Tiberius
1783 2477 1966 2554 Gracchus
1981 2507 2077 2554 anno
2091 2486 2193 2558 urbis
2284 2563 2289 2570 ,

179 2589 301 2669 idest,
328 2601 423 2658 sexta
436 2609 517 2678 pars
532 2585 650 2656 stadii.
795 2673 796 2676 Ἴ
872 2603 880 2620 ·
1207 2585 1457 2659 sexcentesimo
1474 2585 1658 2673 vicesimo,
1682 2583 1899 2656 Consulibus
1907 2583 2026 2657 Mutio
2042 2584 2194 2656 Scevola

281 2685 358 2758 Hac
390 2689 499 2758 veteri
528 2687 605 2776 lege
628 2686 786 2775 neglecta
810 2685 937 2756 divites
961 2685 1155 2757 multorum
1208 2702 1243 2759 et
1258 2686 1454 2780 Calpurnio
1470 2685 1618 2770 Pisone,
1650 2709 1730 2757 cum
1754 2686 1889 2756 abesset
1912 2683 2033 2775 Scipio
2057 2683 2192 2780 Aemy-

136 2815 139 2819 ’
181 2787 311 2858 civium
335 2810 437 2877 agros
460 2788 641 2872 emebant,
679 2808 768 2880 quos
798 2786 927 2856 deinde
952 2810 1016 2876 per
1037 2808 1158 2856 servos
1207 2790 1326 2860 lienus
1348 2791 1392 2857 ad
1419 2785 1669 2871 Numantiam,
1706 2787 1767 2881 qui
1792 2809 1872 2856 cum
1897 2786 2092 2857 audivisset
2113 2801 2191 2857 acta

181 2888 354 2959 colebant.
414 2886 471 2959 lta*
490 2889 685 2958 multorum
705 2885 836 2956 civium
860 2885 1016 2956 familiae
1038 2886 1158 2957 nullos
1208 2902 1242 2960 et
1263 2912 1384 2982 necem
1401 2886 1540 2958 Tiberii
1558 2882 1733 2972 Gracchi,
1763 2887 1913 2958 recitans
1935 2882 2087 2958 Homeri
2110 2912 2190 2956 ver-

180 2990 310 3058 fundos
324 2989 535 3060 retinebant.
587 2983 679 3058 Cum
694 2987 802 3075 igitur
818 2985 986 3056 Tiberius
1008 2987 1047 3054 iu
1072 3010 1157 3076 pro·
1207 3014 1304 3076 sum,
1331 2987 1491 3058 ostendit
1511 3010 1548 3056 se
1574 3009 1718 3082 quoque
1741 2986 1923 3057 seditiosas
1944 2987 2102 3058 actiones
2121 2987 2189 3057 lm-

180 3090 333 3158 vinciam
358 3089 653 3179 proficisceretur,
691 3087 820 3177 passim
843 3077 972 3153 in'viis
994 3109 1158 3156 occurre·
1210 3091 1378 3181 probare:

71 3261 73 3270 ,
144 3203 149 3224 “
178 3191 267 3258 bant
282 3190 314 3256 ei
329 3189 421 3257 cives
435 3212 513 3258 cum
531 3186 648 3279 parvis
663 3185 747 3254 filiis
760 3197 794 3254 et
809 3184 995 3269 matribus,
1021 3199 1056 3256 et
1070 3211 1157 3280 que·
1231 3213 1234 3218 ·
1256 3177 1298 3260 ὥς
1318 3179 1474 3248 ἀπόλοιτο
1496 3187 1551 3247 καὶ
1572 3179 1684 3261 ἄλλος,
1714 3179 1804 3260 ὅστις
1824 3185 1956 3248 τοιαῦτα
1978 3187 2014 3252 sse*
2034 3179 2132 3271 ῥέζοι.

179 3290 350 3358 rebantur
374 3310 410 3357 se
432 3289 550 3378 vagari
569 3298 741 3370 extorres,
774 3285 837 3380 qui
860 3286 1081 3374 sanguinem*
1092 3311 1155 3378 pro
1256 3277 1282 3342 1'
1283 3281 1400 3343 ardetur
1412 3283 1506 3342 abniti
1522 3301 1638 3362 P⁰⁰¹¹fls
1659 3281 1712 3362 ‘1¹1⁵
1727 3284 1799 3341 tna
1813 3280 1895 3342 tecit.

178 3388 294 3480 patria
316 3390 571 3481 profudissent,
596 3387 712 3461 teneri
736 3409 838 3474 agros
856 3412 878 3461 a
902 3387 1090 3474 divitibus,
1122 3401 1157 3458 et
1304 3389 1446 3470 Deinde
1467 3413 1547 3460 cum
1570 3388 1722 3462 Romam
1739 3389 1860 3482 Scipio
1876 3385 2111 3484 Aemylianus
2132 3415 2190 3461 re-

179 3490 344 3580 petebant
364 3504 537 3563 vetustam
559 3489 671 3580 legem
697 3483 857 3572 restitui,
891 3487 1029 3558 consuli
1051 3488 1156 3559 saluti
1207 3491 1346 3576 diisset,
1372 3504 1408 3561 et
1425 3491 1615 3562 certamina
1633 3493 1753 3561 eadem
1770 3493 1814 3560 de
1829 3511 1995 3580 agrorum
2011 3489 2190 3560 divisione

182 3589 324 3671 ltaliae,
358 3614 404 3659 ne
428 3591 589 3662 deessent
614 3589 764 3668 milites,
807 3601 841 3658 et
861 3611 905 3656 ne
922 3586 1023 3658 ltalia
1045 3589 1155 3659 servis
1205 3606 1374 3663 renovata
1396 3605 1527 3673 essent,
1554 3604 1589 3661 et
1606 3591 1829 3661 accessissent
1849 3591 1939 3660 aliae
1963 3591 2189 3662 turbulentae

178 3703 214 3760 et
228 3685 431 3780 hominibus
445 3691 604 3762 barbaris
621 3688 837 3781 impleretur.
879 3686 1000 3758 Motus
1017 3687 1155 3756 miseri·
1206 3690 1318 3780 leges,
1335 3704 1469 3783 ¹quarto
1483 3716 1578 3763 anno
1594 3705 1674 3783 post
1695 3690 1846 3762 reditum
1862 3689 2039 3786 Scipionis
2052 3688 2190 3786 Aemy·

178 3791 297 3860 cordia
306 3789 473 3862 Tiberius
485 3790 672 3882 pollicetur
685 3812 721 3858 se
736 3784 828 3857 hane
842 3811 980 3857 causam
994 3783 1154 3859 act'urum
1204 3790 1312 3877 lieni,
1338 3791 1519 3862 Tuditano
1537 3805 1572 3863 et
1587 3791 1734 3885 Aquilio
1748 3789 1982 3874 Consulibus,
2007 3813 2103 3860 anuo
2125 3815 2190 3862 ur-

178 3913 265 3963 esse.
314 3887 363 3961 Et
378 3913 537 3962 reversus
557 3913 599 3960 ex
620 3887 803 3978 provincia
827 3913 907 3958 cnm
931 3890 1043 3961 factus
1067 3904 1154 3960 esset
1204 3892 1259 3962 bis
1272 3891 1521 3963 sexcentesimo
1536 3892 1701 3962 vicesimo
1718 3906 1862 3984 quarto,
1887 3886 2190 3963 cumCarboTri-

180 3991 366 4062 Tribunus
387 3991 520 4082 plebis,
549 3991 620 4062 fert
639 3987 858 4079 rogationem
881 3990 925 4058 de
946 3991 1054 4062 veteri
1078 3992 1154 4080 lege
1203 3993 1322 4063 hunus
1338 3992 1452 4083 plebis
1468 3993 1689 4084 rogationem
1708 3992 1863 4073 tulisset,
1887 4003 1928 4062 ut
1952 3990 2073 4062 liceret
2097 4015 2189 4064 eun-

178 4091 414 4176 restitueuda,
450 4114 540 4184 quae
565 4092 709 4162 modurn
740 4110 907 4178 agrorum
933 4090 1161 4196 praescribit..
1206 4093 1287 4162 dem
1303 4085 1416 4163 creari
1425 4079 1630 4163 Tribunum
1645 4092 1760 4184 plebis
1773 4091 1911 4186 quoties
1926 4090 2041 4176 vellet,
2056 4107 2092 4164 et
2107 4115 2190 4164 sua-

178 4189 274 4263 Dieit
297 4191 605 4278 inconcionibus,
638 4191 806 4262 iniustam
826 4211 900 4258 esse
923 4191 1048 4260 ducem
1070 4214 1154 4262 ora·
1202 4195 1302 4264 deret
1332 4217 1407 4263 eam
1437 4191 1549 4283 legem
1572 4189 1679 4263 Caius
1702 4189 1885 4265 Gracchus
1908 4190 2049 4263 Tiberii
2064 4195 2187 4277 frater,

178 4293 331 4378 tionem,
356 4317 434 4363 cum
458 4293 584 4363 iubent
604 4290 733 4362 milites
754 4289 919 4381 praeliari
940 4312 1005 4382 pro
1026 4291 1097 4361 aris
1118 4306 1153 4363 et
1201 4293 1367 4365 dissuasit
1387 4316 1464 4364 eam
1490 4292 1659 4364 acerrime
1676 4291 1796 4384 Scipio
1811 4291 2063 4386 Aemylianus,
2101 4297 2186 4387 quia

176 4395 282 4474 focis,
307 4416 389 4463 cum
404 4417 468 4462 nec
484 4415 561 4464 aras
575 4415 640 4466 nec
656 4394 752 4464 focos
768 4386 933 4462 habeant.
979 4389 1152 4480 Queritur
1201 4417 1242 4465 ea
1256 4394 1392 4484 rogatio
1406 4407 1529 4465 contra
1549 4407 1682 4465 veteres
1695 4393 1790 4484 leges
1806 4394 1851 4465 de
1860 4390 2035 4464 Tribunis
2046 4395 2187 4466 fereba-

175 4495 342 4584 praeliari
355 4517 414 4563 eos
430 4517 504 4562 non
527 4517 593 4584 pro
615 4493 747 4584 patria,
778 4493 841 4562 sed
864 4516 930 4583 pro
951 4492 1151 4566 foenerato-
1200 4508 1278 4580 tur,
1316 4509 1352 4566 et
1373 4495 1598 4566 turbulentos
1620 4493 1805 4566 Tribunos
1830 4505 1999 4586 perpetua
2020 4497 2185 4585 potentia

174 4619 254 4662 rum
273 4596 472 4686 rapacitate.
528 4592 599 4664 Sed
622 4593 900 4663 adversabantur
919 4591 989 4680 legi
1010 4593 1150 4680 divites,
1199 4597 1368 4669 armabat.
1418 4591 1518 4666 Dixit
1535 4597 1660 4677 etiam,
1685 4591 1873 4665 Tiberium
1888 4588 2092 4666 Gracchum
2106 4596 2186 4668 iure

175 4691 418 4765 et'l'ribunum
435 4689 627 4766 Octavium
643 4693 712 4764 sibi
728 4692 927 4782 adiungunt
941 4693 1149 4766 intercesso·
1199 4696 1422 4767 interfectum
1438 4719 1523 4772 esse,
1573 4693 1659 4766 Post
1682 4689 1774 4765 banc
1796 4694 2060 4767 contentionem
2077 4719 2184 4770 mane

173 4815 269 4877 rem,
294 4796 355 4885 qui
381 4795 664 4885 suffragationem
685 4785 907 4884 prohibeat.'
935 4789 1031 4864 Huic
1053 4817 1148 4866 novo
1198 4793 1319 4887 Scipio
1334 4796 1500 4868 inventus
1517 4808 1568 4867 est
1583 4797 1622 4865 in
1636 4795 1799 4869 cubiculo
1815 4819 1880 4867 suo
1897 4807 2078 4882 mortuus,
2099 4821 2183 4868 cum

173 4893 332 4983 exemplo
363 4896 584 4968 tribunatum
607 4891 774 4965 Tiberius
799 4887 992 4983 abrogavit.
1055 4891 1147 4966 Cum
1198 4896 1313 4988 pridie
1328 4908 1421 4967 recte
1437 4896 1623 4982 valuisset,
1646 4895 1785 4991 fuitque
1799 4895 1968 4988 suspicio,
1993 4897 2038 4968 ab
2051 4900 2182 4969 adver-

172 5010 290 5065 autem
327 4992 423 5064 visus
456 4997 546 5068 esset
578 4993 768 5066 violentius
801 5015 922 5083 agere,
961 5008 1148 5068 creverunt
1197 4995 1297 5068 sariis
1313 5021 1450 5068 veneno
1467 5010 1629 5070 necatum
1644 5018 1730 5072 esse.
1779 4995 1849 5068 Hic
1864 4998 1934 5070 fuit
1949 4997 2062 5070 exitus
2076 5023 2181 5092 prae·

168 5091 375 5168 discordiae.
1092 5103 1094 5112 ⁴
1195 5097 1402 5170 stantissimi
1422 5097 1531 5185 civis,
1557 5121 1653 5170 anno
1676 5098 1799 5170 aetatis
1824 5099 1935 5191 ipsius
1958 5098 2180 5193 quinquage-

269 5193 373 5266 Tulit
397 5205 433 5263 et
456 5190 560 5261 aliam
584 5193 695 5286 legem
713 5193 901 5282 Tiberius,
934 5208 976 5270 ut
995 5195 1145 5289 pecunia
1195 5197 1409 5274 simosexto.
1459 5196 1623 5273 Breviter
1636 5212 1755 5272 autem
1774 5211 1956 5293 utrunque
1971 5197 2177 5290 Scipionem

5 5339 6 5388 ;
125 5363 129 5370 ,
168 5297 280 5386 legata
300 5295 433 5388 populo
456 5287 622 5364 Romano
643 5297 689 5366 ab
711 5291 832 5368 Attalo
856 5319 936 5390 rege
961 5299 1145 5390 egentibus
1195 5300 1486 5388 commemoravi,
1518 5299 1697 5376 rictorem
1726 5299 1918 5374 Annibalis
1955 5315 1991 5376 et
2023 5302 2176 5374 alterum
