4604 5804
166 275 242 356 ers
412 267 625 350 sonum
649 267 729 342 ru.
755 263 874 341 unu.
903 261 1120 343 course.
1147 257 1293 340 enon
1319 259 1387 340 nr
1411 263 1605 346 enixos,
1631 265 1955 350 sencrsnru.
2035 251 2040 256 ’
2112 281 2194 356 ers

167 441 359 522 Antiocho.
410 441 462 516 lta
479 439 650 536 paulatim
664 460 786 529 regum
802 437 958 530 potentia
974 439 1151 512 diminuta
1201 436 1374 542 militum,
1399 438 1463 534 qni
1484 451 1519 510 et
1538 441 1712 531 praedixit
1733 459 1924 518 venturam
1950 446 2120 542 eclipsin,
2155 469 2193 524 et

167 565 240 638 esp,
266 553 377 620 donec
393 567 538 639 prorsus
551 543 677 633 stirpes
693 564 814 610 eorum
832 539 965 610 deletae
979 555 1073 613 sunt.
1201 538 1322 610 docuit
1339 553 1433 612 certo
1448 539 1575 612 ordine
1598 558 1759 614 motuum
1775 547 1980 620 coelestium
2003 552 2191 626 obscurari

271 647 460 740 Philippus
481 657 600 715 autem
622 643 749 712 dolens
762 639 1008 712 Romanorum
1026 654 1151 733 poten·
1201 638 1344 725 lunam,
1368 641 1607 713 incurrentem
1630 644 1669 713 in
1691 646 1856 716 umbram
1873 662 2005 734 terrae,
2030 677 2097 724 nec
2110 677 2190 726 rem

170 756 255 826 tiam
281 771 452 829 cresccre,
492 759 533 817 ut
566 765 690 814 rursus
719 741 854 811 bellum
880 741 1000 812 moliri
1025 755 1153 834 posset,
1201 739 1241 807 in
1272 755 1401 812 nature
1429 741 1628 814 ordinatam
1658 759 1699 817 ut
1728 749 1933 838 prodigium
1961 759 2189 826 metuendam

171 854 275 925 annis
298 852 434 944 aliquot
457 848 495 916 in
516 867 601 937 pace
621 841 739 915 munit
758 842 883 922 urbes,
919 843 1055 934 colligit
1076 865 1152 913 ma.
1202 861 1288 915 esse.
1327 839 1462 912 Seneca
1479 844 1619 930 scribit,
1644 848 1768 916 codem
1785 863 1944 942 tempore
1957 871 2189 946 conspectum

171 978 258 1043 gnos
285 974 429 1022 acervos
458 943 631 1018 frumenti
661 957 695 1016 ct
724 943 911 1036 pecuniae,
952 957 988 1015 et
1015 944 1152 1014 vicinos
1202 962 1275 1010 esse
1289 936 1491 1024 Cometam,
1517 946 1574 1014 cui
1591 939 1763 1018 tribuitur
1780 973 1912 1021 nomeu
1927 951 2042 1032 Hirci.
2094 956 2187 1030 Cum

172 1053 346 1133 Thraces,
371 1049 531 1120 Paeonas
545 1057 579 1118 ct
594 1044 684 1116 alios
701 1041 870 1114 barbaros
886 1044 956 1114 sibi
979 1043 1152 1135 adiungit,
1201 1055 1319 1112 autem
1334 1065 1415 1112 mox
1430 1067 1504 1114 non
1525 1045 1640 1116 solum
1664 1048 1744 1116 finis
1766 1050 1866 1140 regni
1882 1050 2106 1129 Macedonici
2127 1082 2190 1128 se-

171 1181 211 1225 ac
227 1152 381 1224 ostendit
397 1174 433 1220 se
449 1149 582 1220 bellum
598 1146 639 1215 in
653 1142 792 1216 ltaliam
806 1145 1061 1217 translaturum
1078 1169 1152 1217 esse
1202 1155 1334 1235 quutus
1357 1141 1420 1228 sit,
1454 1143 1514 1214 sed
1536 1144 1641 1217 etiarn
1663 1145 1865 1220 Antiochus
1885 1152 1923 1222 in
1948 1153 2079 1228 ludaea
2101 1155 2191 1229 hor-

171 1252 363 1326 Annpbap,
383 1250 563 1341 exemplo,
589 1261 624 1318 et
644 1246 884 1336 ingressurum
900 1243 1038 1316 ltaliam
1060 1247 1152 1318 circa
1202 1245 1349 1312 rendam
1370 1244 1555 1315 saeviciam
1577 1251 1790 1338 exercuerit,
1824 1268 1968 1346 apparet
1989 1257 2088 1348 signa
2111 1285 2190 1330 non

171 1356 341 1438 Adriam,
379 1374 488 1445 quare
518 1362 551 1418 et
574 1370 690 1438 regem
712 1345 894 1441 Illyricum
920 1345 1092 1420 Gentium
1118 1360 1152 1418 et
1202 1341 1457 1420 luisseinania.

171 1454 439 1527 Cepasvptinos
453 1447 637 1521 Adriatico
660 1448 705 1519 ad
730 1447 929 1517 societatem
953 1449 1043 1519 tanti
1066 1448 1151 1518 belli
1302 1441 1381 1515 Rex
1403 1436 1559 1515 Perseus
1587 1469 1628 1516 ex
1659 1449 1740 1539 luga
1773 1466 1943 1526 retractus
1972 1473 2043 1542 est,
2080 1465 2188 1532 etad

171 1559 314 1626 invitat.
365 1554 436 1624 Sed
458 1547 543 1620 haec
563 1549 738 1639 adparens
761 1548 935 1630 moritur,
966 1571 1047 1619 cum
1069 1550 1151 1642 qui·
1201 1535 1405 1636 Aemylium
1423 1547 1596 1620 adductus
1618 1571 1698 1618 curn
1719 1553 1859 1623 duobus
1881 1557 1981 1643 filiis,
2011 1553 2185 1653 Philippo

172 1661 252 1727 dem
269 1655 381 1724 filium
397 1649 617 1722 Demetrium
638 1647 864 1720 excellentem
888 1649 1020 1719 virtute
1044 1648 1153 1719 resci·
1202 1656 1237 1714 et
1259 1641 1476 1716 Alexandro.
1544 1643 1593 1716 Hi
1624 1662 1742 1740 postea
1768 1677 1848 1724 cum
1872 1671 1970 1746 patre
1992 1657 2120 1731 Perseo
2145 1665 2185 1732 in
2299 1685 2300 1712 ³

171 1759 278 1828 visset
292 1780 311 1825 a
326 1755 434 1824 fratre
449 1751 577 1822 Perseo
594 1749 683 1820 salso
704 1761 902 1818 accusatum
930 1760 965 1819 et
985 1751 1070 1818 dolo
1094 1749 1152 1818 in·
1202 1740 1383 1836 triumpho
1407 1761 1490 1818 ante
1511 1771 1654 1818 currum
1676 1750 1774 1820 ducti
1796 1767 1891 1826 suut.
1959 1757 2122 1856 Cumque
2146 1763 2185 1830 in

171 1859 455 1928 teriectumesse.
495 1850 586 1924 Cum
605 1849 701 1920 enim
712 1849 915 1920 Demetrius
928 1849 1152 1921 antecelleret
1202 1865 1375 1914 carcerem
1399 1849 1496 1919 ducti
1521 1862 1653 1931 essent,
1685 1849 1887 1942 impetravit
1909 1851 2112 1954 Aemylius,
2146 1880 2188 1934 ut

170 1961 325 2041 virtute,
351 1968 385 2026 et
400 1953 522 2044 opinio
535 1962 633 2030 ⁴esset
646 1948 812 2021 Perseum
834 1973 907 2018 non
933 1973 1006 2022 esse
1027 1963 1150 2020 natum
1201 1943 1289 2013 alibi
1305 1945 1343 2014 in
1358 1946 1436 2018 loco
1453 1948 1572 2018 minus
1593 1963 1683 2020 tetro
1704 1974 1723 2019 a
1747 1953 1851 2038 certis
1872 1955 2048 2030 militibus
2066 1977 2187 2034 custo-

48 2099 52 2111 ·
173 2084 213 2128 ex
233 2072 330 2150 patre
345 2051 532 2145 Philippo,
556 2050 703 2121 insidias
717 2050 901 2121 Demetrio
922 2041 1050 2122 struxit
1064 2049 1151 2121 Per·
1201 2045 1375 2117 ditentur.
1439 2047 1589 2120 Perseus
1617 2063 1652 2120 et
1677 2051 1771 2121 lilius
1796 2049 1984 2148 Philippus
2014 2085 2089 2132 non
2119 2066 2185 2134 diu

173 2161 271 2241 δρῦς,
294 2169 455 2226 metuens
473 2176 552 2223 eum
570 2151 609 2219 in
624 2172 734 2240 regno
749 2172 983 2220 successorem
1003 2149 1091 2221 fore.
1202 2148 1406 2236 superstites
1427 2149 1582 2223 luerunt.
1633 2149 1836 2224 Alexander
1858 2159 1973 2228 scriba
1991 2159 2186 2254 Magistra·

273 2253 417 2328 Mortuo
445 2267 543 2345 petre
570 2248 690 2322 Furiis
711 2250 897 2321 ultricibus
919 2274 1000 2321 eum
1024 2251 1151 2343 impel-
1202 2262 1303 2322 tuum
1319 2245 1569 2319 Romanorum
1580 2249 1692 2320 facins
1709 2269 1772 2328 est.

171 2359 329 2428 lentibus
353 2370 391 2425 ut
414 2376 543 2446 poenas
565 2351 748 2444 parricidii
770 2353 906 2436 daret,
926 2369 960 2425 et
986 2352 1150 2424 incitatus
1301 2343 1356 2417 Ex
1377 2350 1483 2440 regiis
1505 2344 1696 2431 thesauris,
1722 2356 1784 2446 qui
1799 2357 1945 2433 suerunt
1959 2364 2184 2454 amplissimi,

172 2464 218 2530 ab
233 2456 423 2548 improbis,
448 2450 762 2525 bellumRomanis
777 2452 903 2536 inlert,
928 2449 1149 2524 Thessaliam
1200 2448 1298 2520 dedit
1324 2449 1508 2546 Aemylius
1537 2449 1713 2542 stipendia
1739 2457 1923 2532 militibus.
1986 2461 2183 2560 Reliquam

172 2573 206 2628 et
230 2559 346 2627 vicina
373 2557 451 2626 loca
471 2567 602 2638 vastat,
641 2554 781 2624 duobus
808 2553 949 2642 praeliis
968 2550 1150 2625 Romanos
1199 2549 1385 2640 pecuniam
1408 2550 1446 2620 511
1469 2552 1642 2622 amrium
1662 2552 1786 2628 inferri
1808 2563 1953 2634 curaliis
2010 2563 2184 2638 Maced&-

172 2659 305 2744 vincit‚
329 2670 364 2727 et
379 2658 468 2728 laeta
486 2657 517 2727 ei
533 2653 633 2723 initia
650 2653 740 2724 tanti
754 2655 840 2723 belli
857 2655 1021 2741 fuerunt,
1053 2656 1148 2747 quod
1201 2649 1279 2720 niae
1294 2651 1423 2722 deditis
1438 2652 1589 2723 urbibus
1609 2655 1783 2728 tributum
1807 2661 1994 2754 imposuit,
2028 2667 2181 2740 dimidio

172 2759 339 2830 aPerseo
362 2770 500 2828 motum
520 2751 687 2824 scribitur
706 2777 802 2824 anno
824 2753 869 2823 ab
892 2755 981 2824 urbe
1007 2757 1149 2828 condita
1200 2752 1320 2822 minus
1342 2777 1447 2846 quam
1470 2753 1613 2844 regibus
1634 2755 1820 2844 dederant,
1852 2763 2017 2836 videlicet
2037 2783 2181 2840 centum

173 2859 454 2954 quingentesimo
489 2856 723 2945 octuagesimo
763 2856 929 2926 secundo.
1004 2855 1150 2927 Vixerat
1199 2852 1352 2938 talenta,
1396 2854 1433 2924 id
1463 2869 1532 2941 est,
1566 2857 1744 2946 sexaginta
1771 2862 1883 2932 millia
1912 2881 2179 2945 coronatorum.

173 2975 289 3030 ,mem
312 2954 500 3049 Philippus
529 2969 608 3047 post
636 2955 789 3026 reditum
815 2953 891 3025 Titi
915 2955 1083 3026 Flaminii
1107 2981 1149 3026 ex
1201 2948 1254 3022 lta
1287 2951 1453 3025 Romana
1484 2951 1691 3026 monarchia
1724 2961 1828 3032 initio
1862 2967 2022 3058 tyrannis
2054 2971 2181 3042 deletis

173 3061 321 3144 Graecia
345 3059 485 3131 circiter
507 3057 636 3147 viginti
657 3077 779 3130 annos.
838 3053 991 3128 Duravit
1012 3057 1147 3127 bellum
1198 3051 1292 3142 leges
1310 3067 1344 3125 et
1360 3055 1535 3126 iusticiam
1557 3056 1720 3145 gentibus
1742 3065 1913 3152 restituit,
1940 3082 1974 3138 et
1990 3071 2182 3162 expilatio-

172 3161 290 3231 Persei
303 3181 416 3228 annos
430 3173 595 3251 quatuor.
1200 3175 1263 3222 ¹¹²⁸
1278 3156 1457 3225 ¹¹¹⁰d²¹³i³
1474 3170 1535 3229 ²⁵¹·

272 3260 381 3332 Anno
396 3259 471 3328 ,ius
486 3257 570 3326 help
584 3255 728 3350 quarm
744 3255 904 3328 videlicet
919 3279 1013 3327 anno
1028 3279 1049 3328 a
1062 3257 1147 3330 eon·
1300 3249 1354 3324 Ex
1383 3251 1556 3328 thesauris
1584 3258 1689 3348 regiis
1714 3257 1897 3357 Aemylius
1922 3267 2035 3339 libros
2062 3274 2178 3363 regios

170 3361 242 3432 dita
265 3361 355 3430 urbe
376 3358 630 3452 quingetesimo
651 3359 1028 3447 octuagesimosexto,
1066 3383 1147 3430 cum
1198 3353 1298 3440 iussit
1319 3355 1401 3427 liliis
1423 3359 1496 3432 suis
1516 3359 1672 3432 attribui.
1731 3360 1828 3434 vixit
1850 3381 1928 3458 post
1952 3363 2044 3441 hanc
2065 3375 2179 3445 victo-

171 3463 350 3555 prioribus
374 3462 477 3530 annis
500 3457 657 3531 Romani
679 3460 849 3530 exercitus
877 3459 1064 3552 aliquoties
1087 3461 1147 3530 in·
1198 3455 1287 3528 riam
1303 3480 1415 3528 annos
1431 3461 1568 3544 decem,
1593 3483 1694 3531 carus
1709 3459 1857 3536 Senatui
1880 3481 1913 3537 et
1933 3473 2078 3561 populo.
2129 3475 2178 3546 Et

171 3563 343 3634 foeliciter
355 3575 584 3653 pugnassent,
608 3574 643 3631 et
659 3557 785 3630 Graeci
798 3558 1042 3630 Romanorum
1059 3560 1147 3631 socii
1198 3569 1381 3650 postquam
1401 3557 1535 3630 Censor
1560 3560 1704 3646 luisset,
1751 3566 1888 3655 placide
1921 3586 2081 3644 mortuus
2114 3595 2178 3660 est,

170 3665 308 3753 magnis
336 3662 555 3732 detrimentis
585 3661 711 3732 adfecti
741 3674 874 3744 essent,
918 3653 968 3735 L.
999 3655 1147 3731 Paulus
1198 3656 1328 3728 relictis
1348 3659 1490 3730 duobus
1511 3661 1611 3745 liliis,
1645 3687 1796 3755 quorum
1819 3667 1968 3740 alterum
1992 3675 2177 3767 adoptavit

171 3759 361 3858 Aemylius
381 3763 474 3832 filius
486 3761 589 3830 Pauli
606 3757 760 3854 Aemylii
771 3809 781 3840 ,
807 3761 982 3831 interlecti
998 3762 1037 3830 in
1050 3761 1148 3834 Can·
1196 3757 1386 3829 filiuseius
1406 3759 1601 3853 Scipionis,
1634 3764 1695 3856 qui
1720 3764 1806 3836 vicit
1828 3765 2055 3844 Annibalem.
2105 3776 2177 3848 Hic

171 3869 274 3934 nensi
304 3885 440 3953 pugna,
479 3861 614 3932 Consul
640 3861 768 3933 iterum
797 3863 907 3931 iactus
933 3876 1003 3947 est,
1049 3887 1146 3934 anno
1196 3857 1290 3929 enirn
1306 3853 1478 3933 habuerat
1494 3863 1677 3952 coniugem
1693 3862 1911 3962 Acmyliam,
1936 3873 2021 3944 inde
2042 3899 2176 3948 nomen

55 3984 57 3998 .
171 3963 382 4053 sexagesimo
403 3985 486 4030 ,uae
506 3961 645 4045 amus,
682 3973 722 4029 ῃῑ
745 3963 912 4030 adversus
932 3959 1145 4037 Macedones
1196 3971 1265 4042 est,
1289 3953 1677 4058 Scipiermyiianus.
1728 3965 2109 4070 FacultatesAemylii,
2134 3993 2176 4050 ut

96 4135 102 4142 ,
171 4069 242 4137 dux
257 4067 406 4135 idoneus
422 4062 631 4136 mitteretur,
667 4057 736 4131 Hic
750 4085 829 4131 cum
846 4063 877 4130 ei
891 4062 1024 4134 bellum
1043 4089 1145 4134 man·
1195 4056 1406 4132 Plutarchus
1441 4077 1584 4149 narrat,
1635 4087 1707 4136 ¹¹⁰⁰
1739 4085 1994 4159 wlefflvefflssi
2026 4078 2173 4168 “iginii

104 4251 107 4256 Ι
170 4170 324 4251 daretur,
350 4162 490 4255 publice
505 4163 543 4231 in
560 4153 845 4248 concione'dixit,
864 4161 893 4230 si
909 4163 1019 4234 alium
1034 4167 1145 4255 magis
1196 4160 1306 4229 millia
1342 4176 1618 4248 t⁰s⁰t¹³i⁰r¹¹¹¹¹s'
1649 4181 1837 4259 ²1⁸⁸Pieffl
1861 4171 1991 4260 millias
2025 4200 2106 4248 tum
2134 4183 2172 4250 5¹²

171 4269 340 4337 idoneum
357 4266 541 4353 elig‘erent,
567 4287 603 4333 se
624 4265 778 4334 libenter
801 4263 832 4332 ei
855 4285 1032 4334 cessurum
1058 4288 1143 4338 esse.
1194 4261 1368 4330 aerarium
1390 4263 1551 4336 intulerit
1565 4264 1646 4356 plus
1662 4291 1767 4360 quam
1782 4271 2015 4366 quinquagies
2028 4292 2171 4352 centum

170 4369 239 4439 Sed
259 4369 289 4440 si
304 4366 435 4436 vellent
447 4365 523 4455 ipso
540 4365 629 4435 duce
652 4359 719 4434 hoc
744 4365 877 4433 bellum
901 4364 994 4454 geri,
1020 4381 1141 4460 postu.
1194 4361 1307 4432 millia
1324 4378 1584 4438 coronatorum.
1626 4362 1729 4439 Adeo
1744 4384 1960 4461 praestantes
1975 4377 2071 4449 cives
2085 4395 2170 4454 tunc

170 4471 243 4538 lare
266 4493 320 4548 se,
347 4480 387 4536 ut
408 4466 577 4535 exercitus
600 4467 901 4556 obtemperarent,
936 4490 1001 4537 nee
1025 4490 1143 4540 sume·
1192 4460 1303 4552 magi-‘³
1328 4486 1456 4554 where
1477 4463 1749 4560 ῘὶεηὶΡῑῑωὴῑῑῐη
1775 4495 1881 4563 ‘luam
1908 4477 2063 4568 l'iiVatas
2086 4507 2170 4574 ⁰90³

169 4584 247 4639 rent
268 4569 338 4639 sibi
358 4565 458 4636 ducis
479 4567 611 4650 ollicia,
650 4588 715 4634 nec
742 4566 955 4656 impedirent
974 4591 1055 4639 cum
1078 4592 1141 4642 sua
1192 4566 1391 4640 studebant·
1728 4581 1735 4587 ⁴

169 4671 368 4740 curiositate
389 4682 423 4738 et
443 4666 516 4737 suis
537 4667 692 4738 labellis:
728 4661 782 4760 μὴ
807 4672 1140 4770 παραστρατηγεῖν,
1246 4733 1251 4742 ,
1293 4663 1372 4737 Hoc
1394 4664 1471 4758 ipso
1493 4678 1670 4758 tempore,
1700 4695 1770 4766 quo
1788 4665 1953 4769 Aemylio
1979 4681 2169 4756 ducePer·

166 4765 260 4864 μηδὲ
276 4771 494 4866 λογοποιεῖν.
1191 4788 1271 4836 seus
1291 4769 1406 4837 victus
1428 4781 1498 4849 est,
1531 4768 1728 4843 Antiochus
1750 4769 1958 4866 Epiphanes
1979 4781 2093 4854 iussus
2115 4803 2168 4860 cst

266 4869 391 4940 Mense
405 4867 604 4962 Septembri
618 4864 789 4937 acerrimo
802 4866 936 4959 praelio
950 4871 1037 4946 viclt
1050 4870 1139 4945 Per·
1190 4890 1210 4938 a
1227 4865 1368 4962 Popilio
1383 4868 1498 4957 legato
1512 4871 1635 4962 populi
1651 4869 1805 4946 Romani
1821 4899 1862 4948 ex
1877 4879 2038 4976 Aegypto
2052 4886 2167 4958 disce-

168 4994 284 5055 seum,
307 4970 489 5039 trucidatis
506 4969 633 5058 viginti
649 4967 807 5039 millibus
821 4971 992 5060 peditum.
1042 4972 1140 5048 Ante
1190 4969 1290 5055 dere,
1316 4985 1351 5043 ²2
1372 4968 1545 5042 ⁸deoeoe
1568 4972 1654 5044 inde
1678 4977 1864 5066 limidi&
1924 4975 1973 5052 El
1995 4987 2165 5075 iefssim·

166 5075 203 5144 id
225 5069 398 5166 praelium
419 5069 469 5141 sit
482 5064 694 5141 Plutarchus
715 5083 934 5162 conspectam
956 5096 1029 5148 esse
1052 5078 1138 5147 ecli·
1188 5071 1279 5141 ⁸³¹1st
1301 5071 1462 5165 Popiliffl
1482 5072 1652 5144 &millum
1677 5076 1776 5168 Vifffl
1797 5078 2089 5178 ‘irfflfflicfil’ffls
2123 5113 2163 5160 ³⁰

166 5176 246 5268 psi„
264 5177 392 5256 lunae,
425 5193 493 5262 qua
511 5194 555 5239 ne
572 5171 850 5262 perterrefierent
863 5172 1010 5264 milites,
1035 5177 1138 5251 iussit
1187 5177 1400 5267 respondere
1414 5195 1495 5242 cum
1510 5172 1633 5262 iussit,
1665 5190 1852 5274 antequam
1872 5179 1958 5254 inde
1982 5192 2164 5276 egredere·

165 5276 348 5370 Aemylius
363 5271 478 5364 pridie
492 5282 573 5338 ante
595 5270 739 5362 eclipsin
760 5278 981 5361 praemoneri
994 5293 1137 5351 vocatos
1176 5284 1257 5349 tur.
1306 5273 1397 5348 Cum
1415 5273 1524 5363 igilur
1537 5273 1669 5350 ledis&
1683 5277 1933 5374 1⁸f⁰⁵⁰¹ym³m
1951 5281 2163 5377 A¹¹fi⁰⁰h⁰⁵r

163 5376 202 5445 in
227 5375 436 5448 concionem
466 5368 627 5441 oratione
654 5367 815 5468 Sulpicii
840 5367 953 5447 Galli
979 5381 1134 5474 Tribuni
1184 5379 1312 5450 ardens
1340 5377 1393 5452 ira
1416 5395 1580 5468 maium
1602 5379 1655 5452 ibi
1676 5381 1860 5454 miliciam
1884 5390 2050 5464 ‘⁸²⁹⁰qu
2114 5389 2163 5466 Ei
