4726 5828
106 278 184 356 rto
485 271 648 357 DECL.
683 271 761 352 DE
799 274 1158 358 DISCRIMINE
1198 273 1406 356 LEGUM
1445 277 1636 361 POLIT.
1666 305 1750 362 nro.
2055 296 2129 372 tto

209 443 259 522 A:
282 447 455 540 scriptum
478 459 530 518 est
553 447 597 518 de
610 444 780 518 zizaniis:
807 445 923 521 Sinite
944 461 1095 544 utraque
1143 463 1200 524 tus
1231 451 1387 523 officinm
1419 474 1521 526 sunm
1553 456 1751 548 negligunt:
1801 485 1842 534 ac
1872 477 1957 536 tunc
1982 469 2127 562 quidem

103 573 273 625 crescere.
312 549 368 661 ¹Si
382 549 462 641 quis
480 543 547 622 hoc
562 548 697 620 dictum
712 572 754 618 eu
770 549 973 642 detorquet,
996 566 1037 624 nt
1060 565 1095 624 et
1143 553 1250 626 timul
1266 565 1301 624 et
1322 553 1547 642 magistratus
1563 570 1599 628 et
1612 559 1759 651 imperia
1775 563 1887 646 delet,
1912 568 1975 664 qui
1993 571 2070 640 vult
2087 573 2127 642 in

104 655 267 724 doctores
283 663 320 722 et
342 651 564 739 magistratus
579 651 774 722 concedant
795 652 962 724 omnibus
982 652 1094 724 licen·
1142 655 1266 744 poenis
1303 655 1498 729 manifestis
1537 661 1694 750 conspici
1735 665 1936 738 testimonia
1968 669 2128 742 iusticias

103 754 189 826 tiam
210 751 369 842 tingendi
393 766 427 822 ct
446 749 633 840 spargendi
654 772 881 844 quascunque
895 752 1095 842 opiniones,
1142 777 1237 826 suae.

103 850 213 924 burlis
239 850 396 922 amentia
430 851 612 942 perspicue
643 851 817 922 refutatur
844 854 967 924 multis
989 879 1095 948 prae·
1242 853 1339 926 Haec
1366 856 1523 928 breviter
1554 859 1598 928 de
1632 860 1774 934 iudiciis
1800 861 1978 940 Ecclesiae
2012 885 2046 943 et
2082 873 2127 944 de

104 955 233 1046 ceptis:
283 951 325 1024 Si
354 948 435 1044 quis
463 952 563 1022 aliud
584 948 820 1042 Evangelium
854 954 976 1040 docet,
1008 978 1094 1026 ana-
1143 955 1332 1045 puniendis
1366 956 1485 1050 impiis
1522 960 1741 1049 dogmatistis
1776 966 1867 1037 diri:
1906 993 1995 1063 qnae
2025 995 2126 1064 saepe

105 1049 227 1128 thema
247 1053 305 1127 sit.
366 1051 472 1122 ltem:
504 1049 672 1140 Refutatp
699 1075 778 1137 eos,
812 1048 1008 1147 ἀποτόμως
1014 1105 1027 1141 ,
1052 1069 1094 1128 ut
1141 1058 1463 1148 multum'cogitare
1477 1058 1566 1128 utile
1582 1074 1651 1146 est,
1675 1077 1719 1134 ut
1739 1067 1783 1134 ad
1804 1070 1891 1138 duas
1906 1093 1962 1140 res
1975 1075 2126 1144 maxime

108 1156 246 1226 discant
267 1155 307 1222 in
329 1153 399 1222 fide
420 1152 497 1222 sani
520 1175 603 1222 esse.
666 1149 715 1224 Et
738 1154 781 1222 ad
804 1151 1012 1226 Corinthios
1034 1179 1093 1224 er·
1141 1173 1207 1226 nos
1216 1158 1466 1245 exuscitetnus,
1492 1161 1536 1228 ad
1548 1160 1708 1233 discendi
1720 1188 1838 1236 curam
1850 1171 1936 1241 etad
1953 1175 2127 1262 precatio-

105 1276 224 1347 presse
241 1254 458 1344 praecipitur
476 1255 521 1322 de
538 1253 910 1328 excommunicatione.
945 1253 1094 1328 Faciant
1142 1280 1234 1327 nem.
1274 1257 1431 1352 Utraque
1445 1285 1501 1330 res
1514 1264 1708 1333 necessaria
1723 1280 1786 1338 est.
1824 1265 1936 1342 Recte
1950 1272 2127 1344 discamus

104 1356 215 1446 igitur
244 1356 406 1425 doctores
433 1376 473 1422 ea
503 1377 592 1446 quae
621 1367 706 1426 sunt
725 1354 780 1425 sni
804 1355 930 1441 officii,
963 1358 1094 1452 quibus
1141 1360 1339 1430 doctrinam
1352 1361 1530 1445 divinam,
1554 1375 1595 1432 ut
1609 1361 1741 1435 Paulus
1756 1367 1891 1460 inquit:
1918 1369 2064 1444 Habitet
2086 1377 2126 1444 iu

106 1453 243 1526 etiamsi
258 1479 362 1547 opem
385 1455 499 1525 ferent
518 1453 740 1542 magistratus
761 1477 826 1524 sno
850 1456 948 1542 loco,
974 1471 1092 1526 tamen
1141 1460 1243 1528 vobis
1265 1484 1380 1531 sermo
1404 1455 1540 1534 Christi
1563 1464 1730 1552 opulente
1755 1468 1795 1536 in
1817 1472 1918 1539 omni
1936 1475 2126 1564 sapientia.

104 1556 176 1627 late
189 1569 363 1644 vagantur
379 1576 525 1624 errores.
575 1549 623 1626 Et
643 1568 760 1625 tamen
785 1556 956 1626 rarissimi
980 1558 1092 1646 magi-
1140 1555 1189 1630 Et
1205 1561 1438 1650 adiungamus
1450 1585 1553 1632 veros
1565 1565 1715 1652 gemitus
1730 1580 1765 1638 et
1781 1583 1878 1654 vota,
1900 1595 1941 1640 ac
1955 1587 2127 1663 petamus,

106 1669 236 1727 stratus
250 1669 346 1740 sunt,
371 1654 433 1747 qui
449 1653 746 1725 afficianturcura
760 1656 939 1742 veritatis,
957 1658 1091 1748 gloriae
1141 1672 1182 1730 ut
1197 1658 1373 1731 filiusDei
1388 1661 1492 1734 faciat
1509 1685 1670 1734 nosrasa
1692 1666 1965 1747 misericordiae.
2017 1672 2126 1763 Quod

104 1757 193 1841 Dei,
219 1768 256 1825 et
270 1779 354 1826 suae
368 1755 503 1826 salutis.
552 1751 842 1825 Consolationem
857 1757 965 1846 igitur
981 1759 1092 1829 tradit
1141 1772 1182 1830 ut
1198 1761 1525 1848 clementerfaciat,
1540 1776 1626 1834 toto
1642 1789 1722 1836 enm
1738 1781 1878 1860 pectore
1895 1796 1970 1848 oro.
2005 1773 2101 1848 Dixi.

106 1859 202 1928 lilius
223 1853 312 1940 Dei,
345 1879 426 1924 cum
447 1855 514 1924 ait:
548 1852 663 1926 Sinite
685 1871 834 1948 utraque
856 1881 1028 1942 crescere,
1053 1859 1090 1927 id

107 1972 180 2036 est,
205 1979 280 2025 non
297 1956 445 2026 deserite
461 1949 675 2039 Ecclesiam,
701 1979 776 2024 non
801 1957 942 2029 abiicite
961 1981 1092 2028 munus
1156 1981 2123 2014 ···-······----·-----·-—--—-·-—-

107 2069 199 2128 recte
223 2057 394 2138 docendi,
428 2053 563 2124 etiamsi
589 2053 754 2124 diabolus
776 2056 908 2126 semina
925 2082 1091 2134 ‚errorum

105 2169 258 2250 sparget,
283 2179 374 2249 quae
382 2177 456 2225 non
466 2166 636 2245 poterunt
650 2149 804 2226 humana
815 2157 997 2247 diligentia
1013 2158 1092 2229 tolli
1140 2142 1206 2218 N0·
1233 2143 1317 2220 150·
1938 2187 1986 2228 an.
2000 2165 2106 2235 1556.

107 2259 241 2328 omnia.
305 2252 387 2325 Erit
408 2255 528 2345 aliqua
551 2277 635 2323 vera
658 2252 816 2324 Ecclesia
838 2255 924 2343 Dei,
956 2257 1093 2329 etiamsi
1146 2239 1317 2268 w*
1922 2253 2127 2296 Q

108 2380 256 2448 magnae
271 2357 497 2426 confusiones
513 2376 651 2446 semper
660 2356 815 2440 fuerunt,
841 2372 922 2430 sunt
938 2372 972 2429 et
988 2371 1093 2429 erunt
1172 2347 1250 2434 De
1278 2349 1540 2438 discrimine
1567 2355 1719 2469 leyum
1742 2355 1977 2466 politicam
2006 2372 2089 2444 etc.

109 2460 246 2550 generis
260 2452 421 2528 humani.
461 2453 561 2524 luter
572 2450 638 2526 hos
654 2455 783 2528 fluctus
795 2461 1092 2554 tamenocymbam
1211 2525 1223 2578 1
1296 2523 1306 2580 ι
1382 2524 1452 2581 Μ
1559 2525 1585 2579 Τ
1614 2503 1653 2581 w
1733 2529 1766 2582 ¹⁵

110 2583 209 2632 suam
224 2559 320 2630 filius
335 2555 404 2628 Del
420 2554 584 2626 amabil·
1225 2535 1359 2664 rap-:effice
1373 2537 1552 2654 Riibaidin'l'.
1569 2561 1617 2649 lll.
1631 2614 1665 2717 p.
1682 2547 1741 2652 iio.
1765 2531 2129 2672 :chepsaerzieppssd'titltg

210 2658 288 2732 Hac
312 2657 554 2776 consolatione
582 2669 674 2728 certe
700 2680 797 2730 nunc
826 2659 1094 2780 quoquennobis
1245 2657 1370 2732 „Oratio
1394 2661 1609 2784 sermome
1636 2683 1723 2785 {epm
1738 2663 1924 2787 ,poblitiearusst
1948 2680 1975 2787 ιιι
1998 2671 2128 2790 fugitq-

110 2783 202 2853 opus
222 2771 283 2832 est
349 2759 440 2832 Nem
464 2781 517 2850 eu
537 2771 714 2830 umentes
742 2772 877 2831 :ansam
901 2782 1093 2875 ¹mr¹⁰r¹3m
1173 2799 1177 2806 ·
1245 2747 1472 2851 :tatastat
1495 2749 2128 2868 2:1²3'uttt'ttttttttttatta

110 2862 401 2948 multitudinem,
428 2872 463 2930 et
483 2860 576 2931 inter
591 2853 674 2940 hos,
695 2858 759 2951 qui
771 2881 903 2929 nornen
917 2855 1094 2930 Ecclesiae
1244 2863 1359 2942 cygneo
1375 2889 1403 2902 -
1423 2883 1468 2916 ω·
1483 2865 1559 2920 1⁵⁵6·
1633 2869 1696 2923 aas.
1710 2887 1740 2922 ιι
1754 2867 1863 2926 officim
1876 2869 2024 2969 tenedum
2037 2871 2130 2928 Geor.

110 2959 264 3045 habent,
299 2975 371 3032 tam
392 2960 510 3031 uarias
537 2960 828 3045 dilacerationes,
858 2981 987 3050 magno
1015 2981 1093 3029 cum
1247 2927 1286 2999 ⁸¹⁵
1304 2929 1400 2984 ΜΝ·
1418 2931 1518 2987 ¹⁵⁵⁶·'
1539 2931 1567 2988 ⁸·

110 3065 235 3135 dolore
250 3075 444 3155 quaerunt,
468 3060 531 3131 nbi
548 3061 593 3128 sit
605 3055 763 3129 Ecclesia
771 3057 860 3142 Dei,
881 3084 987 3153 quam
995 3057 1095 3129 Psal·
1147 3090 1276 3160 Ormi,
1295 3083 1341 3158 αθ
1357 3087 1571 3160 dmm,
1588 3091 1707 3187 gemm
1721 3094 1965 3186 ponticarum
1986 3107 2026 3170 eg
2046 3109 2131 3173 tm.
2181 3177 2188 3184 ‘

110 3189 189 3236 mus
210 3163 331 3257 inquit
352 3160 642 3234 formosissimam
669 3181 762 3240 esse,
794 3183 876 3230 cum
902 3162 969 3232 ait:
1000 3158 1095 3230 Con·
1271 3188 1456 3262 ,pm-om
1477 3188 1731 3266 humanarum
1754 3199 1798 3269 ..n
1819 3199 2003 3274 Ecclesia.

112 3267 268 3356 cupiscet
288 3287 349 3333 rex
370 3257 676 3353 pulchritudinem
699 3273 815 3344 tuam,
841 3260 925 3352 quia
948 3261 1022 3350 ipse
1044 3271 1097 3330 est

113 3364 292 3438 Dominus
308 3361 404 3433 Deus
421 3374 524 3444 tuus,
549 3373 585 3429 et
601 3361 766 3428 adorabis
780 3385 873 3430 eum.
925 3356 1023 3447 Quid
1047 3372 1097 3426 est
1146 3329 1340 3445 Principio
1365 3357 1494 3445 gratias
1514 3380 1580 3448 ago
1601 3355 1678 3429 Deo
1698 3361 1952 3454 omnipotenti,
1989 3381 2132 3437 aeterno

114 3481 231 3538 autern
266 3463 460 3534 deformius
497 3459 749 3529 dilaceratione
781 3457 958 3528 Ecclesiae
992 3455 1098 3529 huius
1148 3457 1240 3544 patri
1263 3453 1410 3524 Domini
1436 3459 1549 3528 nostri
1575 3457 1653 3528 Iesu
1673 3455 1822 3546 Christi,
1863 3465 1927 3556 qui
1952 3489 2023 3534 una
2052 3489 2132 3536 cum

116 3564 310 3658 temporis?
366 3562 437 3634 Sed
468 3561 661 3629 referamus
690 3573 826 3629 mentes
849 3571 955 3652 atque
977 3559 1099 3628 oculos
1148 3555 1222 3624 filio
1247 3577 1311 3625 suo
1334 3569 1539 3643 coaeterno,
1560 3555 1717 3628 Domino
1744 3575 1865 3632 nostro
1884 3561 1962 3634 lesu
1978 3561 2133 3650 Christo,

115 3669 157 3738 ad
173 3664 396 3761 symbolum,
422 3662 548 3751 inquo
566 3658 735 3728 dicimus:
759 3655 875 3728 Credo
893 3656 1099 3728 esseEccle-
1150 3669 1184 3726 et
1197 3651 1334 3744 Spiritu
1347 3681 1411 3726 suo
1429 3671 1549 3728 sancto
1563 3657 1726 3731 condidit
1743 3683 1865 3731 omnes
1881 3677 2074 3749 creaturas,
2099 3679 2134 3738 et

116 3769 205 3839 siam
226 3760 454 3847 catholicam,
482 3773 517 3831 et
540 3758 699 3830 addicta
721 3756 856 3831 divina.
907 3755 988 3829 Erit
1009 3759 1101 3828 sicut
1150 3753 1341 3826 Ecclesiam
1365 3757 1404 3824 iu
1426 3779 1553 3844 genere
1577 3753 1734 3830 humano
1759 3761 1910 3851 colligit,
1940 3769 2036 3857 quod
2067 3788 2134 3837 nos

115 3869 156 3938 in
169 3868 297 3937 diebus
318 3858 442 3934 Nohae
465 3873 530 3930 etc.
589 3856 738 3929 Etcum
762 3872 896 3940 certum
919 3859 983 3943 sit,
1008 3853 1100 3928 hanc
1151 3879 1292 3949 quoque
1308 3859 1350 3925 ad
1368 3853 1548 3928 Ecclesiae
1563 3859 1763 3930 societatem
1784 3863 1941 3949 vocavit,
1964 3861 2135 3938 ethacte·

119 3991 194 4040 esse
216 3989 338 4037 veram
351 3960 420 4033 Dei
435 3958 648 4044 Ecclesiam,
673 3958 713 4026 in
738 3981 807 4052 qua
829 3982 897 4030 vox
913 3955 1101 4047 Evangelii
1151 3979 1220 4026 nus
1241 3957 1439 4026 ‘clementer
1468 3973 1605 4030 coetum
1632 3961 1833 4031 docentium
1863 3975 1898 4032 et
1925 3965 2135 4036 discentium

119 4059 223 4140 sonai
238 4068 461 4154 incorrupta,
492 4056 576 4130 huic
600 4083 666 4129 nos
686 4059 940 4149 adiungamus,
967 4073 1002 4130 et
1025 4083 1103 4128 ma·
1152 4057 1245 4148 apud
1262 4079 1327 4125 nos
1349 4057 1521 4139 servavit,
1554 4071 1588 4128 et
1612 4071 1692 4129 toto
1716 4084 1795 4130 eum
1817 4077 1958 4153 pectore
1979 4090 2061 4146 oro,
2095 4079 2136 4136 ut

118 4191 267 4244 neamus
285 4167 327 4234 in
352 4187 390 4232 ea
412 4173 612 4232 constantes
626 4173 669 4232 -et
691 4160 786 4230 firmi
813 4162 925 4246 cives,
959 4173 993 4230 et
1016 4184 1104 4230 con·
1153 4159 1317 4246 deinceps
1329 4181 1470 4250 quoque
1487 4181 1553 4226 nos
1568 4160 1692 4229 doceat
1706 4173 1739 4230 et
1752 4162 1939 4250 gubernet,
1963 4188 2026 4234 nec
2042 4166 2137 4237 sinat

119 4270 341 4343 iunctionem
358 4279 531 4336 tueamur.
1154 4258 1312 4347 extingui
1328 4258 1441 4326 lucem
1457 4259 1649 4332 doctrinae.
1700 4257 1789 4330 Cum
1806 4276 1921 4332 autem
1940 4261 2086 4335 honeste
2103 4279 2136 4335 ct
2215 4325 2222 4336 .

221 4368 320 4439 Haec
343 4377 465 4434 monet
486 4363 548 4432 illa
566 4354 700 4432 Christi
721 4361 846 4432 concio
872 4361 917 4431 de
939 4359 1105 4445 Zizaniis,
1155 4358 1292 4430 utiliter
1304 4357 1505 4429 institutum
1529 4359 1592 4444 sit,
1623 4371 1662 4430 ut
1687 4362 1732 4430 de
1753 4363 1870 4454 aliqua
1893 4364 2137 4435 doctrinarum

121 4493 211 4567 quae
230 4463 398 4562 prohibet
410 4466 574 4534 doctores
588 4461 705 4532 aliena
721 4485 740 4532 a
758 4482 821 4532 suo
841 4461 958 4530 officio
981 4461 1107 4544 facere,
1155 4473 1254 4550 parte
1286 4459 1441 4543 dicatur,
1483 4481 1566 4528 nam
1599 4459 1638 4527 in
1668 4463 1911 4549 congressibus
1940 4461 2135 4534 Doctorum

121 4585 220 4644 vetat
247 4570 354 4642 etiarn
384 4565 499 4636 deseri
520 4559 715 4634 Ecclesiam
740 4574 883 4653 propter
905 4561 966 4631 illa
993 4561 1106 4632 tristia
1155 4561 1306 4627 maxime
1323 4559 1420 4628 decet
1435 4557 1590 4649 primum
1605 4581 1730 4630 sonare
1755 4561 1876 4632 laudes
1889 4560 1977 4647 Dei,
2008 4565 2138 4635 deiude

120 4672 318 4766 spectacula
345 4665 624 4749 dissensionum,
662 4664 826 4732 odiomm
856 4677 889 4734 et
913 4657 1107 4732 calumitia·
1158 4673 1192 4731 et
1218 4660 1573 4729 commonefactioues
1595 4660 1701 4729 utiles
1725 4663 1767 4730 ad
1789 4662 1973 4731 formanda
1995 4664 2139 4750 iudicia,

121 4798 215 4846 rum.
273 4769 410 4842 lnterea
434 4767 539 4836 faciat
561 4764 641 4856 pius
662 4777 697 4835 et
719 4764 868 4853 vigilans
888 4763 1110 4852 magistratus
1159 4775 1193 4832 et
1208 4760 1253 4829 ad
1268 4760 1440 4847 regendos
1454 4783 1586 4845 mores;
1614 4783 1676 4849 ego
1693 4783 1833 4852 quoque
1853 4785 1962 4850 pauca
1979 4765 2139 4836 dicturus

123 4899 164 4946 ea
180 4895 272 4966 qnae
286 4883 370 4941 sunt
384 4868 439 4938 sui
454 4867 580 4952 officii,
606 4865 688 4957 quia
704 4865 859 4957 profecto
878 4865 916 4932 in
930 4885 1058 4951 magno
1076 4874 1111 4930 et
1159 4883 1247 4931 sum.
1300 4859 1396 4947 Quid
1411 4859 1486 4927 fieri
1500 4860 1627 4930 melius
1641 4862 1679 4928 in
1696 4857 1851 4928 humano
1872 4884 1998 4950 genere
2014 4881 2140 4960 potest,

124 4972 294 5047 horribili
308 4993 428 5041 errore
444 4980 548 5052 sunt,
572 4967 634 5058 qui
651 4980 827 5036 aeternam
842 4963 954 5051 legem
970 4961 1038 5032 Dei
1062 4962 1111 5032 sic
1160 4983 1242 5029 vera
1266 4957 1334 5030 Dei
1358 4960 1610 5042 celebratione,
1649 4973 1683 5029 et
1712 4960 1956 5032 doctrinarum
1981 4967 2139 5036 illustra-

124 5086 254 5170 putant
275 5073 464 5143 extinctam
486 5091 577 5152 esse,
608 5078 648 5136 ut
668 5067 724 5136 lex
746 5064 917 5154 Spartana
938 5065 984 5133 de
1003 5085 1111 5132 numo
1161 5061 1275 5146 tione,
1298 5072 1331 5130 et
1351 5062 1522 5132 virtutum
1536 5058 1732 5131 exercitiis?
1756 5059 1940 5156 inquibus
1955 5063 2050 5136 Deus
2066 5090 2140 5136 sese

126 5179 242 5248 ferreo
254 5181 474 5246 mortuaest.
523 5166 614 5238 Vult
621 5164 718 5238 Deus
731 5158 968 5256 blasphemias
984 5175 1018 5232 et
1032 5186 1113 5252 per·
1162 5161 1267 5234 nobis
1281 5162 1535 5246 communicat,
1560 5175 1594 5232 et
1611 5159 1706 5229 lilius
1719 5159 1787 5232 Dei
1809 5155 1918 5262 λόγος
1938 5190 2019 5236 vere
2043 5168 2140 5237 adest

129 5277 222 5360 iuria
251 5272 470 5344 severissime
497 5267 640 5358 puniri,
673 5281 708 5338 et
730 5265 833 5358 punit
855 5265 929 5355 ipse
947 5264 1114 5334 alastoras
1163 5261 1364 5350 mentibus,
1407 5273 1442 5330 et
1472 5261 1510 5330 in
1541 5259 1592 5330 eis
1623 5260 1737 5331 lucem
1770 5273 1805 5332 et
1834 5265 1943 5336 vitam
1971 5267 2141 5340 accendit.

129 5379 211 5450 illas
226 5375 420 5466 impiorum
437 5370 640 5459 dogmatum
656 5381 815 5454 autores,
838 5389 918 5438 cnm
931 5363 1115 5456 magistra-
1165 5359 1331 5458 Optarim
1357 5373 1474 5434 autem
1500 5383 1558 5432 me
1583 5383 1685 5456 posse
1706 5363 1903 5437 orationem
1925 5365 2061 5437 adferre
2084 5367 2141 5435 di-

181 5470 380 5550 lllsssrrrn
396 5475 501 5543 Orrr.
525 5469 611 5542 voa.
636 5462 714 5540 llll.
831 5460 835 5466 ¹
1469 5460 1521 5534 10
