4696 5820
91 275 165 349 sor
372 209 378 216 ⁰
659 269 818 350 nucu
859 269 934 349 on
965 267 1110 347 vrrs
1142 263 1533 346 aucsnnasn.
2052 209 2128 346 sos

90 437 404 542 ἀριστοκρατίαν,
429 446 634 540 praesertim
650 447 689 515 in
710 469 779 540 qna
793 447 903 538 possit
917 445 993 516 lieri
1010 447 1088 517 col·
1134 447 1246 518 ditate
1270 441 1444 514 vindictae
1463 455 1526 512 aut
1549 440 1739 533 pecuniae,
1772 465 1877 514 uerno
1900 442 1978 514 sine
1993 443 2127 518 auxilio

89 547 179 618 latio
193 548 410 618 iudiciorum
426 571 506 619 euru
523 549 627 619 bonis
645 561 678 619 ct
691 549 807 620 doctis
819 549 917 618 viris.
1133 546 1202 619 Dei
1219 560 1334 618 tantas
1348 545 1571 616 difficultates
1584 565 1749 635 superare
1766 559 1890 637 potest.

194 647 268 719 Nec
295 663 415 720 tamen
441 650 554 720 defuit
581 650 662 719 aliis
688 649 862 739 gentibus.
922 649 1013 736 Sed,
1045 662 1086 720 nt
1238 647 1322 718 Fuit
1345 661 1464 716 autem
1487 667 1611 716 cursus
1629 645 1784 717 Pastoris
1804 647 1918 717 nostri
1941 647 2018 718 sine
2039 647 2131 731 lohe,

86 751 178 822 olim
197 749 755 841 nominabantucEvaugelistae,
784 751 901 845 quiin
923 752 1087 843 pluribus
1136 765 1171 822 et
1194 751 1314 822 foelix.
1364 745 1485 836 Quare
1505 746 1679 818 divinitus
1701 750 1936 838 gubernatum
1960 772 2053 835 esse,
2077 751 2132 822 fa-

88 853 180 924 locis
205 849 399 938 docebant,
429 866 464 923 et
485 848 661 924 Ecclesias
689 854 972 938 constituebant,
1006 853 1085 922 talis
1135 854 1284 926 tendum
1300 861 1371 935 est,
1396 849 1535 920 illustre
1550 847 1792 922 testimonium
1809 853 1854 920 de
1869 851 1944 922 eins
1956 852 2131 938 moribus,

85 954 159 1026 fuit
176 967 212 1024 et
228 955 302 1046 ipsc
318 949 565 1045 Evangelista,
588 968 733 1026 vocatus
744 953 942 1040 Lubeeam,
963 953 1086 1024 Bruu-
1137 969 1171 1027 et
1192 948 1261 1024 hoc
1281 965 1350 1037 est,
1373 953 1471 1043 quod
1493 974 1553 1021 rex
1576 948 1733 1023 Danicus
1753 947 1979 1025 Christianus
2002 967 2037 1024 et
2063 977 2122 1023 re-

87 1055 246 1146 svigam,
296 1054 565 1146 Hamhurgam,
616 1057 654 1126 in
688 1053 935 1128 pomeraniam
976 1070 1012 1127 et
1044 1055 1084 1124 in
1137 1057 1218 1147 gina
1235 1053 1393 1137 Dacica,
1420 1076 1500 1123 cum
1515 1052 1661 1145 quidem
1675 1054 1847 1124 excellant
1859 1055 2001 1146 pictate,
2026 1054 2130 1126 iusti·

86 1179 242 1246 regnum
264 1155 463 1242 Danicum,
489 1157 731 1248 incorruptam
749 1152 936 1248 Evangelii
951 1158 1085 1242 doctri-
1136 1159 1209 1241 cia,
1235 1156 1391 1226 castitate
1405 1167 1440 1224 et
1463 1153 1630 1225 omnibus
1648 1155 1860 1238 virtutihus,
1886 1157 2067 1227 voluerint
2080 1157 2127 1228 ab

86 1283 175 1328 narn
191 1257 243 1329 ibi
257 1260 397 1345 docuit,
422 1260 555 1331 delevit
569 1257 664 1328 idola
680 1274 715 1328 et
729 1281 865 1330 errores
885 1261 1086 1352 papisticus,
1136 1284 1177 1328 co
1190 1262 1229 1328 in
1244 1255 1603 1352 precationepublica
1617 1257 1800 1339 coronari,
1825 1261 1871 1328 ad
1887 1281 1992 1352 οοοιῃ
2012 1259 2127 1328 nemi-

86 1372 124 1430 et
140 1359 218 1431 Deo
234 1360 379 1432 iuvante
396 1357 570 1432 Ecclesiae
587 1362 643 1453 pie
668 1360 868 1446 constituit,
894 1385 985 1454 quac
1002 1361 1084 1456 qni-
1135 1386 1217 1430 nem
1232 1373 1325 1430 certe
1343 1353 1541 1429 adhibituri
1559 1370 1679 1442 eram,
1706 1358 1775 1427 uisi
1792 1382 1897 1452 quem
1914 1359 2129 1430 iudicassent

86 1463 175 1530 dem
190 1484 302 1530 annos
311 1463 452 1533 circiter
467 1451 610 1552 triginta
624 1457 793 1532 hactenus
808 1465 953 1532 eandem
963 1459 1085 1534 Evan-
1135 1460 1251 1533 Deum
1276 1473 1368 1531 recte
1391 1481 1510 1531 eccum
1533 1459 1716 1543 invocare,
1746 1472 1780 1530 ct
1800 1462 2007 1532 ardentibus
2032 1462 2127 1533 votis

84 1561 176 1654 gelii
193 1587 312 1632 vocem
329 1562 388 1654 pio
405 1587 579 1634 consensu
598 1564 764 1635 retinent.
1136 1566 1286 1637 salntem
1309 1583 1418 1654 regno
1442 1573 1579 1654 petere,
1612 1573 1648 1632 et
1665 1554 1796 1640 habere
1816 1576 1947 1634 castam
1969 1575 2124 1634 mentem

194 1661 363 1754 Legimus
379 1667 424 1735 ab
438 1660 586 1736 Othone
599 1662 854 1756 Bomhcrgensi
876 1664 981 1736 initio
997 1687 1085 1735 eon·
1136 1679 1170 1738 et
1185 1681 1295 1738 castas
1315 1687 1451 1739 manus.
2039 1726 2042 1740 .

84 1765 231 1838 stitutas
244 1788 319 1835 esse
334 1763 511 1837 Ecclesias
526 1765 794 1852 Pomeranicas‚
828 1791 932 1861 quem
949 1781 1085 1838 constat
1235 1767 1417 1838 Hactenus
1438 1765 1645 1836 brevissime
1674 1766 1748 1838 disi
1770 1769 1815 1838 de
1843 1791 1948 1840 cursu
1970 1767 2127 1840 Pastoris

83 1864 198 1936 luisse
222 1867 339 1936 virum
360 1868 536 1952 nobilem,
563 1863 1018 1954 comitemtludccensem,
1044 1892 1085 1937 cx
1135 1870 1267 1953 nostri,
1293 1869 1356 1962 qui
1379 1867 1448 1940 luit
1470 1880 1503 1938 et
1525 1868 1617 1940 vitae
1633 1869 1744 1960 ipsius
1760 1883 1795 1940 et
1813 1865 1920 1940 huius
1940 1871 2054 1941 nostri
2070 1893 2127 1940 se-

83 1967 227 2036 samilia
247 1966 387 2040 Ducum
405 1969 605 2056 Meraniae,
631 1971 693 2063 qni
712 1984 904 2042 tenuerunt
922 1969 1085 2041 Voitlau-
1134 1973 1207 2042 culi
1223 1972 1322 2041 velut
1342 1992 1448 2040 aurea
1470 1982 1584 2053 actas,
1608 1994 1688 2039 cum
1704 1971 1869 2043 videlicet
1891 1987 1973 2044 ante
1990 1972 2124 2042 bellum

83 2069 205 2151 diam,
240 2083 276 2140 et
298 2087 484 2160 cognatum
508 2067 696 2162 Hedwigis
716 2070 909 2159 Slcsiacae,
944 2085 980 2143 et
1006 2069 1085 2142 Eli·
1133 2072 1254 2144 Caroli
1279 2070 1532 2142 Germanicum
1556 2067 1733 2142 Ecclesiae
1756 2072 1952 2146 floruerunt
1970 2087 2005 2145 et
2026 2088 2126 2144 tran-

83 2171 232 2242 zabetae
256 2169 483 2261 Turingicae.
535 2172 618 2243 Nou
641 2186 776 2244 constat
801 2175 888 2268 quid
911 2174 1085 2260 docuerit,
1135 2176 1268 2269 quillae
1286 2175 1443 2246 luerunt.
1501 2171 1627 2244 Secuta
1658 2187 1710 2245 est
1736 2175 1865 2244 deinde
1886 2177 1997 2244 ferrea
2020 2189 2126 2260 aetas,

84 2275 186 2364 quod
212 2271 358 2363 quidem
384 2275 535 2344 maxime
563 2275 645 2344 sciri
666 2277 869 2368 oportebat,
901 2277 962 2345 sed
988 2277 1084 2368 quod
1134 2276 1171 2344 in
1191 2301 1260 2370 qua
1278 2275 1409 2345 multae
1430 2271 1655 2346 confusiones
1668 2299 1709 2346 ex
1725 2273 1932 2369 Principum
1955 2290 1988 2346 et
2002 2269 2124 2346 Theo-

83 2373 133 2442 sit
161 2372 346 2442 doctrinae
368 2397 494 2464 genus,
528 2378 623 2468 quod
648 2400 760 2447 unum
785 2390 820 2447 et
837 2377 1084 2469 incorruptum
1133 2379 1294 2468 logorum
1311 2376 1637 2449 bellisortaesuut.
1691 2374 1732 2446 ln
1750 2372 2123 2470 hiscaptivitasPrin·

82 2473 125 2542 in
142 2474 313 2544 omnibus
332 2475 421 2544 loeis
446 2478 593 2548 tradidit
607 2476 732 2549 Pastor
749 2475 927 2549 Ecclesiae
944 2492 1085 2549 nostrae
1134 2481 1264 2571 tipum,
1289 2475 1396 2549 huius
1412 2476 1533 2568 oppidi
1549 2477 1703 2561 obsidio,
1727 2491 1761 2548 et
1777 2493 1911 2550 caetera
1926 2479 2015 2550 belli
2032 2480 2124 2551 mala

84 2573 243 2644 loannes
258 2571 528 2666 Bugenhagins,
553 2592 678 2650 notum
696 2594 747 2650 est
766 2595 799 2650 et
817 2605 857 2650 cx
879 2581 976 2651 illius
997 2581 1083 2650 scri·
1133 2581 1311 2672 ingentem
1336 2580 1495 2650 dolorem
1521 2579 1598 2648 viro
1615 2579 1751 2671 optimo
1768 2579 1807 2647 in
1830 2575 1896 2650 hac
1910 2593 2050 2652 senecta
2065 2595 2125 2651 at-

82 2676 172 2768 ptis,
194 2691 287 2748 etex
302 2681 542 2749 monumentis
556 2681 698 2750 illarum
715 2677 969 2766 Ecclesiarum‚
996 2707 1084 2776 qua·
1133 2684 1312 2767 tolerunt,
1335 2694 1376 2752 ut
1398 2675 1596 2772 Prophetae
1622 2679 1810 2768 leremiae,
1835 2683 1952 2754 clades
1969 2696 2004 2754 et
2026 2705 2122 2753 mors

82 2801 170 2848 rum
192 2777 263 2849 luit
293 2775 471 2874 olxioaqc,
505 2781 542 2850 in
569 2780 699 2875 quibus
727 2783 894 2852 omnibus
924 2807 1083 2875 expresse
1133 2785 1260 2876 optimi
1277 2783 1367 2870 regis
1386 2781 1528 2862 losiae„

83 2874 157 2949 hoc
177 2880 360 2965 adfirmat,
392 2905 429 2951 se
456 2883 620 2973 amplecti
647 2885 903 2954 confessionem
933 2907 952 2954 a
985 2884 1082 2955 lluc'e
1232 2883 1304 2954 Nec
1322 2897 1439 2954 tamen
1457 2883 1504 2952 ita
1519 2883 1652 2955 fractus
1666 2898 1718 2957 est
1732 2885 1872 2970 animo,
1894 2899 2008 2958 utaut
2022 2885 2122 2976 ioge-
2228 2957 2230 2962 ,

82 2979 265 3052 Senoniae
279 2978 444 3052 Electorc
459 2979 654 3054 exhibitam
672 2981 879 3076 imperatori
897 2985 1026 3056 carolo
1043 2986 1082 3054 in
1132 3002 1204 3072 ret,
1228 2999 1290 3056 aut
1303 2983 1497 3079 quidquam
1514 2985 1552 3052 in
1567 2981 1724 3058 Ecclesia
1739 2998 1910 3070 mutaret,
1932 2989 1993 3056 sed
2012 2987 2123 3058 erexit

81 3077 277 3152 Conventa
294 3083 501 3172 Augustauo
518 3082 616 3155 Anni
634 3085 742 3161 tsso.
794 3083 872 3157 Hoc
886 3099 1000 3157 totum
1017 3090 1083 3156 do·
1131 3112 1168 3158 se
1182 3089 1329 3158 adsidua
1349 3087 1562 3177 precatione,
1588 3101 1621 3158 et
1636 3085 1702 3160 hac
1718 3089 1961 3160 consolatione
1976 3087 2122 3159 moesti-

82 3183 225 3254 ctriuae
238 3206 350 3273 genus
365 3200 490 3257 notum
506 3202 557 3258 est
573 3211 615 3257 ex
630 3189 848 3259 confessione
870 3212 961 3283 quae
977 3203 1082 3276 extat,
1131 3193 1219 3260 ciam
1241 3189 1362 3272 leniit,
1385 3189 1483 3281 quod
1505 3189 1596 3261 vidit
1610 3203 1729 3262 tamen
1745 3192 1840 3260 inter
1861 3203 1981 3262 tantos
1993 3191 2123 3261 flcrctns

81 3298 115 3355 et
139 3281 221 3355 Deo
252 3286 396 3357 iuvante
425 3289 468 3357 ad
501 3312 643 3359 omnem
667 3292 906 3381 posteritatem
932 3313 1082 3382 perveu-
1116 3290 1300 3387 ‘Cymbam
1317 3285 1451 3361 Christi
1468 3290 1679 3365 mirabiliter
1699 3290 1812 3364 aDco
1829 3293 1981 3378 servari,
2002 3293 2059 3363 cui
2076 3291 2123 3361 sit

81 3399 167 3458 tura
190 3398 255 3460 est.
1130 3394 1207 3464 laus
1223 3407 1256 3464 et
1271 3392 1464 3482 gratiarum
1480 3391 1583 3464 actio.
1772 3483 1776 3492 ‚

187 3485 270 3558 Non
293 3487 442 3562 instituo
466 3491 693 3579 collationes,
719 3508 758 3566 ut
783 3495 820 3569 fit
842 3495 881 3565 in
895 3493 1081 3566 Declama-
1231 3493 1369 3566 Deinde
1391 3505 1488 3564 moto
1510 3492 1657 3563 dissidio
1682 3490 1822 3566 Flacico
1843 3497 1913 3569 luit
1935 3498 1975 3567 in
1996 3497 2123 3567 dolore

80 3587 267 3675 tionibus,
291 3615 458 3682 magnum
482 3596 588 3666 decus
603 3598 708 3668 estin
723 3598 827 3669 honis
842 3596 1081 3690 Principibus,
1129 3622 1205 3668 non
1238 3610 1311 3667 tam
1345 3617 1408 3666 sua
1443 3617 1562 3681 causa,
1600 3617 1707 3688 quam
1737 3609 1883 3688 propter
1915 3593 2122 3669 Ecclesiam.

80 3686 272 3761 honestam
296 3693 446 3764 formam
468 3696 631 3787 politiae,
663 3698 755 3789 leges
782 3713 816 3770 et
842 3699 972 3769 iudicia
997 3701 1079 3769 red·
1128 3699 1355 3771 Conscientia
1372 3699 1467 3767 euim
1485 3697 1597 3787 ipsius
1618 3719 1691 3768 oon
1708 3709 1784 3768 erat
1798 3700 1974 3784 sauciata,
2002 3712 2035 3770 et
2052 3699 2122 3767 im-

80 3795 168 3862 dere
193 3793 361 3880 urbibus,
387 3810 426 3867 ut
449 3796 553 3868 multi
571 3794 713 3870 honesti
735 3803 885 3871 v'ietores
909 3803 1079 3877 fecerunt.
1129 3805 1306 3894 pudenter
1328 3811 1530 3891 sparserant
1554 3797 1700 3891 quidam
1722 3801 1908 3872 manifesta
1926 3800 2123 3882 mendacia,

79 3889 196 3963 Aliud
218 3895 389 3986 quiddam
411 3911 481 3982 est,
514 3913 549 3968 et
569 3903 681 3970 maius
698 3899 766 3973 Dei
789 3903 997 3972 beneficium
1015 3916 1079 3984 est,
1129 3929 1219 3997 quae
1254 3904 1385 3973 sciebat
1417 3899 1564 3970 refutari
1595 3913 1765 3992 tempore.
1824 3901 1915 3973 Nam
1943 3925 2059 3997 neque
2082 3903 2122 3970 in

77 3990 261 4065 Ecclesiae
289 4014 381 4068 recte
413 4001 600 4082 constitui,
643 4004 680 4072 in
705 4028 776 4097 quo
804 4005 975 4075 beneficio
997 4029 1076 4075 cum
1128 4007 1390 4097 bello‚-neque
1411 4016 1529 4096 postea
1551 4025 1673 4072 vorem
1695 4004 1895 4090 doctrinae,
1923 4027 1988 4075 nec
2003 4005 2120 4074 ullum

78 4090 334 4184 Bugenhagius
351 4099 454 4172 fidele
474 4125 646 4193 organum
667 4103 733 4175 Dei
757 4108 881 4192 fucrit,
909 4127 1076 4196 magnum
1127 4107 1165 4175 in
1183 4102 1340 4176 Ecclesia
1363 4105 1473 4175 ritum
1489 4105 1656 4190 mutavit3
1683 4118 1717 4176 et
1730 4127 1934 4200 quanquam
1950 4108 1995 4175 ad
2011 4107 2122 4175 alium

78 4196 114 4265 id
133 4199 245 4268 decus
265 4222 355 4284 esse,
378 4216 412 4274 et
428 4205 679 4294 gratitudinem
698 4210 730 4276 ei
746 4209 997 4300 sempiternam
1013 4211 1077 4279 de·
1126 4210 1313 4280 dominum
1338 4203 1424 4277 haec
1440 4207 1537 4296 regio
1555 4206 1722 4276 translata
1745 4221 1814 4293 est,
1840 4221 1960 4278 nmen
1981 4227 2120 4297 semper

77 4297 176 4383 beri,
203 4301 427 4372 manifestum
453 4319 515 4376 est.
1125 4312 1240 4380 voluit
1262 4331 1406 4378 manere
1429 4309 1578 4377 eandem
1593 4303 1808 4394 Ecclesiam,
1834 4325 1869 4382 et
1890 4332 1994 4399 saepe
2012 4307 2119 4378 dixit:

181 4397 332 4473 Prodest
352 4418 387 4476 et
409 4401 478 4480 hoe
496 4407 740 4478 testimonium
767 4413 812 4480 de
827 4411 903 4479 eius
917 4410 1076 4480 moribus
1124 4411 1215 4484 Date
1228 4410 1328 4495 Deo,
1359 4433 1448 4503 quae
1462 4404 1530 4478 Dei
1551 4423 1654 4490 sunt,
1688 4424 1722 4480 et
1735 4407 1897 4494 Caesari,
1923 4433 2013 4504 quae
2037 4420 2142 4490 suut,

78 4501 296 4591 posteritati,
325 4509 420 4598 quod
445 4511 549 4594 sciet,
576 4510 656 4580 talis
672 4511 740 4578 viri
758 4533 878 4580 vocem
898 4505 992 4579 hanc
1009 4513 1076 4580 do·
1124 4513 1294 4586 Caesaris.
1364 4509 1553 4605 Utrunque
1582 4511 1676 4580 enim
1701 4525 1903 4583 constanter
1933 4509 2121 4602 praestitit,
2187 4563 2193 4572 .

77 4603 229 4672 ctrinam
259 4605 382 4690 luisse,
416 4611 516 4680 cuins
536 4636 652 4681 mores
676 4613 817 4702 probati
835 4613 967 4683 luerint
981 4613 1073 4704 opti*
1123 4616 1191 4686 fuit
1215 4613 1451 4685 alienissimus
1473 4636 1492 4682 a
1517 4612 1693 4682 seditiosis
1717 4614 1893 4696 consiliis,
1916 4627 1949 4683 et
1972 4612 2009 4680 in
2032 4611 2120 4680 reti-

75 4705 142 4774 mis
159 4702 321 4794 Regibus
335 4707 500 4794 Darius,
529 4711 710 4783 Friderico
734 4726 768 4784 et
786 4711 1014 4798 Christiano,
1040 4730 1075 4785 et
1123 4719 1240 4787 nenda
1263 4715 1446 4786 doctrinae
1477 4716 1631 4805 puritate
1659 4714 1792 4786 firmus.
1863 4713 1986 4808 ltaque
2010 4725 2050 4784 ut
2074 4715 2119 4782 de

76 4805 225 4896 optimis
247 4805 476 4903 Principibus
496 4813 656 4884 Ducibus
682 4813 933 4902 Pomeraniae,
966 4827 1073 4906 ettot
1122 4815 1254 4889 Severo
1278 4818 1492 4910 lmperatore
1511 4816 1681 4909 scriptum
1713 4829 1781 4899 cst,
1813 4816 1922 4886 luisse
1954 4805 2033 4884 cum
2059 4813 2119 4884 in-

75 4906 222 4975 urbium
234 4906 484 4999 senatoribus,
510 4917 681 5008 sapientia
697 4932 731 4988 et
744 4919 876 4990 virtute
891 4931 1071 5010 praestan·
1121 4930 1259 4990 tentum
1277 4922 1316 4990 in
1332 4944 1384 5005 ea,
1409 4939 1499 5012 quac
1514 4919 1648 5008 agenda
1663 4930 1774 5001 crant,
1799 4929 1833 4988 et
1846 4917 2039 5007 neglexisse
2053 4940 2119 5007 po-

76 5007 191 5092 tibus,
219 5011 283 5102 qui
307 5011 378 5082 nisi
404 5039 519 5087 mores
543 5014 649 5089 huius
673 5020 742 5088 viri
773 5021 883 5092 iustos
906 5037 939 5091 et
960 5034 1071 5088 castos
1120 5021 1197 5110 puli
1213 5023 1379 5106 fabellas,
1405 5016 1594 5114 Ἐπιμολὴς
1617 5013 1664 5112 ἢν
1681 5021 1760 5090 τῶν
1781 5016 1997 5114 πρακτέων,
2025 5016 2116 5111 ἆμε-

76 5129 148 5180 esse
162 5111 366 5194 scivissent,
394 5139 469 5187 non
492 5121 739 5211 expetivissent
762 5147 860 5206 eum,
886 5145 951 5192 nee
971 5122 1015 5190 ad
1034 5143 1071 5190 se
1119 5117 1184 5216 λὴς
1209 5127 1288 5197 τῶν
1316 5118 1399 5217 περὶ
1428 5117 1547 5193 αὐτοῦ
1578 5118 1924 5218 λογοποιουμένων,
1960 5122 2011 5190 sic
2040 5121 2114 5212 ipse

76 5225 109 5280 et
130 5215 173 5281 ad
205 5236 289 5282 suos
314 5235 508 5292 vocassent.
568 5220 731 5315 Cumque
766 5245 820 5293 res
850 5222 1069 5294 difficilimac
1118 5226 1295 5296 cumillae
1315 5217 1566 5320 sycophantiae
1588 5235 1856 5312 spargerentur,
1893 5235 2037 5315 propter
2054 5243 2111 5289 eas

75 5310 161 5396 sint,
196 5316 412 5386 constituere
435 5317 628 5401 Ecclesias,
662 5325 816 5395 refutare
836 5327 1070 5409 adversarios,
1118 5339 1236 5396 tamen
1260 5325 1473 5396 necessarios
1495 5323 1638 5394 labores
1664 5349 1737 5395 non
1761 5323 1892 5395 omisit.
1946 5321 2016 5393 Sed
2038 5317 2114 5392 Ec-

75 5433 145 5483 uon
162 5416 292 5486 abduci
306 5418 351 5490 ab
365 5421 483 5491 officio
497 5426 710 5511 ambitione,
737 5427 940 5514 iracundia,
965 5426 1070 5517 cupi·
1116 5426 1242 5499 clasiae
1265 5451 1367 5500 causa
1389 5425 1504 5498 doluit
1527 5427 1675 5498 accendi
1699 5426 1780 5497 odia
1806 5441 1841 5496 at
1856 5423 2051 5495 discordias
2066 5424 2112 5491 de
