4604 5804
50 317 114 391 817
374 323 376 328 ’
507 315 516 344 ’·
704 305 735 380 1.
787 241 1081 380 CHllONlCON
1106 301 1357 383 CARlONlS.
1983 320 2058 394 818

50 492 167 559 laturos
183 506 278 574 esse,
307 477 486 552 Mantinei
502 480 619 550 exules
639 479 722 550 freti
742 474 807 548 hac
828 499 913 570 pace
929 499 1016 548 con·
1056 497 1059 508 ·
1167 474 1414 550 commoratus
1437 493 1552 550 autem
1572 475 1842 572 Epaminondas
1858 489 1903 556 ad
1926 487 2052 561 urbem

53 588 192 666 veniunt,
219 597 253 654 et
271 580 654 675 patriamMantiueam
670 581 867 651 instaurare
882 601 1017 649 conan-
1066 577 1230 672 Spartam
1255 580 1464 674 quatriduo,
1506 603 1585 650 curn
1620 598 1655 653 et
1685 585 1798 656 dilabi
1819 587 1976 660 Arcades
2005 595 2048 663 ad
2090 627 2095 645 ·

50 707 108 764 tur.
154 686 282 756 Fuerat
302 696 418 755 autern
434 681 617 754 Mantinea
635 681 822 774 praecipua
843 679 1014 752 urbsAr-
1066 681 1233 772 praedam
1257 681 1393 751 videret
1417 684 1455 750 in
1477 683 1620 772 regione
1644 688 1831 776 opulenta,
1871 690 1910 758 iu
1944 715 2050 786 quam

50 790 168 868 cadus,
194 787 335 858 condita
351 807 371 856 a
386 784 460 853 filio
468 783 661 879 Lycaonis,
683 783 785 853 cuius
801 805 932 866 upmeu
946 781 1015 852 luit
1065 783 1178 872 spolia
1195 807 1235 852 ex
1251 783 1372 852 multis
1387 783 1551 869 gentibus
1566 799 1729 874 congesta
1747 801 1864 876 erant,
1891 792 2049 866 discessit

48 890 246 960 lllarrtineus.
299 885 400 975 Quae
417 909 496 955 curn
513 885 630 954 vicina
643 882 954 967 essetLacouicae,
979 895 1014 954 et
1065 882 1150 952 inde
1167 886 1209 952 ad
1228 885 1299 954 alia
1313 884 1443 974 oppida
1470 890 1690 976 occupanda,
1715 889 1854 984 fuitque
1874 891 2048 963 inLaco-

48 1007 149 1063 tamen
172 986 230 1085 (ut
252 1011 338 1078 gens
361 984 535 1056 Arcadica
558 985 716 1080 inquieta
737 985 823 1065 fuit,
858 996 893 1054 et
918 1007 1014 1054 mer·
1064 985 1143 1054 nica
1159 997 1230 1054 tres
1245 1008 1392 1056 meuses.
1446 983 2045 1065 lutereabacedaemoniiabAtbe-

48 1094 120 1163 cede
147 1090 298 1161 militare
328 1083 578 1180 consueverat)
608 1109 711 1178 saepe
742 1086 953 1175 adiungeret
976 1109 1013 1156 se
1064 1086 1250 1156 aiensibus
1273 1085 1445 1155 auxilium
1467 1088 1685 1177 petiverunt,
1721 1092 1811 1162 lacta
1832 1117 2046 1166 commemo-

48 1189 192 1263 hostihus
216 1189 599 1272 Lacedaemoniorum,
639 1199 674 1258 et
705 1187 802 1259 velut
830 1210 893 1256 arx
923 1199 1015 1258 esset
1062 1187 1200 1257 ratione
1222 1201 1429 1258 mutuorum
1455 1188 1724 1271 beneficiorum,
1758 1207 1792 1263 et
1815 1208 1972 1283 orantes,
2000 1221 2046 1266 ue

46 1291 210 1364 hostilium
228 1292 429 1383 copiarum,
454 1287 780 1360 aLacedaemoniis
796 1311 914 1358 eversa
932 1287 1011 1360 fuir.
1062 1284 1148 1374 hos,
1189 1288 1311 1382 quiin
1334 1289 1495 1358 maximis
1522 1287 1692 1360 Graeciae
1714 1295 1879 1382 periculis
1897 1297 2045 1371 fuissent

46 1393 149 1484 Quare
168 1417 248 1464 cum
271 1394 454 1476 viderent,
486 1414 562 1461 non
580 1390 656 1461 siue
679 1389 836 1481 periculo
858 1389 1011 1460 viciniae
1061 1391 1158 1461 velut
1171 1381 1405 1484 παραστάται
1422 1386 1715 1472 Atheniensium,
1739 1395 1849 1481 deleri
1874 1399 2044 1470 sinerent.

46 1519 109 1565 eam
129 1495 336 1580 instaurari,
363 1491 549 1583 Agesilaus
573 1491 745 1581 impedire
780 1491 1010 1562 idstauratio-
1033 1545 1035 1554 ‚
1062 1489 1116 1559 lbi
1132 1515 1211 1559 cum
1234 1491 1356 1560 civitas
1370 1489 1507 1577 Attica,
1533 1507 1573 1564 ut
1600 1515 1702 1583 saepe
1724 1495 1829 1580 alias,
1855 1499 1966 1568 oblita
1986 1501 2043 1568 of-

47 1620 114 1666 nem
135 1607 279 1666 conatus
300 1608 362 1666 est.
419 1590 578 1665 Accersit
599 1592 707 1681 igitur
727 1613 812 1681 gens
833 1589 1008 1662 Arcadica
1059 1592 1283 1675 sensionum,
1307 1590 1410 1661 vellet
1427 1589 1613 1662 Graeciam
1638 1595 1769 1664 salvam
1795 1619 1887 1678 esse,
1921 1599 2043 1669 decre-

48 1692 231 1767 Thebanos.
288 1693 489 1765 ltauovum
507 1693 695 1764 bellumiu
714 1690 860 1762 Graecia
884 1715 1010 1762 accen·
1058 1693 1111 1761 vit
1125 1707 1164 1762 ut
1179 1692 1286 1760 misso
1303 1693 1455 1761 exercitu
1466 1691 1736 1765 Lacedaemonii
1754 1698 2043 1770 defenderentur.

47 1821 110 1866 sum
124 1811 182 1878 est,
208 1799 248 1866 in
264 1794 470 1890 quoSparta
484 1817 573 1886 pene
587 1794 749 1864 funditus
764 1793 880 1882 periit.
915 1791 1007 1862 Nam
1058 1791 1160 1865 Misit
1174 1809 1209 1864 et
1224 1791 1419 1886 Dionysius
1437 1791 1578 1864 Siculus
1596 1809 1696 1886 pater
1718 1797 1845 1885 viginti
1867 1799 2041 1884 triremes,

44 1894 308 1988 Epaminondas,
331 1918 436 1988 quem
452 1908 599 1986 propter
612 1893 723 1984 ipsius
736 1894 903 1964 virtutem
920 1894 1033 1974 sociiq
1058 1893 1095 1960 in
1111 1895 1239 1986 quibus
1253 1894 1361 1962 fuisse
1376 1891 1492 1964 Celtas
1508 1909 1543 1966 et
1559 1894 1678 1966 Iberos
1696 1895 2040 1990 narratXenophuu.

47 1999 179 2070 libenter
207 1998 466 2090 sequebantur,
508 1996 698 2065 exercitum
729 1994 766 2062 in
794 1993 1006 2064 Laconicam
1057 1989 1108 2064 Et
1136 1996 1280 2085 quidem
1308 2006 1427 2086 postea
1448 1995 1643 2085 plurimum
1667 2000 1838 2088 proluisse
1863 1997 2039 2072 Lacedae·

44 2100 128 2168 duxit
151 2098 382 2192 quadraginta
407 2097 562 2166 millium
592 2096 772 2180 virorum,
812 2109 846 2166 et
872 2107 1003 2166 vastata
1056 2094 1187 2166 moniis
1201 2093 1319 2167 Celtas
1334 2096 1465 2190 iuquit.

44 2197 198 2270 Laconica
224 2213 260 2270 et
283 2197 402 2268 multis
418 2196 559 2290 oppidis
580 2195 758 2287 occupatis
781 2195 825 2264 ad
843 2194 1005 2285 Spartam

45 2302 185 2386 accessit,
216 2323 283 2370 nec
305 2312 423 2369 tamen
446 2298 595 2368 fluvium
612 2295 802 2377 Eurotam,
831 2296 894 2388 qui
910 2296 1005 2364 nivi·

45 2401 100 2470 bus
119 2402 354 2480 intumuerat,
387 2400 538 2471 transiit.
594 2393 648 2469 Ac
671 2409 790 2468 tantus
814 2411 928 2468 terror
948 2397 1006 2464 in-

46 2525 146 2572 cussus
171 2515 221 2572 est
244 2499 446 2592 Spartanis,
484 2513 525 2570 ut
548 2519 668 2568 servos
692 2511 890 2582 armarent,
923 2521 1004 2589 pro-
1159 2495 1349 2589 Postquam
1364 2521 1449 2567 vero
1465 2497 1622 2572 discessit
1644 2525 1685 2570 ex
1701 2499 1874 2571 Laconica
1890 2499 2039 2593 Epami-

44 2604 131 2672 missa
146 2605 193 2672 eis
216 2605 390 2674 libertate.
441 2597 602 2692 Cumque
622 2600 772 2690 speciem
799 2599 883 2668 iusti
906 2621 1005 2668 exer·
1054 2599 1213 2678 nondas,
1254 2597 1421 2689 Spartani
1445 2614 1589 2690 propter
1618 2602 1817 2672 societatem
1837 2596 2038 2671 Athenien-

45 2703 135 2790 citus,
165 2729 222 2774 sex
247 2703 363 2772 millia
385 2714 621 2786 armatorum,
654 2700 694 2768 in
713 2700 801 2769 urbe
823 2697 1007 2790 Agesilaus
1056 2699 1164 2781 sium,
1190 2711 1225 2768 ct
1242 2699 1406 2770 instructi
1423 2701 1564 2771 auxiliis
1586 2727 1627 2772 ex
1643 2701 1765 2772 Sicilia
1787 2703 1920 2786 missis,
1948 2726 2037 2793 pau-

46 2798 189 2888 baberet,
221 2802 397 2895 disposuit
419 2825 477 2872 eos
503 2801 605 2872 certis
627 2800 731 2880 locis,
767 2800 849 2892 quia
879 2798 1005 2891 Sparta
1055 2800 1155 2869 latim
1179 2800 1309 2890 oppida
1332 2823 1393 2869 sua
1417 2801 1602 2892 recipiunt.
1653 2801 1730 2873 Hos
1744 2827 1824 2872 cum
1845 2803 2037 2892 reprimere

45 2903 305 2975 sinemoenibus
326 2918 410 2974 erat.
461 2899 512 2974 Ea
529 2926 584 2973 res
598 2899 769 2971 deterruit
781 2897 1006 2992 Epaminon·
1055 2897 1209 2970 Arcades
1249 2915 1480 2987 conarentur,
1530 2905 1690 2974 nondum
1722 2901 1803 2974 finis
1835 2904 1904 2974 fuit
1937 2903 2035 2974 belli.

45 3007 131 3092 dam,
152 3030 196 3075 ne
211 3005 512 3098 oppugnationem
530 3015 689 3074 tentaret.
728 2999 1005 3091 NecAgesilaus,
1054 2999 1216 3093 Cumque
1232 2997 1416 3089 Agesilaus
1432 3017 1576 3094 propter
1593 3017 1767 3074 senectam
1787 3004 1915 3074 ducere
1938 3027 2036 3074 exer-

44 3106 96 3174 etsi
112 3104 277 3178 conviciis
295 3106 552 3198 provocabatur
570 3106 613 3172 ad
634 3102 895 3188 dimicandum,
919 3116 1005 3174 tunc
1055 3101 1163 3174 citum
1191 3126 1264 3171 non
1287 3115 1422 3194 posset,
1462 3105 1588 3173 missus
1609 3121 1660 3175 est
1684 3105 1777 3174 filius
1798 3101 2038 3176 Archidamus

45 3205 205 3280 iudicabat
247 3233 288 3277 cx
321 3209 409 3278 urbe
439 3206 629 3276 exercitum
662 3205 882 3274 educendum
918 3227 1005 3274 esse.
1055 3227 1135 3274 cum
1158 3201 1340 3294 Spartanis
1362 3205 1472 3294 copiis
1496 3217 1531 3274 et
1552 3206 1692 3276 auxiliis
1706 3203 1852 3276 Celticis
1870 3207 2037 3276 adversus

43 3306 206 3381 Steterunt
223 3322 340 3378 autem
356 3307 460 3376 ambo
478 3307 517 3374 in
537 3304 722 3374 contrariis
737 3303 824 3395 ripis
837 3301 1005 3389 Eurotae,
1057 3300 1232 3387 Arcades,
1258 3329 1347 3396 quos
1363 3305 1411 3373 ita
1427 3307 1529 3389 vicit,
1554 3321 1593 3376 ut
1610 3331 1736 3396 inagna
1760 3301 1917 3378 hostiurn
1942 3309 2035 3376 mul-
2154 3331 2156 3338 ·

44 3407 209 3498 Agesilaus
223 3424 258 3480 et
271 3405 557 3500 Epaminondas,
588 3427 662 3474 sese
683 3405 1004 3475 mutuo'contuen-
1055 3403 1209 3473 titudine
1222 3403 1420 3488 interiecta,
1447 3417 1481 3474 et
1496 3407 1596 3474 nullo
1610 3405 1784 3497 Spartano
1800 3408 1945 3490 amisso,
1969 3431 2035 3475 no-

43 3520 100 3593 tes,
124 3529 155 3582 et
171 3514 263 3582 alter
278 3509 422 3579 alterius
438 3509 604 3576 virtutem
622 3503 854 3589 admirantes,
879 3520 914 3576 et
929 3503 1005 3572 for·
1054 3503 1188 3572 minata
1210 3503 1257 3572 sit
1280 3504 1342 3572 illa
1365 3525 1499 3595 pugna:
1543 3501 1710 3600 oidoapcic
1732 3503 1846 3598 μαχὴ.
1911 3504 2035 3597 Neque

44 3620 134 3680 tunae
148 3615 240 3684 vices
263 3610 464 3698 cogitantes.
514 3601 603 3677 Erat
626 3605 720 3675 enim
746 3601 845 3674 triste
868 3617 1005 3694 specta·
1055 3619 1173 3676 tamen
1193 3599 1350 3674 Arcades
1380 3606 1587 3675 tumultuari
1617 3607 1809 3678 desierunt.¹
1873 3605 2037 3698 Cumque

41 3711 163 3795 culum,
187 3737 270 3785 cunr
285 3711 370 3779 anui
385 3708 535 3780 sexcenti
553 3719 666 3776 essent
681 3703 1003 3776 abHeraclidarum
1054 3729 1146 3776 nova
1163 3704 1303 3775 foedera
1319 3706 1480 3782 fecissent
1495 3730 1573 3775 cum
1582 3704 1680 3776 Eleis
1696 3722 1730 3778 et
1743 3707 1835 3788 aliis,
1859 3721 1892 3778 et
1905 3705 2035 3776 deinde

42 3833 135 3899 reguo
156 3816 194 3883 in
217 3812 408 3896 Laconica,
434 3835 499 3880 nec
522 3833 679 3901 unquam
703 3806 742 3875 in
764 3828 804 3876 ea
827 3807 1005 3898 conspecti
1055 3806 1210 3876 Arcades
1227 3806 1294 3895 ipsi
1309 3807 1403 3877 inter
1418 3829 1491 3876 sese
1508 3808 1675 3878 disiuncti
1689 3825 1821 3893 essent,
1846 3822 1886 3878 ut
1899 3829 2038 3897 semper

42 3928 142 3986 esseut
162 3911 308 3986 hostiles
332 3911 521 3996 exercitus,
545 3932 612 3979 nec
628 3905 791 3977 incendia
809 3920 843 3977 et
856 3909 1005 4000 popula·
1054 3908 1123 3977 suit
1140 3929 1249 3995 genus
1265 3903 1450 3976 hominum
1470 3908 1669 4002 inquietum
1693 3925 1728 3982 et
1750 3933 1874 4002 rapax,
1898 3923 1932 3978 et
1955 3929 2037 3998 pars

42 4012 142 4085 tiones
155 4019 199 4086 ab
213 4011 375 4084 hostibus
400 4011 451 4081 ibi
471 4013 582 4083 iactae
606 4022 739 4095 esseut,
777 4031 873 4078 narnc
895 4020 1004 4078 totam
1056 4005 1253 4102 (Mantinei
1272 4003 1454 4102 videlicet)
1470 3991 1651 4082 defecisset
1664 4013 1709 4081 ad
1724 4010 2038 4092 Lacedaemonios,

43 4117 206 4203 regionem
220 4115 279 4186 uri
297 4113 490 4186 et.vastari.
543 4111 596 4184 Ac
611 4125 650 4182 ut
668 4103 827 4180 Athenae
844 4125 925 4180 ante
941 4110 1006 4181 tri-
1055 4109 1116 4177 alii
1138 4104 1357 4179 aThebanis
1384 4108 1554 4179 auxilium
1579 4124 1755 4202 peterent,
1790 4123 1824 4181 et
1849 4110 2035 4180 Messanae

43 4213 125 4300 ginta
148 4239 261 4293 annos
283 4215 462 4286 deditione
483 4217 574 4284 facta
596 4211 782 4304 imperium
807 4225 842 4282 et
860 4211 1006 4281 liberta·
1055 4209 1265 4280 instauratio
1288 4205 1473 4278 Thebanis
1495 4233 1599 4279 curae
1619 4226 1727 4295 esset,
1758 4210 1867 4280 rediit
1885 4207 2042 4300 Epami,

42 4327 100 4383 tem
124 4321 330 4388 amiserant:
378 4317 426 4386 sic
450 4313 597 4408 Spartae
625 4335 721 4382 nunc
741 4334 831 4403 pene
854 4311 1005 4382 similem
1055 4311 1192 4379 noudas
1208 4309 1245 4377 in
1255 4307 1464 4394 Arcadiam,
1491 4311 1621 4381 ducens
1635 4335 1674 4381 ex
1683 4310 1831 4382 Boeotia
1845 4307 2033 4383 etEuboea

42 4413 261 4490 calamitatem
275 4443 359 4489 esse.
396 4415 475 4507 lpse
490 4415 593 4485 etiarn
608 4410 792 4502 Agesilaus
807 4413 1004 4504 exemplum
1056 4423 1092 4482 ot
1114 4405 1328 4480 Thessalicis
1352 4411 1531 4504 equitibus
1554 4412 1750 4482 mediocres
1772 4413 1909 4504 copias,
1946 4434 2034 4502 quas

40 4515 99 4588 luit
113 4519 368 4590 inconstantiae
388 4541 506 4587 rerum
528 4511 784 4597 humanarum,
811 4512 872 4606 qui
888 4526 922 4583 et
937 4513 1005 4580 sso-
1055 4512 1251 4581 accessione
1270 4511 1447 4581 sociorum
1478 4509 1518 4579 in
1539 4509 1692 4582 Arcadia
1720 4512 1829 4588 assuit.
1895 4509 1968 4581 lam
2000 4523 2034 4580 et

41 4621 263 4691 rectissimam
296 4620 443 4710 patriam
473 4627 668 4707 acceperat,
709 4626 744 4682 et
768 4612 1005 4683 lonnidabilis
1053 4611 1325 4704 lacedaemonii
1351 4611 1545 4700 medioeres
1574 4615 1692 4704 copias
1713 4610 1912 4697 hebebant,
1949 4611 2037 4702 quia.
2136 4674 2141 4682 ‚

40 4719 141 4792 luerat
165 4723 238 4812 regi
253 4719 411 4800 Persico,
447 4731 480 4789 et
495 4739 579 4786 suae
593 4713 713 4786 aetatis
730 4726 875 4804 propter
891 4715 1004 4785 virtu·
1054 4712 1190 4805 equites
1213 4707 1509 4796 Atheniensium,
1543 4727 1577 4783 ct
1599 4738 1679 4805 pars
1700 4711 1900 4797 Arcadum,
1924 4710 2032 4780 Man-

40 4828 99 4889 tern
114 4821 373 4894 laudatissimus
391 4823 463 4890 dux
478 4821 610 4902 iuerat,
637 4839 732 4885 nunc
748 4837 852 4882 senex
869 4815 1004 4906 patriae
1053 4814 1140 4884 tinei
1156 4827 1189 4882 et
1205 4807 1335 4898 Achei,
1358 4814 1401 4880 ad
1417 4835 1477 4882 eos
1491 4829 1717 4886 accesserant.
1768 4811 1901 4885 Eduxit
1924 4813 2034 4904 igitur

1360 2332 1726 2422 Epaminondas.

42 4922 125 4995 videt
147 4925 311 4994 incendia
336 4937 370 4993 ct
392 4921 522 4990 civium
544 4919 680 4987 funcra.
730 4911 870 4986 Proluit
885 4930 1002 4984 tamen
1025 4885 1030 5014 Ξ
1053 4913 1238 5002 Agesilaus
1254 4914 1444 4985 exercitum
1457 4916 1501 4984 ad
1517 4911 1750 4988 Mantineam.
1800 4911 2033 5006 HicEparni-

41 5023 163 5108 patriae
181 5024 291 5094 animi
305 5021 433 5092 robore
451 5033 485 5090 et
505 5018 665 5090 consilio.
715 5013 798 5085 Nou
821 5015 915 5085 enim
939 5018 1003 5114 de·
1025 5017 1028 5102 l
1053 5017 1190 5083 nondas
1206 5039 1351 5102 sperans
1366 5039 1401 5084 se
1417 5029 1559 5084 nactum
1579 5017 1796 5084 occasionem
1815 5017 1867 5086 rei
1886 5039 2033 5106 magnae

41 5127 137 5195 seruit
151 5127 274 5196 urbem
283 5175 296 5210 ,
328 5139 362 5194 et
377 5121 468 5192 cives
485 5119 645 5193 armavit.
700 5111 848 5186 Etcum
871 5117 1003 5185 exerci-
1051 5115 1300 5206 perficiendae,
1326 5116 1490 5185 videlicet
1513 5121 1734 5205 occupandae
1749 5116 1915 5208 Spartae,
1949 5116 2032 5208 quia

40 5234 105 5292 tum
120 5223 384 5318 Epaminondas
401 5222 547 5314 propius
562 5221 686 5289 urbem
698 5217 863 5297 adduxit,
895 5217 1001 5286 emis·
1051 5216 1476 5295 exercitusindeaberat,
1503 5215 1634 5285 omisso
1649 5219 1780 5308 praelio
1803 5219 1870 5289 iter
1887 5215 2033 5304 suscipit

39 5327 78 5392 sis
94 5330 266 5420 aprilibus
284 5342 317 5397 et
332 5349 372 5394 eu
388 5322 526 5392 insidiis
548 5323 691 5388 adortus
707 5313 853 5390 hostiles
870 5319 1002 5408 copias,
1052 5315 1356 5406 versusSpartam.
1395 5315 1463 5386 Sed
1481 5339 1518 5383 re
1533 5316 1685 5388 indicata
1704 5317 1895 5389 aCretensi
1910 5317 2032 5397 milite,

41 5439 196 5500 terrorem
215 5431 263 5500 eis
278 5427 441 5510 incussit,
467 5445 511 5491 ue
523 5421 765 5512 procederent.
824 5438 829 5450 ·
1021 5419 1025 5494 ξ
1050 5413 1234 5508 Agesilaus
1254 5418 1346 5488 redit
1365 5416 1530 5509 Spartans
1551 5441 1630 5490 curn
1657 5421 1731 5491 lilio
1757 5415 1978 5492 Archidamo
1997 5431 2032 5487 et
