4606 5822
45 323 108 396 6³7
259 371 265 378 .
650 309 916 390 PHlLll‘Pl
949 303 1400 388 MELAN'I’HONIS.
1972 315 2050 394 ἰ638

42 489 149 564 veteris
163 487 341 560 doctrinae
357 483 587 582 ‚inquiro-el?
626 483 727 575 Quid
749 509 846 562 nuuc
866 486 1009 560 ostendi
1059 484 1222 577 populis,
1247 485 1291 555 ad
1306 503 1383 554 casu
1400 493 1521 574 gentes
1541 483 1758 579 confugient.
1808 485 1950 562 Psalmo
1969 487 2047 565 72:

42 602 331 664 monumentorum
345 595 408 661 au't
423 587 607 662 doctrinae
620 586 925 684 abEpiscopiset
938 585 1008 660 Ca·
1061 581 1238 658 Orabitur
1262 607 1383 656 coram
1405 609 1447 656 eo
1472 609 1621 679 semper.
1679 589 1725 663 Et
1746 587 1916 662 Ieremias
1940 593 2050 684 trige-

39 692 157 766 nonicis
175 695 312 784 potest?
341 695 346 704 '
856 741 860 748 .
1059 687 1149 758 simo
1166 687 1287 759 tartlo:
1321 683 1400 758 Hoc
1422 701 1476 760 est
1499 711 1633 761 nomen
1657 715 1730 784 que
1749 693 1930 765 vocabunt
1953 716 2047 780 eum,

126 793 179 867 13.
212 789 343 870 Fontes
374 784 485 882 igitur
506 814 733 888 quaeramus,
772 791 863 864 sicut
885 791 1007 865 Esaias
1059 784 1191 860 lehova
1212 788 1352 860 iusticia
1373 801 1513 875 nostra,
1537 791 1666 878 idest,
1696 788 1765 863 hoc
1786 794 2047 886 praedicabitur

39 895 202 990 praecipit:
239 889 293 966 Ad
309 894 421 984 lege'm
445 906 481 964 et
502 895 559 990 ad,
573 893 836 980 testimonium,
869 893 901 964 si
925 894 1006 988 quis
1036 909 1037 912 ’
1058 889 1270 974 de‘Messia,
1296 891 1392 983 quod
1409 889 1483 986 ipse
1497 892 1543 961 sit
1560 887 1690 963 lehova
1706 895 1844 966 iusticia
1857 910 1990 980 nostra,
2011 911 2047 968 et

39 1021 99 1068 non
112 995 236 1067 dixerit
249 996 344 1066 iuxta
359 995 510 1066 verbum
533 990 621 1082 hoc,
646 1019 721 1068 non
744 996 812 1067 erit
832 997 865 1066 ei
885 1008 1005 1066 matu·
1058 1006 1244 1085 propterea
1259 991 1307 1061 sic
1323 992 1560 1066 invocabitur.
1611 993 1659 1066 Et
1672 993 1804 1068 Paulus
1826 997 1961 1069 directa
1987 999 2049 1066 in-·

39 1101 99 1170 tina
116 1098 185 1172 lux.
236 1093 405 1168 Iuramur
423 1109 540 1170 autem
558 1110 593 1169 et
606 1097 779 1191 symbolis
795 1112 830 1169 et
845 1099 1006 1169 testimo·
1059 1094 1243 1165 vocatione
1263 1093 1378 1164 utitur
1397 1098 1436 1166 2.
1451 1087 1577 1165 Thess.
1590 1099 1646 1168 θα
1679 1093 1759 1188 lpse
1779 1097 1956 1169 Dominus
1977 1123 2046 1170 uo-

39 1201 95 1268 niis
109 1200 239 1292 primae
264 1211 298 1268 et
321 1195 477 1290 purioris
491 1195 687 1285 Ecclesiae,
711 1199 896 1292 qtsiavult
909 1195 1006 1269 Deus
1057 1211 1129 1268 ster
1143 1191 1241 1266 lesus
1256 1189 1438 1278 Christus,
1461 1208 1496 1264 et
1511 1194 1613 1267 Deus
1636 1210 1673 1268 et
1691 1195 1799 1270 Pater
1815 1214 1937 1272 noster
1959 1224 2047 1272 con-

38 1299 207 1372 Ecclesiam
223 1302 329 1369 edere
345 1297 569 1385 testimonia,
590 1314 627 1372 et
642 1301 782 1372 dictum
805 1313 873 1371 est:
899 1299 1006 1372 Sedet
1057 1299 1173 1370 firmet
1188 1319 1251 1368 ros
1265 1297 1303 1364 in
1322 1297 1422 1368 omni
1436 1317 1600 1366 sermone
1616 1310 1650 1368 et
1663 1321 1770 1390 opere
1783 1302 1893 1376 bono.
1986 1321 2002 1330 ·

40 1403 114 1471 flius
134 1401 200 1472 Dei
221 1403 267 1471 ad
287 1401 607 1487 destram1aetcrni
630 1402 760 1494 patris,
795 1401 1005 1472 deusdona
1161 1395 1219 1471 15.
1255 1395 1353 1468 Haec
1377 1409 1411 1468 et
1433 1397 1562 1467 similia
1586 1399 1788 1471 testimonia
1816 1403 1976 1496 quotidie
2005 1404 2044 1472 in

40 1500 242 1588 hominibus,
268 1499 478 1594 Apostolos,
506 1497 719 1594 Prophetas,
751 1503 1005 1593 Evangelistas,
1057 1499 1283 1570 invocatione
1299 1497 1509 1590 cogitemus,
1534 1511 1576 1571 ut
1596 1523 1663 1570 nos
1686 1515 1809 1572 contra
1828 1504 1940 1574 furias
1963 1505 2052 1574 ‹tia›

38 1601 175 1674 Pastores
192 1617 226 1676 et
240 1599 430 1690 Doctores,
456 1603 586 1674 utnon
603 1603 892 1676 circumferamur
905 1601 1006 1674 omni
1056 1601 1192 1672 bolicas
1215 1595 1429 1683 Mahometi,
1462 1599 1701 1686 samosateni,
1735 1601 1892 1691 Serreti,
1924 1603 2046 1699 Cony-

40 1717 125 1775 cento
145 1703 346 1789 doctrinae,
380 1703 477 1774 inter'
488 1706 710 1796 praestigias
730 1700 917 1776 homiuum
939 1719 1006 1776 etc.
1057 1725 1135 1788 zae,
1160 1699 1367 1772 Thammeri
1382 1713 1418 1772 et
1431 1701 1602 1772 similium
1618 1703 1885 1791 confirmemus,
1905 1717 1941 1776 et
1960 1729 2048 1776 cou-

40 1803 132 1876 titius
151 1804 217 1875 Dei
249 1798 358 1902 λόγος
375 1807 515 1877 'aeterni
540 1807 670 1900 patris,
711 1808 798 1877 inde'
826 1828 938 1902 usque
960 1809 1021 1895 ab,
1056 1803 1250 1876 sideramus
1267 1804 1354 1900 quid
1369 1802 1592 1890 invocemus,
1617 1817 1653 1876 et
1669 1805 1743 1876 filio
1758 1803 1826 1877 Dei
1840 1830 1961 1878 verum
1977 1803 2047 1878 he·

41 1907 123 1976 initio
150 1909 250 1976 adest
271 1905 446 1978 Ecclesiae
474 1927 578 1995 suae,¹
620 1902 815 2004 alloquitur
836 1933 933 1996 eam,
970 1921 1005 1978 et
1036 1925 1185 1978 ¹storum
1213 1905 1429 1990 tribuamus,
1468 1925 1698 1994 agnoscamus
1725 1930 1806 1978 eum
1829 1908 1934 1978 ctiam
1964 1920 2047 1979 ante

40 2005 130 2078 mittit
148 2002 356 2100 Prophetas.
414 2005 554 2078 Deinde
576 2009 742 2082 incarne
764 2011 1006 2096 concionatur,
1057 2005 1309 2078 assumtionem
1337 1999 1514 2076 humanae
1544 2019 1693 2077 naturae
1725 2009 1870 2078 missum
1902 2031 1976 2078 esse
1998 2013 2050 2078 ad

39 2109 125 2179 mittit
133 2105 336 2200 Apostolos,
362 2121 396 2180 ct
410 2109 562 2179 subinde
577 2107 1005 2205 postponens-‘eorum
1056 2105 1272 2193 Ecclesiam,
1299 2120 1334 2179 et
1348 2099 1461 2205 λόγον
1482 2129 1557 2177 esse
1578 2109 1781 2180 immediate
1806 2109 2045 2203 alloquentem

40 2209 203 2298 auditores,
226 2208 481 2304 Polycarpum,
500 2207 697 2299 Irenaeum,
721 2225 901 2305 etpaucos
917 2215 1007 2282 alios
1057 2231 1156 2289 uos,
1180 2221 1217 2279 et
1244 2232 1383 2300 semper
1407 2209 1527 2279 adesse
1556 2205 1752 2290 Ecclesiae,
1793 2209 1881 2280 sicut
1912 2212 2046 2303 inquit:

41 2310 196 2402 deinceps,
241 2313 306 2404 qui
328 2311 513 2382 doctrinae
534 2313 722 2404 puritatem
746 2315 1006 2408 qtraesiverunt,
1056 2307 1135 2400 Ego
1159 2331 1237 2378 sum
1257 2310 1360 2393 vitis,
1387 2332 1450 2382 vos
1470 2310 1643 2403 palmites.
1694 2308 1799 2383 Item:
1833 2307 1903 2405 τὴν
1927 2308 2050 2408 ἀρχὴν

42 2435 102 2479 cun
128 2413 231 2482 simul
265 2412 434 2483 omnibus
466 2413 685 2504 temporibus
712 2439 840 2507 magna
865 2414 1005 2505 agmina
1058 2406 1115 2483 iias
1129 2406 1194 2482 καὶ
1207 2413 1308 2482 λαλῶ
1322 2405 1426 2503 ὑμῖν.

41 2511 147 2584 locant
166 2513 406 2584 fanaticorum
438 2525 473 2584 et
504 2527 757 2608 tyrannorum,
794 2532 829 2589 et
852 2515 1006 2587 ardelio-
1160 2513 1220 2585 16.
1247 2510 1480 2606 Alloquimur
1501 2525 1618 2586 autem
1643 2514 1755 2588 fillum
1780 2518 1987 2610 dupliciter,
2012 2533 2047 2590 et

42 2635 126 2694 num,
148 2616 209 2708 qui
231 2615 434 2685 doctrinam
449 2615 494 2684 ad
510 2615 624 2685 malos
637 2618 794 2688 adfectus
816 2613 1007 2689 hominum
1057 2627 1097 2687 ut
1115 2615 1276 2688 datorem
1298 2614 1475 2684 bonorum
1505 2615 1612 2693 simul
1636 2641 1716 2688 cum
1731 2617 1836 2690 Patre
1862 2631 1895 2690 et
1910 2619 2049 2711 Spiritu

42 2714 241 2786 inflexerunt.
301 2713 402 2786 Sicut
424 2739 520 2786 nunc
543 2717 647 2788 valde
667 2717 899 2808 multi-sunt,
931 2742 1006 2788 non
1058 2727 1200 2795 sancto,
1226 2711 1856 2808 sicutPaulusad-Thessalonicenses
1872 2720 2052 2812 loquiturr

44 2817 136 2885 solum
162 2817 329 2912 tyranni,
370 2817 433 2909 qui
464 2818 646 2889 barbarica
668 2821 877 2892 crudelitate
896 2821 1007 2892 stabi·
1058 2832 1094 2890 et
1116 2830 1156 2887 ut
1179 2816 1411 2887 mediatorem
1433 2817 1581 2887 missum
1604 2819 1648 2888 ad
1666 2815 1880 2906 Ecclesiam,
1905 2833 1939 2891 et
1954 2843 2048 2894 seme

45 2914 118 2987 liunt
129 2919 241 3003 idola,
268 2919 330 2988 sed
345 2918 451 2990 etiarn
466 2914 680 3006 rhetorculi,
703 2922 767 3015 qui
781 2945 894 2994 novos
909 2923 1007 2992 colo-
1057 2942 1121 3011 per
1137 2917 1412 2988 intercedentem
1426 2925 1492 3010 pro
1508 2917 1632 3004 uobis,
1658 2920 1702 2989 de
1719 2945 1790 3013 quo
1811 2923 1919 2992 modo
1943 2924 2048 2991 invo—
2169 2915 2170 2920 ’

44 3039 84 3084 res
97 3019 237 3092 illinunt
255 3019 381 3104 idolis,
406 3033 449 3091 ut
469 3021 661 3092 defendant
682 3043 836 3110 errores,
860 3035 902 3097 ut
925 3035 1008 3094 sunt
1058 3019 1206 3091 cationis
1219 3018 1294 3110 ipse
1307 3017 1443 3114 iuquit:
1469 3017 1655 3113 Quidquid
1671 3022 1843 3116 petieritis
1859 3036 1994 3115 patrem
2008 3025 2048 3091 in

44 3112 146 3204 Polus,
169 3116 301 3205 Osius,
327 3119 529 3212 Groperus,
554 3122 662 3194 etalii
679 3124 798 3200 multi.
1057 3121 1205 3192 nomine
1217 3143 1315 3206 meo,
1331 3121 1431 3192 dabit
1446 3120 1560 3195 vobis.
1612 3119 1701 3194 Vult
1712 3121 1785 3214 peti
1800 3147 1837 3194 se
1850 3125 2047 3202 nominate,

121 3221 177 3292 14.
208 3222 304 3291 Vera
312 3221 468 3293 Ecclesia
482 3246 620 3315 semper
633 3224 718 3294 inde
731 3248 844 3320 usque
860 3223 1006 3299 aPatri-
1058 3223 1179 3308 idest,
1204 3221 1333 3293 fiducia
1347 3220 1615 3314 propiciationis
1635 3247 1701 3316 per
1722 3224 1837 3317 ipsum
1860 3226 1989 3308 factae,
2015 3239 2051 3296 ct

44 3317 94 3388 hus
108 3323 218 3410 sensit,
243 3323 357 3396 filium
367 3321 435 3393 Dei
451 3316 568 3422 λόγον
583 3345 656 3394 esse
671 3327 818 3397 missum
834 3325 1006 3398 adEccle-
1058 3324 1185 3394 fiducia
1198 3323 1360 3394 assiduae
1374 3323 1647 3399 intercessionis.
1685 3323 1783 3396 Haec
1797 3327 1918 3396 omnia
1933 3327 1972 3394 in
1989 3326 2055 3396 in·'

43 3419 127 3509 siam,
148 3439 183 3496 et
194 3447 272 3495 esse
283 3416 561 3520 ὑφιστάμενον,
586 3449 662 3496 uon
678 3447 752 3497 esse
765 3449 892 3498 sonum
909 3448 1006 3497 erca-
1058 3423 1242 3494 vocatione
1260 3422 1447 3510 cogitanda
1463 3436 1564 3508 sunt,
1589 3436 1695 3517 atque
1717 3426 1767 3498 ita
1791 3425 1959 3497 dulcessit
1983 3429 2050 3498 do-

43 3532 118 3607 tum,
148 3539 425 3600 evanescentem.
486 3524 572 3598 ldeo
596 3524 702 3597 Iacob
726 3525 843 3623 inquit
860 3529 904 3597 de
932 3527 1006 3596 lilio
1059 3523 1172 3598 ctrina
1187 3518 1271 3620 περὶ
1284 3516 1421 3622 λόγου,
1444 3537 1479 3594 et
1494 3525 1539 3593 de
1554 3524 1759 3596 mediatore.

44 3617 224 3702 Genesar
270 3623 367 3698 Deus
390 3639 531 3720 patrum
559 3651 740 3716 meorum,
781 3643 815 3700 et
838 3627 1007 3722 Angelus,
1163 3623 1221 3699 17.
1254 3623 1326 3696 Nec
1341 3622 1468 3720 Cynici
1482 3625 1652 3696 clamores
1664 3625 1841 3718 probandi
1859 3640 1959 3708 sunt,
1984 3628 2050 3719 qui

42 3723 89 3812 qui
103 3727 226 3818 eripuit
240 3753 300 3799 me
313 3753 355 3798 ex
371 3729 507 3799 cunctis
526 3731 650 3812 malis,
682 3731 867 3804 benedicat
888 3730 1007 3822 pueris
1057 3739 1162 3818 negat
1186 3722 1369 3797 Christum
1394 3745 1491 3796 nunc
1519 3728 1786 3814 intercessorem
1814 3749 1905 3812 csse,
1945 3742 2052 3816 namt

44 3821 111 3894 istis.
146 3828 197 3898 Ac
211 3843 297 3902 sunt
312 3828 465 3901 illustria
482 3831 702 3918 testimonla,
728 3835 823 3927 quod
841 3833 886 3902 sit
900 3826 1009 3930 λόγος
1058 3831 1143 3899 item
1160 3843 1253 3900 recte
1268 3827 1356 3898 dici:
1383 3825 1452 3898 Fili
1465 3827 1533 3900 Dei
1546 3826 1701 3900 Domine
1716 3826 1795 3900 lesu
1807 3825 1966 3914 Christe,
1988 3830 2050 3899 iu·

44 3917 290 4023 ὑφιστᾶμενος,
324 3953 415 4024 quae
439 3932 627 4006 adfirmant
650 3949 732 4007 ante
755 3925 1006 4004 assumtionem
1058 3932 1196 4002 tercede
1219 3954 1283 4021 pro
1307 3930 1412 3999 nobis
1434 3932 1530 4022 apud
1558 3945 1742 4015 aeternum
1770 3943 1926 4023 patrem,
1967 3952 2049 4002 curn
2120 3961 2128 3974 ·

43 4016 192 4101 humanae
216 4047 382 4118 naturae,
406 4033 554 4104 missum
579 4057 652 4106 esse
673 4037 717 4106 ad
738 4034 948 4117 Ecclesiam,
973 4048 1008 4105 et
1059 4046 1179 4120 tamen
1205 4031 1298 4102 filius
1319 4031 1365 4101 sit
1384 4029 1556 4102 Sacerdos
1579 4033 1619 4102 in
1640 4046 1835 4107 aeternum.
1891 4029 1938 4103 Et
1964 4047 2049 4102 uota

42 4145 112 4215 quac
126 4131 321 4226 loquuntur
335 4135 380 4203 de
395 4135 651 4227 omnipotentia
667 4153 702 4209 et
716 4139 761 4210 de
773 4138 1009 4220 invocatione,
1060 4134 1133 4204 sint
1149 4133 1350 4203 testimonia
1363 4130 1492 4207 Roma.
1510 4135 1544 4204 8.
1558 4145 1592 4203 et
1606 4129 1735 4209 Ebrae.
1751 4133 1786 4208 7.
1837 4129 1885 4205 Et
1895 4129 1947 4203 'sit
1962 4145 2057 4203 uota*

44 4223 245 4308 ntDomiuus
260 4235 392 4326 iuquit:
415 4230 618 4329 Antequam
628 4235 810 4311 Abraham
826 4251 1008 4321 natusest,
1060 4234 1174 4304 dulcis
1189 4234 1364 4306 sententia
1378 4229 1546 4319 Eusebii,
1567 4257 1658 4327 quae
1678 4248 1771 4308 extat
1793 4235 1888 4306 libro
1910 4229 2054 4304 decimo‘

41 4320 98 4414 llgu
112 4355 198 4411 sum.
247 4333 433 4407 EtPaulus
450 4360 609 4430 expresse
624 4341 801 4421 adfirmat,
824 4338 1008 4412 Christum
1059 4330 1229 4406 historiae
1243 4331 1508 4405 Ecclesiasticae
1522 4357 1601 4426 pag.
1619 4336 1719 4406 tte:

42 4429 173 4506 adfuisse
196 4438 329 4530 populo
353 4439 393 4507 in
414 4438 566 4512 deserto.
632 4437 741 4528 Item,
781 4443 826 4512 ad
854 4439 1007 4512 Culusa:
1157 4431 1202 4510 ‘0
1218 4431 1335 4533 μέγας
1355 4437 1435 4508 ταῖν
1457 4431 1556 4510 ὅλων
1578 4433 1768 4533 ἀρχιερεύς
1789 4431 1902 4518 αὐτὸς
1921 4437 2049 4531 ῐησοῦς
2104 4525 2108 4532 ,

42 4523 257 4614 Quieseante
272 4540 404 4610 omnia.
457 4536 521 4611 lob
542 4539 616 4612 ill:
652 4539 735 4614 Scio
751 4544 847 4636 quod
868 4543 1009 4612 redcm-
1060 4533 1305 4635 ὅμανογενὴς
1325 4540 1395 4608 τοῦ
1415 4536 1530 4629 θεοῦ,
1561 4531 1604 4610 τὸ
1621 4533 1724 4634 παρὰ
1736 4537 1891 4612 πάντων
1911 4534 2047 4620 εὐῶδες

43 4639 87 4698 tor
105 4659 198 4709 meus
221 4639 323 4712 vivit.
385 4637 441 4712 De
461 4643 719 4734 omnipotentia
749 4643 821 4714 sint
851 4644 890 4713 in
918 4666 1008 4713 con·
1058 4635 1257 4732 θυμίαμα,
1289 4633 1354 4709 καὶ
1371 4633 1439 4719 τὰς
1459 4633 1523 4712 διὰ
1545 4637 1667 4732 εὐχῶν
1690 4635 1875 4734 damnove
1894 4635 1958 4711 καὶ
1979 4631 2050 4712 ἇῦ-
2088 4699 2095 4708 ,

41 4748 141 4818 spectu
169 4735 254 4812 haec
283 4742 394 4813 dicta:
432 4741 507 4834 Ego
538 4745 649 4816 vitam
673 4757 850 4816 aeternam
875 4748 922 4814 do
946 4745 1008 4831 eis,
1059 4745 1147 4822 λους
1166 4734 1325 4825 θυσίας,
1360 4735 1512 4836 φαιδρῷ
1530 4745 1587 4836 τῷ
1605 4738 1792 4834 βλέμματι
1813 4736 1877 4812 καὶ
1900 4736 2049 4822 ὑπτίαις

42 4845 122 4916 pater
133 4842 230 4913 meus
244 4867 358 4940 usque
376 4847 483 4916 modo
502 4860 688 4938 operatur,
719 4861 753 4918 et
769 4845 845 4938 Ego
868 4867 1008 4939 operor.
1058 4833 1333 4933 ὑποδεχόμενος
1343 4836 1451 4934 χερσὶ
1466 4847 1522 4936 τῷ
1537 4837 1634 4913 κατὰ
1657 4838 1826 4938 οὐρανὸν
1847 4839 1961 4940 πατρὶ
1982 4841 2051 4934 ιιαὶΙ

42 4925 100 5040 Ego
112 4961 184 5011 sum
199 4943 299 5031 vitis,
325 4969 389 5017 vos
410 4947 590 5036 palmites,
623 4947 700 5018 siue
721 4971 778 5017 me
795 4945 887 5018 nibil
907 4959 1007 5038 pote-
1041 4947 1042 4952 ’
1059 4938 1346 5039 &spitualibus
1361 4940 1642 5038 παραπέμπεται
1658 4947 1805 5038 πρῶτος
1826 4939 1938 5026 αι’πὸς
1956 4969 2049 5040 προ·

43 5032 219 5116 stistarere.
268 5043 323 5118 De
333 5047 471 5140 Spiritu
486 5070 551 5119 suo
568 5051 629 5120 dat
645 5050 750 5122 nobis
764 5063 828 5124 etc.
878 5045 933 5119 De
948 5049 1007 5118 in·
1059 5047 1229 5130 σκυνῶν,
1256 5036 1454 5136 adiperos
1474 5049 1530 5139 τῷ
1552 5039 1665 5136 πατρὶ
1687 5039 1731 5116 τὸ
1752 5041 1934 5128 καταξίαν
1954 5044 2048 5118 ἀπο·

42 5141 220 5224 vocatione:
256 5147 387 5220 Venite
401 5150 447 5220 ad
465 5171 520 5218 me
542 5173 666 5222 omnes
691 5152 754 5246 qui
775 5147 947 5222 laboratis
972 5163 1006 5220 et
1057 5141 1184 5237 νέμων
1198 5141 1331 5240 σέβας·
1355 5139 1566 5218 stradeant
1580 5149 1695 5218 πᾶσιν
1707 5140 1801 5239 ἦμέν
1815 5145 1951 5241 εὐμενῆ
1965 5142 2049 5218 δια-

41 5245 157 5314 ouerati
181 5249 278 5336 estis,
312 5265 346 5322 et
370 5247 445 5340 Ego
470 5251 625 5322 reficiam
649 5275 725 5328 vos.
792 5251 932 5326 Psalmo
948 5254 1004 5326 Q:
1056 5245 1200 5341 peresa,
1226 5242 1290 5318 καὶ
1304 5241 1426 5328 δεξιὸν
1439 5242 1558 5326 εἶςᾶεὶ
1571 5242 1879 5342 παραιτούμενος·

42 5325 241 5445 liscutamini
264 5353 390 5424 lilium.
453 5349 554 5423 Beati
575 5376 699 5424 omnes
727 5355 791 5449 qul
820 5354 1004 5426 confidunt
1161 5349 1221 5422 18.
1252 5346 1489 5421 Consentiunt
1505 5360 1541 5419 et
1561 5349 1723 5422 obruunt
1739 5349 1901 5442 Papistae
1922 5346 2046 5423 discri-

42 5454 129 5516 suco.
162 5445 373 5532 Esaiaell'.:
400 5453 477 5529 Stat
492 5451 725 5552 radislessae,
750 5457 848 5529 utsit
863 5455 1002 5546 signiam
1056 5475 1138 5523 meu
1153 5451 1240 5542 legis
1255 5447 1503 5541 etEvaugelii,
1530 5464 1565 5524 et
1578 5444 1800 5524 horribiliter
1812 5451 1902 5523 furit
1912 5446 2053 5540 Tham7
