4696 5820
258 177 335 260 ets
730 152 1004 254 nnuntnr
1033 156 1192 256 cota
1221 155 1433 260 asera
1459 159 1782 276 adsuerat.
2190 165 2263 260 stc

263 347 465 426 nevolentia
486 351 653 426 delector.
705 347 758 421 Ac
777 344 893 440 recepi
916 345 983 419 hoc
999 348 1149 421 docendi
1164 357 1256 423 mu-'
1380 349 1464 421 'Nec
1479 351 1522 419 de
1537 351 1599 418 illa
1614 349 1800 421 excellenti
1814 351 2015 445 eloquentia
2031 351 2158 444 dicam,
2179 375 2265 447 qnae

264 477 332 526 nus
345 477 386 523 eo
403 453 560 537 facilius,
587 453 759 546 quianon
780 447 827 518 ad
839 450 916 519 dira
941 463 976 522 et
997 453 1153 522 crudelia
1175 448 1243 523 ho-
1292 467 1343 524 est
1357 452 1533 539 singulare
1556 473 1646 540 opus
1659 451 1727 522 Dei
1747 451 1786 519 in
1800 455 1945 525 summis
1963 455 2265 544 gubernatoribus,

264 579 345 628 rum
370 568 570 646 temporum
585 551 774 622 certamina
790 574 914 632 vocor,
939 549 1000 622 sed
1018 554 1062 623 ad
1079 553 1244 624 dulcissi-
1291 552 1405 644 qualis
1434 549 1504 620 fuit
1535 552 1682 620 fortasse
1705 551 1882 644 Nestoris,
1925 554 2076 650 Ulyssis,
2114 555 2264 638 Solonis,
2315 555 2323 571 '

262 679 358 727 marn
383 656 568 728 lectionem
588 651 778 720 latinorum
808 664 841 719 et
863 675 1067 740 graecorum
1093 656 1241 746 scripto-
1289 650 1454 733 Periclis,
1480 651 1665 744 inquibus
1688 675 1768 722 cum
1794 677 1918 744 magna
1933 658 2103 747 sapientia
2119 657 2265 728 coninn-
2315 640 2324 725 J

263 780 365 845 rum,
390 760 489 830 etad
514 778 552 823 ea
577 751 715 833 studia,
740 775 759 820 a
783 752 989 845 quibusnec
1006 772 1149 841 natura,
1175 778 1240 826 uec
1289 764 1342 821 cta
1357 751 1425 820 fuit
1450 762 1596 821 naturae
1620 753 1693 834 vis,
1720 754 1781 846 qui
1802 755 1935 826 flumen
1957 757 2129 828 orationis
2145 779 2264 847 magna
2322 779 2325 822 t

263 861 448 930 voluntate
469 849 658 932 abhorreo,
684 875 773 943 quae
799 866 917 926 tamen
934 871 967 928 et
982 853 1159 926 Ecclesiae
1173 877 1239 922 ue·
1288 852 1388 942 copia
1405 865 1439 921 et
1455 851 1643 942 splendore
1657 854 1817 940 fundere,
1833 871 1867 928 et
1883 860 2045 929 ardentes
2060 859 2173 928 animi
2192 883 2264 928 nro·
2315 878 2325 920 t

265 960 413 1032 cessaria
434 967 467 1022 et
491 949 721 1042 Reipublicae
742 953 844 1026 utilia
867 971 960 1030 suut.
1018 951 1097 1026 Eut
1121 968 1238 1024 autem
1288 965 1344 1022 tus
1373 954 1521 1040 addere,
1546 955 1711 1044 colligere
1736 958 1921 1050 dissipatos
1943 955 2129 1044 homiues,
2155 972 2196 1029 ut
2216 959 2262 1026 lc·
2313 981 2325 1022 ·.·,

263 1059 443 1130 verissime
458 1052 605 1120 adfirmo
628 1077 704 1138 me,
734 1069 770 1127 et
789 1079 974 1148 agnoscere
988 1079 1099 1124 meam
1126 1056 1240 1125 imbe·
1287 1075 1370 1141 gum
1393 1054 1512 1123 frenos
1534 1055 1748 1145 acciperent,
1782 1072 1816 1128 et
1839 1059 1938 1128 civili
1962 1061 2129 1130 societate
2156 1056 2262 1128 iuncti
2319 1056 2325 1124 i

264 1159 463 1232 cillitatem,
489 1167 523 1223 et
538 1153 640 1222 valde
655 1179 712 1224 me
725 1158 863 1241 dolere,
888 1157 1005 1225 rninus
1023 1181 1078 1226 me
1095 1156 1237 1244 ingenio
1287 1154 1428 1222 labores
1444 1178 1647 1224 communes
1664 1157 1897 1240 sustinerent,
1924 1161 2031 1230 iratos
2053 1162 2148 1230 cives
2163 1161 2199 1228 in
2214 1181 2262 1227 se-
2315 1157 2325 1225 l

262 1269 438 1350 praestare
461 1275 563 1343 posse
585 1278 691 1348 quam
716 1258 860 1340 vellem,
882 1280 946 1324 uec
969 1280 1025 1325 me
1040 1281 1237 1326 annumero
1286 1254 1482 1324 ditionibus
1514 1255 1672 1340 flectere,
1705 1271 1746 1328 ut
1776 1260 1872 1329 ultro
1904 1285 2001 1330 arma
2033 1261 2261 1331 demonibus
2322 1289 2326 1330 a

261 1357 323 1440 iis,
348 1355 411 1448 qui
432 1355 607 1426 excellunt
627 1359 684 1426 vel
707 1357 906 1450 eloquentia
938 1357 993 1426 vel
1025 1359 1238 1445 eruditione,
1286 1355 1498 1440 abiicerent,
1535 1369 1570 1426 et
1602 1380 1741 1446 asperas
1772 1359 1865 1448 leges
1904 1363 2052 1431 suadere
2092 1371 2259 1450 poterant
2308 1359 2326 1430 su

260 1470 381 1528 tamen
398 1450 466 1526 hoc
485 1477 541 1525 me
557 1459 674 1528 studio
693 1457 857 1526 delectari
871 1457 1001 1543 fatcor,
1028 1471 1063 1529 ct
1086 1459 1238 1528 libenter
1284 1454 1417 1524 Divina
1434 1453 1520 1526 haec
1535 1471 1640 1544 sunt,
1666 1470 1706 1526 ut
1720 1452 1880 1552 Orphei,
1905 1460 2063 1548 Musaei,
2091 1456 2260 1552 Amphio·
2305 1459 2326 1532 a

262 1581 322 1627 ero
340 1552 617 1650 hortatorubonis
633 1557 801 1645 ingeniis,
825 1571 865 1626 ut
880 1560 1011 1649 optima
1026 1560 1180 1645 discant,
1204 1569 1241 1630 et
1285 1557 1362 1641 nis,
1389 1571 1423 1628 et
1437 1553 1584 1626 Homeri
1602 1554 1757 1629 Poetica.
2306 1569 2326 1634 :2

260 1673 476 1729 monstrator
498 1683 557 1728 ern
582 1659 742 1742 sedulus,
768 1659 864 1750 quod
890 1683 929 1727 eo
945 1658 1069 1728 faciam
1088 1661 1237 1746 facilius,
1386 1655 1458 1728 Nec
1480 1658 1525 1726 de
1548 1657 1609 1727 illa
1637 1658 1780 1751 quidem
1807 1661 2009 1754 eloquentia
2036 1663 2154 1733 dicam
2184 1683 2259 1752 pro·
2299 1671 2326 1737 dc

261 1761 344 1854 quia
361 1761 431 1830 scio
445 1761 484 1828 in
500 1756 564 1828 hac
574 1755 761 1827 Academia
779 1759 938 1828 omnium
951 1785 1142 1850 congruere
1155 1786 1236 1830 sen·
1285 1757 1402 1848 priore
1418 1757 1530 1841 nobis,
1547 1759 1591 1827 de
1605 1783 1674 1850 qua
1688 1760 1824 1852 aliquid
1836 1762 2034 1832 existimare
2050 1763 2173 1833 diserti
2185 1782 2258 1852 pos·
2304 1767 2327 1838 ai

260 1862 387 1932 sentias
403 1875 437 1932 et
448 1862 647 1931 voluntates
664 1863 706 1926 tle
721 1859 887 1930 omuibus
901 1863 1087 1948 generibus
1101 1863 1236 1932 doctri·
1284 1872 1364 1928 sunt
1374 1909 1386 1942 ,
1414 1872 1449 1928 et
1473 1881 1561 1949 quae
1584 1860 1738 1930 multum
1763 1883 1782 1930 a
1800 1863 1982 1932 doctrinae
1998 1877 2033 1932 et
2050 1865 2098 1933 ab
2115 1875 2190 1931 arte
2205 1883 2258 1930 su·
2296 1889 2314 1938 a
2324 1881 2327 1940 ι’

260 1987 398 2035 narum.
451 1957 588 2027 Omnes
613 1954 679 2029 hoc
706 1960 864 2029 iudicant
885 1962 1087 2050 linguarum
1113 1963 1237 2051 cogni·
1284 1959 1366 2042 mit,
1393 1959 1506 2050 qualis
1522 1960 1589 2030 fuit
1605 1956 1856 2030 Demosthenis
1874 1975 1935 2032 aut
1948 1961 2152 2042 Ciceronis,
2176 1985 2257 2055 quo-
2299 1993 2327 2042 affl

259 2065 393 2133 tionem
410 2074 444 2130 et
467 2059 687 2148 diligentiam
710 2075 803 2131 recte
818 2062 988 2154 loquendi
1003 2064 1155 2132 maxime
1172 2088 1235 2133 ne-
1283 2083 1363 2129 rum
1379 2059 1534 2148 exempla
1559 2059 1624 2128 etsi
1645 2061 1757 2129 multa
1774 2084 1839 2129 nos
1855 2077 2020 2147 monent,
2045 2077 2164 2132 tamen
2181 2079 2261 2130 con-·
2298 2097 2327 2146 a,

258 2162 441 2232 cessariam
458 2182 531 2229 esse
549 2174 583 2230 ct
598 2161 635 2230 in
652 2158 824 2245 Ecclesia,
850 2176 885 2233 et
899 2162 938 2231 in
953 2163 1032 2231 aliis
1048 2165 1139 2233 vitae
1153 2187 1236 2253 par·
1284 2159 1362 2228 silia
1385 2172 1419 2228 et
1443 2161 1514 2226 vim
1539 2155 1805 2248 Demosthenis,
1832 2179 1865 2231 et
1887 2162 2114 2254 splendorem
2135 2187 2174 2233 ac
2196 2185 2255 2230 uu·
2288 2190 2327 2247 :ue

258 2263 365 2332 tibus.
414 2258 530 2329 Pauca
551 2261 660 2350 igitur
681 2263 751 2332 iam
776 2266 820 2331 de
835 2258 892 2332 his
906 2264 1050 2345 studiis,
1071 2265 1235 2334 videlicet
1284 2283 1399 2328 meros
1414 2257 1596 2328 Ciceronis
1611 2284 1715 2331 nemo
1730 2282 1879 2354 aequare
1894 2264 2036 2355 poterit.
2091 2261 2196 2352 Quod
2212 2273 2255 2328 est
2292 2297 2327 2370 :pp

257 2364 302 2430 de
317 2359 553 2454 Eloquentia,
574 2379 609 2434 et
623 2367 668 2434 de
682 2386 766 2434 cura
781 2379 874 2434 recte
893 2364 1063 2456 loquendi
1080 2365 1205 2433 dicam.
1285 2360 1391 2448 igitur
1406 2359 1592 2429 consilium
1609 2375 1769 2432 nostrum
1785 2363 1822 2431 in
1840 2357 1903 2432 hac
1917 2359 2188 2434 adhortatione?
2208 2359 2255 2430 De
2286 2350 2326 2452 a„

339 2461 412 2532 Nec
427 2487 512 2534 vero
524 2461 633 2534 ullius
648 2479 826 2534 creaturae
838 2464 1008 2554 sapientia
1024 2464 1234 2553 cogitatione
1283 2461 1408 2529 vestris
1424 2460 1598 2530 exercitiis
1614 2460 1742 2553 loquar
1759 2463 1796 2531 iu
1813 2459 1870 2531 his
1886 2465 2032 2547 studiis,
2058 2462 2253 2556 praesertim
2286 2475 2328 2554 {aa

257 2557 557 2656 comprehendere
578 2577 712 2655 potest,
738 2561 1146 2655 quanteeressinthaec
1165 2566 1233 2633 mi·
1284 2555 1424 2648 liuguae
1445 2561 1592 2643 latinae,
1624 2575 1665 2629 ut
1695 2563 1800 2631 linem
1826 2565 2055 2649 intueamini,
2088 2568 2132 2635 ad
2161 2583 2253 2657 quern
2282 2599 2328 2658 q,

256 2669 368 2736 canda
391 2665 459 2734 Dei
484 2685 608 2753 opera,
641 2664 789 2733 facultas
816 2663 984 2756 loquendi
1010 2665 1048 2734 in
1078 2661 1233 2750 homine,
1283 2663 1384 2730 labor
1400 2661 1605 2750 dirigendus
1621 2663 1678 2747 sit,
1693 2674 1726 2732 et
1741 2676 1780 2732 ut
1795 2687 1833 2734 ea
1849 2664 2014 2736 facultate
2029 2689 2094 2735 vos
2111 2667 2253 2735 instrua·
2280 2689 2327 2760 ,qs

255 2767 383 2834 deinde
405 2764 502 2832 aliud
521 2764 641 2832 'mains
660 2778 694 2834 et
725 2764 902 2854 singulare
927 2762 993 2834 Dei
1017 2789 1125 2856 opus,
1159 2768 1234 2834 elo·
1282 2763 1346 2845 tis,
1371 2785 1476 2852 quam
1501 2783 1624 2829 omnes
1646 2785 1719 2830 non
1743 2778 1961 2834 monstrosae
1983 2779 2134 2836 naturae
2155 2763 2253 2835 etad·
2280 2779 2327 2860 qq,

192 2857 196 2866 ’
256 2865 402 2958 quentia
426 2863 616 2945 excellens,
642 2888 812 2958 quaeres
834 2887 979 2953 magnas
1000 2867 1177 2955 sapienter
1200 2881 1233 2936 et
1282 2860 1381 2952 sequi
1406 2873 1570 2949 possunt,
1594 2873 1629 2931 et
1651 2885 1742 2954 quae
1764 2865 1930 2934 omnibus
1946 2867 1984 2934 in
1998 2863 2157 2936 Ecclesia
2173 2876 2204 2933 et
2219 2862 2252 2928 in
2285 2885 2329 2966 „hoq

255 2967 438 3057 splendide
452 2967 606 3054 exponit,
631 2989 703 3034 non
724 2965 814 3047 dico,
838 2988 928 3057 quae
945 2979 1043 3036 tonat
1059 2979 1093 3034 et
1109 2965 1232 3033 fulmi-
1282 2959 1464 3030 communi
1485 2960 1556 3028 vita
1571 2963 1763 3032 necessaria
1781 2978 1848 3050 est,
1869 2961 1952 3060 περὶ
1973 2961 2175 3041 ἀδυνάτων
2188 2983 2251 3032 nou
2284 2983 2329 3066 qq

254 3079 334 3150 nat,
361 3067 456 3158 quod
476 3066 570 3153 apud
593 3066 766 3156 populum
791 3065 883 3131 male
896 3065 1110 3134 indicantem
1127 3066 1231 3134 etiam
1283 3074 1333 3129 est
1346 3058 1573 3143 deliberatio,
1598 3063 1657 3130 sed
1678 3057 1838 3135 hortator
1859 3088 1956 3148 sum,
1981 3081 2021 3137 ut
2046 3067 2202 3138 laborem
2223 3073 2253 3129 et
2276 3051 2329 3171 ‘Q‘

254 3161 442 3257 sophistica
465 3166 708 3234 adsentatione
731 3177 765 3233 et
789 3163 983 3253 praestigiis
1012 3166 1136 3248 eflicit,
1169 3167 1230 3234 sed
1282 3161 1423 3254 quidem
1441 3159 1684 3231 dulcissimum
1700 3165 1802 3234 bonis
1818 3166 1971 3255 ingeniis
1985 3169 2022 3236 iu
2037 3192 2075 3237 re
2094 3162 2252 3261 possibili,
2275 3207 2329 3276 ,qu

254 3291 343 3359 quae
362 3280 438 3337 orta
460 3289 501 3334 ex
521 3289 602 3334 vera
626 3263 799 3357 sapientia
818 3278 911 3334 recte
935 3267 1078 3358 exponit
1098 3289 1153 3335 res
1170 3290 1232 3335 ve·
1283 3276 1317 3331 ct
1332 3284 1407 3330 non
1422 3261 1536 3330 solum
1553 3263 1652 3347 utili,
1677 3268 1737 3333 sed
1755 3267 1910 3354 profecto
1926 3271 2122 3338 neccssaria
2139 3270 2176 3337 in
2190 3260 2251 3334 Ec·
2273 3309 2286 3356 q
2295 3298 2329 3378 qn

254 3391 330 3452 ras,
356 3381 390 3438 et
405 3367 504 3436 addit
518 3365 763 3456 splendorem,
785 3368 947 3442 ardentes
971 3382 1087 3437 motus
1110 3367 1232 3451 animi,
1281 3363 1408 3446 clesia,
1434 3375 1466 3432 et
1489 3383 1578 3453 quae
1598 3363 1722 3451 ingens
1745 3366 1851 3436 decus
1871 3381 1941 3455 est,
1969 3391 2097 3456 magna
2121 3391 2197 3440 cura
2222 3373 2298 3466 el,c

254 3485 289 3540 et
302 3469 510 3538 concinnam
530 3461 750 3537 harmoniam
767 3490 828 3538 seu
843 3490 1018 3550 numeros,
1045 3467 1105 3558 qui
1123 3467 1231 3536 mira·
1282 3463 1393 3532 animi
1413 3460 1615 3533 intentione
1639 3463 1857 3553 suscipiatis,
1883 3467 2062 3551 videlicet,
2090 3483 2130 3541 ut
2153 3482 2185 3538 et
2202 3483 2251 3533 ret

252 3570 361 3639 bilem
385 3569 592 3639 suavitatem
613 3569 773 3639 orationi
789 3570 945 3654 addunt:
970 3562 1097 3636 harum
1113 3590 1229 3636 rerum
1281 3563 1491 3632 necessarias
1523 3577 1615 3632 recte
1648 3564 1809 3650 discatis,
1841 3579 1876 3635 et
1908 3569 2110 3658 adiungatis
2141 3587 2250 3637 euram
2268 3602 2309 3676 ΜΟ

253 3670 485 3740 maximarum
506 3692 626 3741 causas
650 3682 684 3740 et
710 3669 917 3758 dignitatem
941 3690 1046 3738 nemo
1070 3667 1153 3739 satis
1171 3691 1230 3736 ex-
1280 3677 1371 3734 recte
1390 3663 1583 3756 loquendi,
1615 3676 1656 3733 ut
1678 3687 1792 3734 sermo
1816 3665 1861 3737 sit
1884 3671 2150 3756 grammaticus,
2175 3689 2251 3758 pro·
2269 3719 2304 3775 ,qe

251 3793 383 3863 ponere
399 3784 522 3860 potest.
752 3853 754 3858 ,
1279 3765 1396 3858 prius,
1427 3763 1654 3855 perspicuus,
1686 3767 1830 3851 ordine,
1863 3774 2077 3855 verecunde,
2103 3771 2176 3840 sine
2197 3788 2250 3834 so·
2267 3742 2329 3890 ‘hep‘

354 3868 454 3959 Quae
470 3871 515 3941 sit
532 3869 667 3940 utilitas
679 3872 853 3942 sermonis
872 3884 998 3941 notum
1019 3881 1087 3953 est,
1112 3871 1173 3940 sed
1186 3868 1230 3940 de
1279 3863 1441 3958 phistica,
1457 3865 1534 3934 siue
1552 3865 1757 3935 confusione
1773 3889 1828 3936 res
1844 3872 2055 3940 necessarias
2071 3886 2249 3962 exponens.
2266 3893 2281 3966 q
2291 3846 2328 3978 dp

252 3970 365 4044 causis
387 3971 474 4064 quid
497 3969 611 4040 dicere
627 3973 836 4062 possumus?
861 3973 931 4043 nisi
946 3968 1030 4056 hoe,
1048 3969 1126 4040 Deo
1141 3995 1228 4040 con·
1379 3963 1433 4034 De
1456 3960 1522 4035 hac
1543 3967 1722 4036 communi
1745 3979 1779 4037 et
1799 3969 1960 4059 possibili
1983 3973 2148 4042 facultate
2163 3967 2248 4045 dico,
2269 3945 2329 4076 ,5⁰⁴

252 4073 360 4142 ditori
375 4086 492 4161 gratos
510 4095 573 4142 nos
590 4095 663 4140 esse
678 4075 825 4158 debere,
850 4073 913 4166 qui
935 4067 1003 4142 hoc
1019 4083 1116 4141 tanto
1133 4072 1228 4141 bono
1278 4091 1351 4138 non
1366 4066 1469 4138 aliter
1483 4089 1523 4136 ac
1538 4065 1568 4135 si
1583 4067 1709 4156 pictori
1725 4084 1906 4161 praecepta
1921 4072 2055 4157 darem,
2081 4088 2121 4144 ut
2134 4071 2163 4140 si
2178 4087 2250 4137 cor·
2272 4064 2287 4153 ,j
2298 4045 2329 4112 ¹¹⁵¹

251 4173 418 4242 iustruxit
434 4169 617 4243 hominum
634 4188 808 4255 naturam,
832 4188 865 4244 et
881 4197 1042 4243 sermone
1057 4173 1228 4241 utendum
1278 4191 1343 4261 pns
1358 4191 1419 4238 seu
1441 4163 1703 4248 hominiaseu
1723 4169 1855 4256 leonis,
1881 4194 1941 4241 seu
1964 4174 2057 4266 equi,
2083 4196 2143 4243 seu
2158 4163 2247 4239 aliud
2267 4141 2329 4274 3⁴¹⁰&

251 4295 325 4342 esse
341 4273 526 4364 praecipue
544 4275 587 4339 ad
605 4269 720 4341 Deum
738 4274 998 4346 celebrandum.
1050 4269 1145 4340 Haec
1161 4273 1229 4362 igi·
1277 4268 1420 4361 pingere
1435 4269 1553 4340 vellet.
1604 4267 1764 4342 Primum
1782 4271 1895 4340 ideam
1912 4275 2069 4365 corporis
2084 4275 2122 4344 iu
2139 4278 2246 4341 mente
2263 4237 2325 4380 ,dim

250 4389 447 4446 turarcana
472 4373 598 4443 omitto
625 4398 698 4442 non
719 4375 796 4444 sine
811 4374 960 4464 gemitu,
984 4373 1127 4458 dolens,
1154 4397 1227 4443 nou
1277 4384 1369 4442 recte
1391 4365 1679 4461 comprehensam
1702 4384 1855 4452 teneret,
1888 4373 2017 4444 deinde
2037 4387 2245 4446 ornaturam
2267 4349 2329 4473 „³¹¹¹

251 4475 366 4545 solum
390 4498 499 4568 pauca
526 4495 591 4541 uos
611 4474 656 4542 de
676 4474 848 4545 mirandis
868 4476 1034 4566 operibus
1048 4473 1113 4544 Dei
1128 4473 1228 4559 scire,
1277 4495 1382 4565 quam
1411 4472 1569 4562 proxime
1591 4470 1810 4556 imitaretur,
1835 4495 1900 4544 nec
1917 4490 2149 4549 monstrosam
2163 4473 2244 4542 ima·
2266 4441 2305 4582 ,ζῆ

250 4575 432 4646 sedetiam
458 4596 525 4645 uos
545 4575 700 4663 ingratos
717 4571 937 4646 horribiliter
950 4575 1126 4665 negligere
1141 4598 1227 4645 con·
1275 4575 1393 4664 ginem
1409 4573 1546 4642 faceret.
2260 4550 2293 4667 ,⁵
2328 4605 2329 4612 κ

250 4675 499 4746 siderationem
514 4675 763 4748 beneficiorum
781 4677 1003 4760 divinorum,
1028 4699 1093 4744 uec
1109 4699 1147 4744 ea
1165 4700 1226 4744 ex·
1372 4672 1495 4742 Laudo
1517 4683 1634 4742 autem
1657 4673 1874 4744 voluntatem
1898 4699 2038 4763 eorum,
2069 4679 2130 4774 qui
2160 4670 2243 4743 hanc
2259 4641 2329 4793 hm

250 4773 386 4859 colere,
409 4800 474 4847 uec
498 4778 542 4848 iis
565 4777 620 4849 nti
643 4775 688 4846 ad
711 4800 772 4847 eos
792 4779 896 4862 lines,
929 4799 1017 4871 quos
1033 4774 1128 4848 Deus
1143 4801 1226 4868 pro-
1275 4769 1556 4843 adhortationem
1574 4795 1674 4865 saepe
1687 4787 1863 4865 repetunt.
1900 4775 1948 4849 Ut
1962 4780 2058 4850 enim
2073 4778 2243 4868 negligen·
2260 4768 2269 4856 ζ.
2283 4753 2328 4822 9¹³¹

247 4876 378 4974 posuit.
1276 4874 1325 4944 tia
1344 4875 1382 4943 in
1405 4875 1583 4967 loquendo
1606 4876 1823 4966 corruptelas
1842 4878 2024 4950 doctrinae
2047 4883 2132 4952 olim
2153 4867 2240 4964 apud
2258 4851 2329 4966 fimf*

350 4975 494 5067 Quanto
513 4978 633 5069 Plures
666 4977 761 5048 enim
791 5000 953 5048 sermone
980 4989 1150 5057 utuntur,
1185 4990 1226 5049 ut
1276 4971 1472 5046 Monacbos
1494 4975 1610 5060 auxit,
1634 4975 1683 5047 ita
1695 4999 1803 5046 ‘nunc
1824 5001 1946 5051 rursus
1969 4981 2104 5053 adferet
2117 4968 2241 5050 doctri·
2266 4933 2320 5022 ¹¹¹⁰¹⁵

246 5075 363 5152 Deum
378 5077 588 5148 contumelia
604 5079 787 5162 adliciant,
813 5105 920 5173 quam
943 5093 982 5151 nt
1004 5079 1035 5148 ei
1051 5091 1148 5168 grata
1167 5077 1224 5147 di·
1274 5101 1340 5147 nae
1355 5075 1597 5147 confusionem
1611 5089 1645 5146 et
1661 5078 1834 5156 tenebras.
1883 5076 2074 5174 Euripides
2088 5077 2241 5151 nominat
2251 5057 2289 5162 'aq
2302 5081 2329 5132 ro

245 5193 327 5250 cont
342 5179 381 5249 in
396 5179 556 5252 docendo
570 5191 604 5252 et
618 5179 657 5247 iu
672 5178 751 5252 aliis
773 5179 1128 5278 communibusvitae
1143 5179 1223 5250 olli·
1273 5178 1514 5269 turpissimum
1540 5178 1724 5264 morbum,
1763 5179 1922 5272 linguam
1949 5184 2160 5273 petulantem
2182 5136 2329 5273 seujhfus

244 5280 334 5355 ciis?
1274 5279 1443 5352 effrenem
1472 5270 1680 5353 ἀκόλαστον
1704 5283 1881 5380 γλῶσσαν
1905 5279 2098 5381 αἰσχίστην
2122 5271 2238 5356 νόσον·
2256 5253 2296 5426 ffl‘m

1353 5419 1358 5426 ·
2310 5395 2329 5444 ill

2298 3427 2329 3484 ltt
