4726 5828
669 283 828 364 ouen
867 285 941 365 nu
974 279 1367 385 navanaurm
1399 285 1618 367 trouu.
2111 313 2157 386 ,Β

223 463 321 536 1120,
336 460 450 535 grissia
472 458 686 553 spertseula,
712 473 748 532 et
770 483 893 532 eorum
913 483 1056 547 causas,
1080 477 1116 537 et
1267 455 1352 531 Dixi
1374 472 1492 532 autern
1514 461 1559 530 de
1581 465 1920 542 commonefactione
1942 473 2055 547 multo
2074 477 2158 550 hre-

121 567 312 642 mmgong,
346 565 485 634 divinas
515 561 683 652 cogitate,
715 584 780 631 uos
812 564 1018 656 pracsertim
1051 566 1113 660 qui
1166 559 1258 646 vius,
1284 560 1544 654 quamvellem.
1595 561 1664 634 Sed
1683 567 2057 665 uobisquoquenotae
2073 595 2156 654 sunt

13 663 15 668 “
121 669 325 761 principum
346 663 504 735 consiliis
525 662 672 734 affuturi
696 663 795 749 estis,
823 680 857 736 et
880 665 1000 738 timete
1023 664 1113 738 iram
1167 655 1234 732 hae
1248 663 1437 734 conciones
1451 661 1611 748 divinae,
1636 689 1723 758 quas
1741 692 1844 762 saepe
1858 676 2048 764 repetimus
2073 702 2157 770 pro-

119 770 209 858 Βρὶ,
235 783 270 840 et
284 771 415 860 uestras
431 779 465 836 et
481 763 641 855 publicas
658 787 800 856 poenas.
1166 777 1244 854 pter
1269 766 1486 833 voluntatem
1503 762 1593 849 Dei,
1616 779 1651 836 et
1673 792 1769 840 nunc
1790 788 1934 863 propter
1956 781 2155 866 angustiam

225 867 275 942 Ut
296 879 414 937 autem
438 865 511 935 sint
532 865 671 934 foelicia
689 865 836 936 consilia
852 866 954 938 vobis
978 882 1011 939 et
1025 865 1115 942 Rei·
1165 862 1334 954 temporis
1353 865 1496 934 brevior
1510 887 1598 939 sarm.
1631 867 1738 939 Scitis
1754 885 1870 942 autem
1888 889 1987 947 vetus
2003 880 2173 954 dictum2'

123 295 280 374 l‘i'

117 970 297 1064 publicae,
318 963 383 1036 has
395 969 484 1037 duas
497 965 645 1035 virtutes
659 964 697 1033 in
712 967 845 1039 curiam
861 969 991 1040 adferri
1006 993 1124 1062 opor-x

119 1086 183 1148 tet.
233 1067 395 1140 Primam
417 1067 617 1138 doctrinam
637 1066 809 1154 integram
832 1069 949 1157 legum
971 1071 1114 1141 diuina-

118 1196 201 1244 rum
217 1185 252 1242 ct
269 1165 523 1251 humanarum,
547 1189 622 1235 non
644 1178 782 1236 tantum
799 1170 963 1240 umbram
981 1174 1114 1242 doctri-

118 1295 188 1344 nae
208 1285 246 1342 et
266 1270 528 1360 garrulitatem,
559 1268 689 1336 deinde
711 1281 745 1338 et
761 1269 976 1356 agnitionem
994 1295 1033 1341 ac
1051 1297 1113 1344 ve-

118 1397 202 1444 rum
231 1371 394 1444 timorem
416 1365 503 1454 Dei,
537 1366 599 1462 qui
628 1381 748 1460 pectus
776 1371 962 1442 confirmet
989 1387 1112 1444 contra

118 1487 256 1545 metum
284 1482 487 1564 potentum,
521 1481 645 1538 contra
676 1471 952 1554 adsentationes,
988 1487 1111 1546 contra

119 1574 327 1656 avaritiam,
351 1582 473 1640 contra
487 1567 738 1654 ambitionem,
763 1585 798 1642 et
813 1573 923 1663 erigat
941 1575 1112 1661 animum,

117 1688 160 1746 ut
176 1671 372 1752 instavelit
389 1683 591 1740 constanter
612 1684 646 1739 et
662 1670 799 1756 dicere,
823 1687 858 1743 et
879 1697 1112 1764 propugnare,

118 1776 211 1846 sicut
227 1773 391 1844 ieremias
408 1771 517 1840 nullis
534 1768 728 1840 terroribus
745 1785 779 1841 et
800 1775 981 1864 suppliciis
996 1777 1111 1863 frangi

52 1903 58 1910 ·
117 1888 253 1968 potest,
277 1886 318 1944 ut
331 1873 465 1942 bellum
480 1865 672 1942 Sedechiae
687 1870 758 1962 regi
774 1878 935 1958 suadeat,
960 1889 1021 1947 aut
1034 1901 1112 1944 moa

116 1991 199 2048 tum
232 1973 421 2067 approbet,
448 1995 527 2041 cum
560 1971 704 2063 quidem
729 1971 860 2061 species
892 1974 981 2044 iuris
1014 1988 1111 2046 tanta

116 2088 391 2170 praetexeretur,
414 2085 454 2141 ut
472 2071 573 2140 multi
589 2070 762 2160 sapientes
777 2085 811 2142 et
824 2075 917 2143 docti
934 2099 974 2146 ea
990 2099 1112 2145 move-

119 2189 264 2256 rentur,
290 2187 323 2245 et
339 2173 439 2266 quasi
454 2172 636 2241 classicum
660 2186 843 2258 canerent,
867 2196 929 2244 seu
950 2189 988 2246 ut
1005 2173 1112 2245 Ioan-

119 2301 204 2346 nem
221 2275 313 2344 nulli
335 2287 488 2344 terrores
503 2271 732 2359 frangebant,
756 2295 826 2364 quo
848 2274 966 2344 miuus
980 2278 1112 2349 diceret

119 2375 276 2448 Herodi:
298 2372 380 2444 Non
397 2373 481 2442 lieet
492 2371 555 2440 tibi
574 2366 703 2440 habere
718 2374 836 2444 fratris
850 2397 1006 2451 uxorem.
1038 2373 1112 2446 Nee

120 2481 250 2550 desunt
265 2475 421 2566 exempla
436 2473 530 2542 inter
544 2467 726 2544 Ethuieos.

222 2575 441 2668 Papinianus
470 2573 584 2642 iussus
615 2572 660 2641 ab
690 2569 904 2662 Imperatore
931 2573 1112 2663 Bassiano,

119 2697 162 2756 ut
176 2679 379 2754 defenderet
393 2673 635 2767 parricidium,
652 2676 748 2765 quod
766 2673 841 2765 ipse
855 2673 1045 2748 Bassianus
1061 2679 1113 2747 le-

118 2798 234 2866 cerat,
267 2775 452 2850 iutersecto
480 2775 609 2858 tratre,
642 2797 844 2866 quanquam
877 2775 1009 2847 sciebat
1042 2777 1112 2848 sibi

118 2884 343 2979 pereundum
367 2901 463 2964 esse,
487 2874 663 2946 recusavit
685 2887 804 2944 tamen
827 2875 966 2946 sceleris
988 2878 1112 2948 delen-

118 2987 258 3056 sionem
276 2979 469 3073 suscipere,
497 3002 538 3048 ac
552 2988 671 3068 postea
688 2997 815 3065 magno
833 2974 954 3045 animo
974 2979 1111 3070 suppli·

119 3087 218 3159 cium
238 3081 396 3176 pertulit.
443 3077 564 3151 Cassio
586 3075 753 3168 Longino
766 3074 861 3146 Nero
885 3077 1008 3148 effodit
1025 3103 1112 3149 ocu-

118 3191 191 3260 los.
240 3181 474 3258 Meminimus
486 3196 520 3252 et
536 3191 656 3249 nostra
672 3192 796 3263 aetate,
821 3199 950 3268 paucos
965 3179 1110 3272 quidem

119 3309 276 3384 quorum
297 3281 426 3355 similis
445 3278 513 3352 tuit
529 3280 736 3354 constantia.
786 3279 856 3349 Sed
879 3281 969 3350 duos
992 3295 1112 3350 tamen

118 3388 309 3460 nominare
329 3404 492 3474 possum,
518 3405 670 3474 qnorum
684 3381 773 3449 alter
792 3375 1000 3452 charissimo
1019 3381 1112 3474 patri

117 3514 204 3562 meo
218 3486 351 3558 amicus
369 3481 457 3561 fuit,
480 3479 675 3570 Gregorius
690 3479 914 3572 Lamparter,
938 3483 1029 3555 alter
1042 3507 1111 3556 uo-
1165 3483 1168 3494 '

117 3605 179 3664 tus
193 3601 244 3658 est
259 3578 494 3673 inhiatoriis,
518 3577 677 3652 Thomas
692 3578 829 3651 Morus.

224 3687 297 3759 Nec
312 3685 520 3755 inusitatum
535 3696 587 3754 est
602 3706 621 3751 a
638 3681 798 3774 tyrannis
812 3681 974 3751 devorari
992 3683 1112 3754 lideles

120 3789 337 3872 monitores,
360 3799 401 3858 ut
415 3785 471 3853 leo
486 3781 525 3854 in
542 3781 672 3852 fabulis
685 3783 832 3853 devorat
847 3807 977 3876 equum
991 3797 1025 3854 et
1041 3784 1111 3854 asi-

120 3915 211 3965 num
233 3890 374 3979 ignaros
395 3884 659 3956 adsentationis.
710 3877 846 3954 Obruit
863 3885 1025 3974 ingentes
1044 3884 1110 3957 ista

121 3989 279 4087 procella
300 3987 413 4070 viros,
436 3998 478 4056 ut
492 3985 610 4054 virum
635 3983 809 4074 optimum
823 3981 937 4069 Abel,
960 3999 994 4057 et
1009 3987 1113 4056 dein-

122 4119 203 4184 ceps
213 4084 418 4182 Prophetas,
443 4099 477 4158 et
491 4079 764 4157 interEthnicos
771 4081 996 4173 Palameden,
1012 4081 1112 4158 The-

122 4192 338 4276 mistoclem,
362 4182 640 4277 Theramenem,
673 4183 875 4266 Demaden,
901 4183 1112 4259 Demosthe-

122 4320 220 4378 nem,
239 4287 402 4372 Aratum,
425 4283 648 4370 Ciceronem,
674 4299 708 4358 et
722 4287 998 4359 innumerabiles
1012 4289 1112 4364 alios.

124 4392 183 4468 Ad
200 4390 287 4465 haec
309 4389 462 4482 pericula
479 4387 593 4480 parati
614 4386 744 4473 simus,
769 4401 805 4458 et
820 4388 971 4460 sciamus
987 4389 1113 4462 diabo-

124 4498 200 4569 lum
224 4491 411 4587 praecipue
436 4489 599 4562 insidiari
629 4490 925 4660 bubernatoribua
946 4475 1113 4563 consilio-

125 4621 225 4681 rum,
258 4607 294 4667 et
315 4606 475 4687 petamus
495 4613 518 4660 a
538 4589 612 4660 lilio
665 4589 716 4669 ei,
742 4590 805 4684 qui
821 4591 1006 4682 estmagni
1027 4615 1115 4662 con-

126 4699 199 4770 silii
217 4695 381 4788 angelus,
404 4692 613 4786 sapientiam
630 4704 664 4762 et
682 4691 951 4781 protectionem.

229 4796 305 4870 llas
316 4792 670 4866 commonefactiones
684 4814 786 4884 saepe
801 4815 868 4863 nos
882 4808 1039 4886 repetere
1052 4817 1115 4864 ne-

1163 963 1320 1034 Labores
1335 988 1528 1054 congruere
1548 965 1768 1055 iunioribus,
1793 973 1931 1044 mediae
1946 981 2051 1050 aetati
2067 1005 2155 1052 con-

1164 1064 1262 1146 silia,
1296 1089 1413 1154 preces
1438 1090 1521 1134 varo
1541 1067 1700 1154 senibus,
1733 1095 1823 1163 quae
1848 1087 1965 1146 tamen
1982 1082 2153 1154 omnibus

1164 1167 1382 1257 temporibus
1409 1179 1444 1236 et
1469 1167 1613 1238 cuilibet
1636 1170 1741 1241 aetati
1759 1177 1971 1248 necessariae
1986 1195 2087 1267 sunt,
2112 1198 2154 1254 ut

1162 1263 1339 1336 Dominus
1364 1266 1495 1360 inquit:
1522 1270 1670 1360 Semper
1690 1284 1805 1354 orate,
1825 1290 1859 1347 et
1877 1277 1955 1348 sine
1977 1306 2034 1350 me
2058 1277 2152 1354 nihil

1162 1368 1307 1458 potestis
1323 1368 1448 1438 lacere.
1499 1365 1542 1438 ln
1557 1367 1665 1439 tantis
1686 1371 1869 1445 turoribus
1894 1379 2029 1450 diaboli
2056 1397 2091 1453 et
2111 1384 2151 1452 in

1162 1482 1258 1538 tauta
1276 1467 1516 1539 imbecillitate
1532 1463 1677 1538 ituruani
1698 1475 1835 1561 generis
1850 1481 2073 1552 manifestum
2090 1499 2152 1570 est,

1161 1593 1235 1637 non
1261 1591 1361 1657 posse
1389 1568 1522 1638 servari
1545 1563 1756 1652 Ecclesiam,
1790 1576 1860 1645 nisi
1887 1573 1963 1649 Deo
1994 1583 2151 1659 iuvante.

1160 1664 1209 1738 Et
1224 1668 1317 1738 lilius
1332 1665 1398 1738 Dei
1413 1669 1682 1739 clementissime
1696 1675 1887 1762 promittit,
1912 1701 1949 1748 ae
1964 1705 2040 1750 eam
2057 1707 2150 1754 sem·-

1161 1793 1224 1861 per
1246 1782 1466 1840 servaturum
1490 1793 1580 1849 esse,
1614 1769 1705 1842 sicut
1731 1773 1864 1868 inquit:
1904 1775 1980 1868 Ego
2011 1805 2150 1876 semper

1161 1893 1222 1939 ero
1249 1870 1432 1940 vobiscum
1458 1872 1638 1963 usquead
1666 1877 2002 1949 consummationem
2030 1885 2149 1960 seculi.

1164 1967 1238 2038 llac
1255 1995 1311 2038 me
1326 1970 1526 2040 dulcissima
1549 1971 1790 2044 consolatione
1807 1977 1845 2044 in
1870 1973 1934 2049 hac
1950 1997 2086 2053 senecta
2109 1985 2149 2054 iu

1161 2071 1271 2141 tantis
1285 2071 1553 2140 confusionibus
1570 2085 1738 2158 sustento,
1764 2088 1798 2145 et
1813 2078 1944 2148 crebris
1959 2083 2149 2172 gemitibus
2184 2097 2190 2106 ’

1162 2171 1464 2241 conservationem
1479 2167 1656 2239 Ecclesiae
1673 2187 1766 2262 peto.
1835 2233 1837 2240 ,

1264 2267 1342 2341 Oro
1358 2271 1467 2358 igitur
1480 2284 1554 2340 tuto
1573 2286 1711 2360 pectore
1727 2271 1843 2348 Deum
1856 2293 2059 2368 aeternum,
2087 2311 2150 2378 pa·

1160 2386 1250 2441 trem
1270 2371 1418 2440 Domini
1437 2371 1548 2440 nostri
1567 2369 1645 2442 lesu
1662 2368 1806 2460 Christi,
1830 2381 1985 2450 crncifixi
2004 2410 2066 2475 pro
2083 2412 2150 2458 no·

1161 2468 1217 2539 bis
1243 2485 1275 2540 et
1296 2470 1508 2555 resciscitati,
1538 2472 1670 2541 sontem
1692 2476 1882 2565 sapientiae
1909 2497 1943 2552 et
1968 2490 2149 2558 custodem

1161 2567 1340 2643 Ecclesiae
1361 2595 1462 2652 suae,
1489 2585 1529 2642 ut
1550 2572 1716 2662 deinceps
1730 2600 1871 2671 quoque
1887 2603 2026 2673 semper
2042 2586 2079 2657 in
2093 2583 2151 2657 his

1161 2673 1364 2762 regionibus
1393 2671 1535 2760 colligat
1563 2671 1632 2743 sibi
1659 2669 1852 2748 Ecclesiam
1881 2694 2082 2770 aeternam,
2115 2702 2151 2759 et

1161 2786 1274 2843 servet
1290 2775 1328 2841 in
1342 2796 1382 2843 ea
1399 2768 1550 2864 hospitia
1566 2768 1754 2861 Ecclesiae,
1780 2793 1813 2848 et
1826 2781 2024 2852 doctrinam
2040 2809 2152 2873 suam,

1161 2886 1196 2944 et
1228 2869 1319 2941 hauc
1352 2873 1463 2964 ipsam
1495 2873 1614 2960 legum
1645 2875 1871 2963 sapientiam,
1903 2896 1938 2952 et
1965 2879 2150 2959 honestam
2221 2950 2224 2956 ,
2284 2847 2287 2856 i

1161 2973 1405 3065 disciplinam,
1438 2985 1472 3043 et
1501 2985 1640 3042 nostras
1667 2975 1819 3048 familias
1851 2995 2028 3074 protegat,
2062 2989 2151 3078 ipse,

1161 3097 1241 3144 cum
1267 3073 1412 3167 quidem
1435 3097 1491 3144 res
1511 3077 1692 3156 ostendat,
1727 3101 1795 3150 nos
1822 3104 1897 3152 non
1926 3078 2056 3156 habere
2079 3085 2151 3159 hu-

1161 3198 1265 3243 mana
1283 3174 1466 3265 praesidia.
1510 3171 1630 3262 Quare
1646 3188 1813 3271 tanquam
1828 3181 1980 3274 orphani
1996 3187 2150 3278 petimus

1161 3287 1195 3346 et
1217 3290 1436 3367 expectamus
1456 3275 1626 3345 auxillum
1646 3276 1755 3349 aDeo
1776 3296 1875 3372 patre
1897 3281 2151 3378 orphanorum,

1161 3375 1251 3446 sicut
1266 3375 1517 3465 scriptumest:
1551 3369 1726 3467 Orphano
1742 3383 1850 3452 tueris
1864 3386 2014 3463 adiutor.

1262 3475 1366 3546 Nune
1390 3492 1424 3547 te
1444 3469 1646 3546 charissime
1664 3480 1714 3547 tlt
1735 3478 1886 3553 loannes
1901 3487 2082 3582 alloquor,
2108 3517 2149 3564 ac

1162 3579 1315 3670 primum
1333 3575 1407 3649 Deo
1422 3577 1551 3669 gratias
1566 3599 1643 3664 ago,
1669 3584 1764 3672 quud
1782 3579 1949 3656 hactenus
1965 3589 2150 3680 ingenium

1161 3693 1195 3752 et
1209 3679 1323 3752 studia
1340 3694 1399 3751 tua
1422 3679 1642 3771 gubernavit.
1694 3679 1776 3752 Seio
1793 3684 1887 3756 enim
1907 3698 1941 3758 te
1955 3689 2071 3761 sontes
2083 3694 2151 3764 do-

1160 3783 1294 3852 ctrinae
1307 3781 1402 3852 'iuris
1425 3793 1518 3852 recte
1540 3778 1720 3862 didicisse,
1747 3797 1783 3854 et
1804 3798 1838 3855 te
1858 3810 1939 3858 vere
1961 3813 2149 3882 agnoscere

1159 3896 1195 3967 et
1216 3883 1382 3952 invocare
1409 3880 1543 3968 Deoia,
1576 3894 1611 3951 et
1640 3883 1758 3952 amare
1785 3884 1971 3964 iusticiam.
2028 3889 2151 3982 Quare

1161 4008 1241 4054 cum
1270 4006 1406 4074 sperem
1437 3999 1516 4057 tuos
1543 3982 1683 4054 labores
1711 3987 1757 4056 ad
1788 3989 2090 4064 conservationem
2114 4009 2149 4066 et

1161 4085 1448 4177 propagationem
1471 4085 1670 4172 doctrinae,
1700 4101 1735 4160 et
1762 4091 1807 4161 ad
1828 4085 2063 4182 Reipublicae
2084 4117 2151 4185 gu·

1163 4186 1405 4256 bernationem
1421 4187 1626 4279 profuturos
1640 4209 1733 4276 esse,
1758 4193 1907 4282 gaudeo,
1934 4216 1974 4264 ac
1989 4207 2084 4286 opto,
2108 4210 2150 4268 ut

1162 4286 1265 4357 multi
1288 4287 1360 4358 sint
1381 4291 1426 4356 ad
1450 4287 1691 4380 posteritatem
1712 4298 1874 4368 custodes
1894 4319 1999 4372 verae
2013 4295 2149 4372 doctri-

1163 4412 1230 4457 nae
1243 4387 1378 4458 beleles:
1402 4383 1506 4484 teque
1521 4383 1709 4477 adhortor,
1734 4409 1775 4467 ut
1795 4395 1834 4466 in
1848 4400 2016 4474 omuibus
2029 4395 2150 4477 eonsi-

1162 4489 1220 4559 liis
1234 4488 1303 4560 tuis
1317 4513 1444 4560 ornare
1458 4491 1605 4581 gloriam
1619 4489 1705 4579 Dei,
1730 4507 1766 4567 et
1787 4496 1908 4571 iuvare
1922 4479 2151 4579 communem

1162 4591 1308 4661 salutem
1331 4583 1516 4660 hominum
1537 4593 1697 4679 studeas,
1720 4611 1755 4669 et
1770 4593 1887 4670 Deum
1904 4624 1989 4688 oro,
2011 4603 2147 4679 iontem
2168 4609 2170 4618 ’

1163 4689 1372 4783 sapientiae,
1396 4703 1438 4763 ut
1458 4703 1572 4764 tutum
1594 4694 1686 4766 vitae
1707 4707 1788 4768 tuae
1802 4721 1944 4770 cursum
1965 4703 2148 4794 gubernet,

1162 4787 1340 4882 Coniugio
1372 4792 1474 4862 etiam
1507 4805 1570 4864 tuo
1600 4815 1742 4885 precor,
1781 4811 1823 4869 ut
1852 4795 1951 4871 Deus
1980 4805 2148 4881 castitatis

126 4921 221 4972 cesse
237 4911 308 4980 est,
333 4895 416 4989 quia
430 4894 526 4966 Deus
541 4893 713 4963 immensa
728 4893 885 4964 bonitate
900 4895 979 4966 vult
995 4894 1034 4964 in
1055 4919 1116 4985 ge-
1164 4913 1304 4979 amans,
1328 4905 1364 4963 te
1385 4905 1420 4964 et
1442 4915 1606 4986 sponsam
1629 4909 1743 4984 regat,
1769 4910 1804 4969 et
1819 4899 1942 4990 iaciat,
1967 4919 2007 4978 ut
2022 4908 2150 4979 coniu-

9 5017 10 5024 ’
127 5024 213 5072 nere
235 4995 395 5070 hnmano
415 5017 542 5065 sonare
563 5017 647 5064 suae
668 4993 859 5086 sapientiae
876 5018 1019 5081 vocem,
1041 4996 1115 5066 sive
1164 4991 1261 5082 m'um
1290 5007 1446 5064 vestmm
1478 4995 1526 5068 sit
1550 4995 1704 5067 faustum
1737 5009 1772 5071 et
1801 4999 1920 5075 foelix.
1970 5003 2151 5098 cogitabis

126 5101 254 5184 multi,
280 5099 353 5170 sive
374 5096 477 5188 pauci
497 5096 585 5166 liant
601 5095 776 5170 meliores.
827 5091 876 5166 Et
891 5109 1010 5168 tamen
1024 5119 1117 5168 um-
1166 5092 1273 5164 etiam
1304 5093 1447 5168 intuens
1476 5089 1661 5168 honestam
1694 5119 1859 5188 sponsam
1890 5113 2005 5192 tuam,
2038 5107 2150 5181 tiliam

127 5225 192 5296 per
221 5199 377 5294 aliquam
398 5191 593 5270 Ecclesiam
621 5197 716 5268 filius
737 5193 805 5266 Dei
825 5195 865 5268 in
896 5207 1023 5287 genere
1047 5193 1117 5272 bu·
1166 5215 1281 5266 meam
1295 5190 1555 5281 charissimam,
1577 5191 1674 5267 hunc
1688 5211 1844 5271 vestrum
1861 5225 2037 5294 amorero,
2058 5207 2152 5280 ima·

128 5327 236 5374 roano
260 5311 386 5372 servat.
442 5293 562 5370 Erunt
580 5297 690 5388 igitur
707 5296 837 5394 aliqui,
867 5298 930 5394 qui
949 5295 1026 5372 Deo
1050 5302 1119 5374 ob.
1168 5294 1286 5387 ginem
1307 5319 1382 5368 esee
1401 5290 1539 5368 amoris
1547 5295 1588 5367 iu
1607 5296 1682 5371 lilio
1696 5295 1764 5372 Dei
1784 5323 1864 5391 erga
1877 5297 2069 5376 humanam
2086 5331 2153 5379 na-

127 5403 389 5496 temperabunt.

178 5510 361 5578 merser.
385 5503 491 5576 Orra.
515 5498 695 5572 Voraxll.

1167 5409 1298 5485 turam,
1322 5419 1429 5494 quam
1443 5397 1651 5574 adsumpsi?
1674 5412 1710 5473 et
1722 5421 1804 5495 erga
1818 5399 2022 5478 Ecclesiam.
2073 5405 2154 5482 Hoc
