4604 5804
153 237 157 244 ’
245 261 321 334 ns
364 207 396 314 Γ
490 249 701 334 seelera
727 253 806 332 ru.
830 251 948 368 usn
972 249 1041 326 su
1067 249 1196 328 nrsr.
1221 249 2023 335 rnor.arrun0s.srncrmr1s.
2175 261 2239 338 rao

242 429 461 506 confirmatio
478 439 529 497 est
542 425 703 519 piorum:
730 447 809 497 cum
824 423 1003 514 ridemus,
1027 419 1229 497 huncluis-
1278 425 1428 498 dubium
1453 437 1524 508 est',
1548 424 1673 499 ltaliae
1696 441 1776 521 post
1798 429 1922 524 longas
1944 433 2151 505 vastationes
2165 435 2242 508 s‘alu·

242 559 282 607 se
310 523 595 602 monarchiarum
623 530 787 600 ordinem
818 541 854 599 et
883 528 1158 614 successionem,
1188 538 1230 598 ut
1280 547 1392 604 tarem
1421 553 1558 620 pacem.
1575 543 1610 600 ct
1638 545 1847 609 ornamenta
1870 534 1990 604 civilia
2011 536 2162 607 restituta
2184 561 2243 607 esse

241 635 474 731 praedicitur,
499 633 810 716 non'dubitemus,
835 628 1230 726 sequuturumesseiu-
1279 629 1401 704 Caroli
1428 645 1463 704 et
1491 627 1666 703 Ludovici
1695 633 1844 716 virtute,
1878 649 1913 707 et
1934 637 1980 707 ab
2007 632 2064 708 his
2087 639 2242 710 defensam

242 739 385 817 dicium.
438 733 498 806 Sic
514 747 631 806 autem
645 748 881 804 numerantur
891 727 1136 808 monarchiae.
1281 757 1355 804 esse
1381 730 1537 802 Galliam
1568 748 1604 806 et
1630 732 1880 818 Germaniam,
1913 739 2069 830 depulsis
2099 737 2243 810 aGallia

344 840 378 908 t.
416 835 538 906 Prima
562 848 614 906 est
639 831 921 914 Chaldaeorum,
946 857 1016 928 qua
1041 847 1075 904 et
1090 829 1230 928 Assyrii
1281 833 1483 920 Saracenis,
1517 849 1550 906 ct
1575 860 1595 905 a
1617 833 1810 908 Germania
1835 837 2006 930 Unguis,
2033 854 2166 912 ornatas
2184 865 2243 912 esse

240 939 350 1016 vicini
367 932 733 1031 comprehenduntur.
763 936 865 1018 ,Nam
882 935 968 1004 alias
986 935 1105 1006 statim
1123 935 1229 1004 initio
1281 934 1474 1022 Ecclesiae,
1500 949 1535 1008 et
1551 938 1697 1008 excitata
1714 939 1957 1012 doctrinarum
1971 944 2106 1034 studia,
2131 967 2200 1012 cnm
2213 943 2243 1010 in

241 1042 455 1140 potentiores
480 1042 626 1110 fuerunt
647 1060 746 1128 reges
768 1035 807 1106 in
824 1037 1032 1132 Babylone,
1057 1037 1144 1107 alias
1174 1037 1230 1106 vi-

243 1143 312 1218 cini
334 1166 432 1234 reges
459 1141 500 1210 in
516 1141 656 1215 Ninive.
709 1139 782 1210 Nec
805 1141 956 1211 dubium
978 1151 1048 1226 est,
1072 1135 1231 1234 Babylo-

242 1269 324 1318 nem
343 1260 376 1315 et
392 1243 547 1315 Niniven
563 1243 719 1311 diversas
735 1242 842 1311 urbes
865 1264 951 1314 esse.
1162 1255 1165 1264 '

342 1349 380 1418 2.
421 1345 581 1416 Secunda
608 1343 739 1412 dicitur
762 1335 1027 1416 Persarum.

343 1448 380 1519 δ.
427 1444 550 1517 Tertia
579 1441 775 1516 Alexandri
807 1458 841 1514 et
873 1445 1119 1537 proximorum
1151 1465 1231 1514 suc-

241 1573 429 1627 sessorum.

276 1737 280 1746 .
344 1650 402 1726 t.=
427 1648 563 1741 Quarta
599 1647 868 1736 Romanorum,
901 1656 1015 1744 'quam
1057 1643 1232 1737 significat

241 1753 370 1829 Daniel
393 1754 537 1824 tandem
559 1752 822 1822 dilacerandam
846 1771 936 1836 esse,
962 1764 997 1822 et
1016 1751 1124 1842 pedes
1147 1771 1232 1840 par-

241 1860 306 1930 tim
321 1859 471 1941 terreos,
495 1855 624 1945 partim
648 1853 762 1923 luteos
776 1853 865 1926 iore.
917 1847 998 1922 Etsi
1013 1853 1076 1920 alii
1097 1853 1231 1921 ferreos

241 1962 348 2053 pedes
365 1957 572 2046 intelligunt
586 1977 733 2045 regnum
753 1951 970 2040 Turcicnm,
1002 1967 1157 2025 caeteros
1172 1953 1231 2021 lu-

119 2073 122 2084 '
242 2076 317 2135 teos
343 2061 467 2151 pedes:
501 2073 620 2129 tamen
648 2077 712 2146 ego
739 2052 922 2138 existimo,
955 2053 1150 2124 Turcicum
1173 2078 1231 2124 re-

240 2186 371 2254 gnum,
403 2161 502 2254 quod
521 2157 722 2227 manifestas
744 2148 984 2247 blasphemias
1006 2171 1130 2228 contra
1148 2179 1231 2225 ver-

240 2267 329 2336 b'um
358 2257 452 2330 Dei
481 2260 686 2352 profitetur,
719 2270 755 2329 et
777 2281 818 2328 ex
841 2258 1000 2352 professu
1020 2259 1139 2328 delere
1163 2281 1231 2330 no-

242 2389 327 2458 men
350 2351 537 2434 Christi
557 2374 722 2447 conatur,
745 2383 821 2429 non
835 2359 1064 2430 annumerari
1085 2383 1230 2428 monar-

242 2461 348 2548 chiis,
375 2489 462 2560 quas
481 2461 578 2534 Deus
598 2464 716 2554 legum
739 2474 774 2531 et
795 2461 1005 2553 disciplinae
1023 2484 1126 2532 causa
1143 2484 1231 2530 con-

243 2569 369 2642 stituit.
422 2565 492 2638 Sed
507 2567 640 2635 ferreos
654 2566 761 2656 pedes
775 2563 937 2652 intelligo
953 2565 1089 2656 aliquot
1105 2577 1231 2654 poten-

27 2707 30 2712 ·
72 2701 77 2712 ·
134 2721 138 2726 -
242 2684 294 2742 tes
326 2671 557 2762 imperatores
589 2664 840 2748 Germanicos,
880 2679 922 2734 ut
951 2663 1120 2736 Carolum
1153 2663 1230 2754 pri-

1280 1035 1443 1132 Acgypto
1462 1050 1495 1108 ct
1522 1039 1561 1106 in
1575 1034 1730 1130 Aphrica
1754 1043 1895 1133 penitus
1916 1045 2051 1116 deletae
2068 1059 2173 1116 essent
2185 1041 2243 1114 Ec-

1282 1141 1426 1221 clesiae,
1453 1153 1488 1209 et
1502 1140 1540 1208 in
1552 1136 1673 1210 Asiam
1691 1143 1801 1212 infusi
1816 1156 1930 1215 essent
1945 1143 2111 1217 Saraceni
2125 1144 2243 1216 etTur·

1281 1243 1333 1324 ci,
1359 1241 1423 1334 qui
1447 1240 1499 1312 ibi
1526 1267 1668 1336 quoque
1690 1245 1858 1317 delebant
1880 1243 2058 1318 Ecclesias
2081 1249 2115 1320 et
2135 1248 2243 1317 literas.

1281 1341 1330 1415 Ut
1354 1343 1463 1432 igitur
1484 1344 1523 1412 in
1538 1340 1683 1436 Europa
1704 1347 1876 1440 reliquiae
1891 1343 2070 1420 Ecclesiae
2084 1363 2117 1420 et
2131 1347 2243 1418 doctri·

1281 1469 1409 1514 narum
1432 1459 1678 1530 servarentur,
1702 1471 1826 1518 rursus
1850 1449 1901 1518 ibi
1922 1450 2094 1522 divinitus
2114 1443 2242 1540 pulchra

1282 1547 1486 1619 coniunctio
1506 1547 1597 1616 sacta
1620 1560 1690 1627 est,
1724 1547 1868 1636 ltaliae,
1896 1547 2037 1622 Galliae
2058 1566 2092 1625 et
2112 1549 2241 1628 Germa·

1282 1649 1381 1734 niae,
1408 1671 1497 1742 quae
1516 1649 1562 1720 ab
1577 1671 1651 1720 uno
1667 1637 1842 1720 Gorolo
1856 1653 2085 1739 tenebantur,
2107 1653 2166 1746 qui
2178 1665 2242 1721 tan·

1281 1773 1388 1844 quam
1419 1745 1611 1822 monarcha
1639 1763 1715 1822 erat
1744 1749 1930 1844 Europae,
1962 1767 2000 1826 et
2021 1769 2133 1826 eustos
2157 1752 2242 1844 pacis,

1281 1851 1484 1941 religionis,
1517 1852 1634 1940 legum
1662 1866 1698 1925 et
1717 1853 1937 1946 disciplinae.
1998 1855 2120 1928 Postea
2140 1853 2241 1925 Italiae

1281 1968 1316 2024 et
1326 1952 1539 2024 Germaniae
1552 1954 1846 2026 coniunctionem
1856 1957 2082 2028 retinuerunt
2091 1951 2240 2034 Othones,

1280 2053 1457 2126 Henricus
1489 2051 1763 2145 Bombergensis
1792 2068 1831 2126 et
1859 2053 2051 2129 Cunradus
2077 2045 2240 2150 Spirensis.

1279 2155 1366 2228 Post
1387 2152 1484 2227 hunc
1504 2180 1585 2226 cum
1612 2158 1683 2227 iam
1699 2155 1947 2230 Romanorum
1964 2155 2169 2232 Pontificum
2191 2180 2240 2246 po-

1280 2259 1390 2330 tentia
1413 2257 1596 2339 crevisset,
1619 2259 1734 2329 furiae
1752 2259 1956 2352 pontificiae
1976 2256 2238 2332 accendemntiu

1281 2357 1473 2432 Germania
1497 2361 1591 2430 bella
1617 2359 1752 2447 civilia,
1779 2362 1910 2456 quibus
1932 2365 2091 2454 potentia
2114 2359 2238 2432 Germa·

1279 2461 1352 2531 nici
1375 2460 1515 2552 imperii
1532 2462 1719 2554 praecipue
1736 2463 1954 2558 languefacta
1970 2477 2034 2538 est.
2072 2463 2150 2536 Non
2163 2459 2237 2531 enim

1281 2565 1405 2656 procul
1427 2564 1525 2634 abest
1547 2565 1623 2634 dies
1644 2559 1837 2656 triumphi,
1870 2565 1912 2634 in
1936 2590 2008 2662 quo
2033 2589 2070 2637 se
2090 2556 2237 2634 liliusllei

1279 2667 1396 2758 palam
1430 2668 1601 2751 ostendet¹
1631 2667 1752 2756 generi
1786 2661 1960 2752 humano,
2006 2682 2042 2738 et
2071 2663 2237 2738 Ecclesiam

241 2795 360 2856 mum,
390 2769 615 2840 Ludovicum
647 2766 782 2852 filium,
818 2755 1016 2836 Henricsim
1043 2763 1229 2850 Saxonem,
1280 2782 1421 2852 aeterna
1437 2767 1729 2857 gloriaornabit,
1754 2781 1789 2838 et
1804 2792 1928 2838 omnes
1943 2769 2074 2860 impios
2094 2767 2130 2837 in
2148 2776 2237 2836 aeter-

243 2897 348 2968 quem
368 2872 496 2943 usitate
510 2865 696 2960 Aucupem
721 2867 923 2942 nominant.
972 2865 1117 2937 Veteres
1137 2864 1230 2962 Ger·
1279 2893 1344 2938 nas
1359 2892 1490 2959 poenas
1505 2870 1658 2940 abiiciet.
1710 2867 1847 2942 Interea
1862 2883 2002 2957 tamen,
2027 2883 2068 2942 ut
2085 2869 2191 2939 minus
2202 2861 2237 2931 sit

241 2977 401 3046 manicae
434 2968 603 3044 historiae
631 2969 821 3041 nominant
853 2995 934 3040 eum
958 2965 1159 3052 Humilem,
1190 2981 1231 3039 ut
1280 2972 1542 3052 confusionum,
1564 2972 1760 3062 optandum
1777 2985 1848 3057 est,
1874 2963 2236 3065 utPrincipesinGer·

243 3078 293 3148 sic
318 3077 447 3146 dicam.
506 3072 645 3168 Deinde
673 3067 873 3158 Otthoncs,
900 3068 1097 3140 Henricum
1118 3071 1230 3140 Bom-
1278 3067 2167 3164 maniahocdecussapientiaetvirtute'tueantur,
2186 3083 2236 3134 net

243 3179 461 3268 bergensem.
520 3173 646 3244 Postea
669 3175 814 3254 luerunt
839 3173 945 3244 multi
970 3172 1232 3257 imbecilliores,
1280 3175 1426 3264 privatis
1463 3175 1651 3244 discordiis
1687 3172 1917 3247 Germaniam
1955 3176 2025 3266 ipsi
2061 3175 2236 3246 dilacerent·

80 3269 83 3280 ’
161 3361 169 3372 .
245 3275 554 3374 quossignificant
578 3273 666 3345 lutei
696 3275 813 3366 pedes.
863 3273 935 3344 Sed
957 3273 1059 3343 misti
1087 3273 1231 3344 luerunt
1279 3273 1381 3346 Hanc
1402 3299 1521 3348 curam
1546 3275 1772 3368 praecipuam
1787 3299 1862 3347 esse
1879 3279 2065 3368 oportebat
2080 3267 2192 3346 summi
2205 3267 2236 3333 in

181 3439 195 3450 .
245 3394 281 3451 et
301 3381 408 3449 sortes
431 3376 632 3469 Principes,
664 3376 727 3470 qui
750 3369 932 3446 res'utiles
956 3388 1156 3464 gesserunt,
1188 3389 1231 3448 ut
1279 3377 1383 3450 terris
1405 3375 1575 3460 Senatus,
1611 3378 1776 3448 videlicet
1804 3378 1943 3468 collegii
1977 3375 2236 3448 Etesiarum,

243 3475 435 3562 Letharius
452 3478 556 3553 Saxo.
600 3477 692 3549 Nam
708 3475 900 3548 'l'urcicum
919 3478 1109 3570 imperium
1126 3501 1230 3568 pror-

246 3606 306 3653 sus
328 3569 352 3654 a'
370 3577 586 3652 monarchiis
607 3580 774 3670 seiungo,
801 3603 886 3674 quas
905 3567 1032 3648 Deus
1055 3578 1172 3670 legum
1195 3591 1230 3648 et

244 3683 453 3778 disciplinae
467 3707 570 3754 causa
587 3683 781 3755 constituit.

345 3786 438 3858 Sunt
452 3785 560 3875 igitur
574 3783 767 3877 peculiares
788 3775 1228 3874 descriptiones'Turcicae

244 3887 455 3961 trannidis.
512 3885 562 3958 Ut
594 3886 688 3978 apud
714 3879 936 3955 Ezechielem
966 3877 1153 3976 prophetia
1184 3886 1227 3953 de

244 3915 327 4079 Gog
350 4001 384 4058 et
406 3985 538 4077 Magog
560 3987 703 4080 proprie
734 3989 779 4056 ad
801 3983 937 4056 'furcas
959 3987 1123 4076 pertinet.
1177 3981 1228 4057 Et

244 4115 356 4164 cornu
378 4088 528 4182 loquens
549 4083 806 4182 blasphemias,
838 4101 871 4158 et
895 4101 1081 4159 conterens
1101 4083 1228 4157 Eccle-

243 4193 332 4266 siam
356 4191 451 4284 apud
473 4187 677 4274 Danielem,
702 4191 746 4260 de
770 4201 844 4286 toto
860 4183 1101 4261 Mahometico
1117 4210 1227 4278 regno

244 4295 489 4368 concionatur.
541 4291 739 4382 Singularis
753 4294 856 4363 furor
875 4306 927 4362 est
942 4303 1075 4362 ortusa
1100 4291 1228 4361 diaboe

242 4395 288 4467 lis
304 4397 343 4466 in
360 4391 426 4466 hac
442 4395 567 4466 ultima
582 4405 722 4465 senecta
744 4393 887 4480 mundi,
912 4389 988 4492 Deo
1003 4393 1227 4485 permittente

243 4499 392 4593 proptir
432 4491 620 4568 horribilia
664 4490 852 4567 hominum
895 4509 1055 4589 peccata,
1101 4508 1226 4588 tyran-

243 4601 302 4672 nis
314 4593 574 4676 Madametica
582 4651 594 4692 ,
628 4597 811 4674 dissimilis
831 4597 992 4669 omnium
1015 4619 1225 4684 regnorum:

243 4703 326 4796 quia
348 4727 390 4774 ex
405 4703 561 4796 professo
577 4713 727 4771 conatur
740 4699 858 4769 delere
873 4723 1004 4770 nomen
1027 4688 1226 4776 Christi.
1275 4710 1408 4770 natum.

241 4799 316 4874 Nec
329 4817 434 4876 ornat
446 4827 556 4896 genus
572 4799 769 4874 humanum
784 4801 922 4891 legibus
943 4815 1004 4872 ant
1019 4801 1224 4892 disciplina:

241 4901 315 4977 Sed
328 4918 441 4976 vastat
454 4907 577 4978 orbem
591 4918 785 4986 terrarum,
811 4914 901 4973 ut‘et
920 4892 1054 4974 nolnen
1071 4898 1110 4975 T
1116 4925 1225 4974 ursa

242 5007 475 5079 vastationem
490 5031 551 5079 seu
566 5019 776 5078 vastatorem
790 5003 978 5095 significat·

201 5107 203 5112 ’
342 5108 399 5181 Sit
430 5122 547 5182 autem
578 5122 675 5200 grata
705 5107 812 5179 nobis
841 5106 1094 5194 consideratio,
1126 5109 1224 5205 qnod

241 5206 337 5282 Deus
350 5224 387 5283 et
400 5207 650 5282 Germanicam
675 5224 813 5301 gentem
825 5197 898 5290 hoc
921 5203 1058 5284 honore
1073 5211 1225 5300 ornavit,
1272 5209 1379 5278 linem
1395 5209 1516 5303 stirpis
1527 5205 1743 5285 Salomonis.

241 5325 282 5382 ut
294 5311 662 5410 reliquias·Romanae
678 5307 905 5386 monarchiae
927 5335 1004 5387 eam
1022 5329 1162 5398 tenere,
1189 5328 1225 5387 et

1278 3493 1319 3549 ut
1333 3477 1478 3570 Europa
1502 3493 1537 3550 et
1552 3492 1657 3572 caput
1680 3494 1716 3550 et
1730 3480 1822 3549 vires
1838 3474 1984 3552 haberer
2000 3493 2118 3550 contra
2132 3467 2235 3544 'lurci-

1279 3603 1355 3650 cam
1377 3581 1597 3665 barbariem,
1630 3594 1663 3652 et
1690 3594 1884 3676 tyrannos,
1915 3582 1980 3676 qui
2007 3582 2136 3652 iniusta
2161 3570 2233 3644 bellt

1278 3696 1441 3764 movent,
1477 3683 1676 3774 perniciosa
1706 3684 1773 3753 toti
1803 3679 1983 3776 Europae.
2041 3681 2112 3753 Nos
2141 3687 2234 3746 auten

1279 3780 1395 3853 Deum
1412 3783 1620 3855 ardentibus
1636 3785 1728 3855 votis
1745 3797 1780 3856 et
1794 3786 1983 3874 gemitibus
1994 3791 2183 3879 precemur,
2204 3781 2235 3838 ¹¹⁸

1278 3885 1316 3953 in
1332 3880 1399 3955 hac
1421 3886 1627 3957 turbulenta
1642 3900 1781 3958 senecta
1804 3887 1932 3956 mundi
1959 3902 1994 3958 et
2015 3884 2125 3957 ruinis
2143 3879 2234 3965 impe·

1276 3987 1413 4057 riorum
1429 4002 1542 4059 servet
1556 3989 1676 4082 aliqua
1692 3985 1869 4089 Ecclesiae
1884 3983 2056 4082 hospitia,
2081 3998 2113 4056 et
2127 3979 2235 4053 tributi

1277 4089 1329 4158 eis
1343 4089 1534 4161 salutarem
1548 4090 1855 4180 gubernationem.

1473 4273 1664 4334 Annorum
1683 4274 1810 4334 series
1831 4289 1876 4332 ex
1896 4271 2072 4334 Philone.

1377 4390 1484 4464 Mille
1497 4391 1649 4464 sexcenti
1661 4392 1920 4488 qninquaginta
1935 4415 1995 4463 sex
2008 4393 2053 4463 ad
2070 4381 2232 4460 diluvium.

1375 4491 1531 4567 Ducenti
1550 4496 1745 4587 nonaginta
1763 4494 1835 4564 duo
1853 4495 1899 4564 ad
1921 4487 2102 4566 Abraham
2122 4497 2231 4557 natum

1377 4593 1640 4689 Quadringenti
1679 4595 1808 4699 viginti
1839 4595 2000 4692 quinque
2038 4594 2082 4667 ad
2113 4585 2229 4662 Moisen

1377 4795 1599 4892 Octnaginta·
1617 4799 1663 4871 ad
1685 4797 1819 4876 exitum
1842 4821 1884 4870 ex
1905 4794 2079 4896 Aegypto.

1376 4898 1641 4997 Quadringenti
1665 4898 1867 4990 octuaginta
1892 4903 1938 4973 ad
1964 4899 2129 4994 templum
2141 4885 2229 4977 Salo·

1272 5005 1402 5078 monis.

1373 5105 1529 5179 Centum
1560 5104 1708 5196 triginta
1739 5115 1835 5176 octo:
1870 5106 1916 5177 ad
1945 5127 2061 5196 regem
2089 5095 2177 5178 loss,
2202 5091 2228 5154 tl

1373 5309 1529 5383 Ducenti
1557 5310 1752 5401 nonaginta
1779 5331 1892 5383 unus:
1930 5311 1982 5383 sd¹
2007 5298 2225 5398 migrationem

242 5417 449 5510 praecipuos
471 5438 546 5487 esse
566 5405 728 5486 dustodes
748 5409 915 5511 Europae
935 5417 1099 5497 voluerit.
1149 5413 1224 5488 Nec
1272 5429 1504 5508 spontaneam
1525 5407 1698 5490 leconiae.
