4696 5820
83 271 162 352 257
563 271 724 350 DECL.
756 271 832 350 DE
863 273 1103 350 STUDllS
1139 269 1268 390 Vll'l'⁸¹
1302 269 1651 349 PHILOSOPH.
2041 277 2116 354 258

84 459 167 517 ante
189 444 402 518 saladinum
424 467 541 536 regem
566 443 603 517 et
623 445 855 520 Sultanurum
884 448 1076 518 successio·
1101 459 1105 488 ¹
1129 446 1169 516 in
1187 445 1333 518 Austris
1343 445 1462 518 Guttis
1479 445 1767 528 intercessissent,
1781 447 1964 518 redierunt
1979 449 2113 520 alllau-

84 573 187 634 nem,
211 548 273 640 qui
287 543 450 618 Saladir'ri
467 548 669 637 posteritate
686 548 836 633 sublata,
862 571 1009 639 regnum
1034 547 1071 618 vi
1127 549 1180 618 ris
1203 548 1403 620 mediceae
1427 543 1671 618 mathematica
1684 550 1802 618 studia
1816 551 1861 619 ad
1877 549 2033 632 vicinos,
2059 568 2113 623 at·

85 661 303 742 rapuerunt,
328 662 435 740 atque
450 673 491 718 ex
505 647 718 738 Mamalucjs
739 665 780 720 ut
792 663 939 736 vocant,
965 651 1075 734 idest,
1125 671 1197 742 quc
1215 650 1254 718 in
1271 649 1423 720 latinum
1440 663 1561 740 coepta
1576 661 1660 720 sunt
1674 651 1813 721 traduci
1828 674 2040 738 sennonem,
2055 654 2114 722 iu-

85 751 273 841 religionis
300 763 335 820 et
350 749 580 840 professionis
595 746 820 820 Christianae
836 752 1075 821 desertoribus
1126 753 1241 844 deque
1256 751 1510 822 communicari
1526 750 1673 844 reliquis
1686 747 1852 844 Europae
1870 753 2053 842 gentibus,
2079 769 2114 827 et

17 885 22 899 ·
86 855 156 944 legi
178 852 409 944 coaptatique
429 853 637 944 volucrunt)
663 867 697 921 et
727 853 910 946 aliquanto
934 867 1013 944 post
1035 852 1075 921 in
1126 854 1269 924 tandem
1288 848 1496 945 Alphonsus
1521 877 1582 924 rex
1605 853 1759 924 evocatis
1783 849 1984 925 eCorduba
2002 856 2113 926 artili-

85 954 239 1024 Maroco
253 954 386 1043 oppidu
402 953 501 1042 regui
520 951 703 1024 Tunetani
719 953 949 1025 celeberrimo
966 951 1074 1024 Mau·
1126 953 1245 1038 cibus,
1272 953 1412 1025 institui
1433 953 1698 1024 observationes
1719 977 1831 1024 novas
1853 968 2014 1026 motuum
2031 982 2113 1030 coe-

85 1081 146 1127 sor
162 1080 224 1125 rex
241 1054 407 1146 praemiis
430 1054 592 1124 maximis
615 1054 825 1147 propositis,
849 1051 1075 1126 bibliothecis
1125 1053 1285 1140 lestium,
1310 1055 1492 1126 emendari
1508 1050 1722 1149 hypotheses
1744 1071 1879 1127 veteres
1901 1057 2038 1129 collatis
2055 1059 2113 1128 in-

85 1157 264 1241 conditis,
290 1169 324 1226 et
347 1154 515 1226 aediliciis
538 1157 575 1225 iu
601 1151 744 1226 scholae
765 1180 870 1227 usum
891 1157 1075 1246 magnifice
1127 1169 1180 1226 ter
1197 1179 1234 1226 se
1249 1157 1411 1226 omnium
1428 1169 1629 1249 temporum
1653 1156 1980 1243 observationibus,
2005 1161 2112 1231 condi
2140 1195 2142 1200 ·

86 1257 267 1344 extructis,
288 1256 406 1329 studia
424 1281 547 1327 rursus
562 1258 601 1327 in
617 1253 791 1327 honorem
806 1259 955 1329 adduxit
969 1271 1076 1352 atque
1127 1280 1279 1328 canones
1300 1272 1479 1342 motuum,
1523 1258 1677 1352 denique
1703 1261 1885 1350 repurgari
1908 1258 2113 1352 disciplinas

85 1360 386 1441 admirationem,
422 1359 638 1452 perfectique
666 1373 706 1430 ut
728 1384 791 1428 ceu
822 1359 1075 1429 reviviscerent
1126 1353 1409 1444 mathematicas,
1436 1383 1477 1428 ac
1501 1359 1639 1429 restitui
1659 1383 1739 1430 eum
1762 1361 1899 1431 medica
1917 1375 1993 1432 arte
2009 1387 2113 1434 cura-

86 1463 128 1532 in
146 1461 337 1530 illisionis:
362 1472 397 1529 et
415 1458 976 1552 iudccumllispaniaemagnam
991 1483 1076 1553 par-
1125 1461 1189 1532 vit.
1242 1456 1295 1531 lta
1310 1475 1392 1552 post
1405 1461 1554 1550 longam,
1565 1461 1765 1531 barbariem
1780 1485 1855 1532 nou
1868 1462 2017 1534 minima
2033 1488 2114 1554 pars

6 1567 10 1572 ’
85 1578 160 1635 tem
185 1561 339 1632 excussis
356 1558 497 1645 Gottis,
524 1559 714 1647 Vandalis,
739 1558 866 1631 Alanis
888 1576 924 1633 et
938 1560 1076 1646 Suavis,
1126 1556 1378 1652 Philosophiae
1393 1586 1434 1631 ex
1450 1559 1611 1632 Arabum
1627 1562 1774 1652 repetita
1798 1577 1849 1636 est
1872 1563 1995 1649 libris,
2021 1581 2054 1636 et
2075 1567 2113 1638 in

85 1664 150 1760 qui
166 1687 245 1734 eam
258 1663 438 1732 veteribus
458 1662 597 1733 colonis
618 1663 811 1754 oppressis,
836 1663 926 1733 circa
941 1687 1074 1732 annum
1127 1657 1191 1732 has
1207 1674 1318 1732 terras
1334 1665 1496 1744 reducta,
1518 1664 1725 1756 praesertim
1741 1689 1820 1734 cum
1839 1663 1987 1736 Graecia
2000 1666 2115 1740 aSar-

84 1791 106 1836 a
137 1778 225 1836 nato
246 1760 391 1835 Christo
425 1762 749 1855 quingentesimum
781 1765 1011 1849 obsederant,
1036 1763 1074 1832 in
1126 1775 1301 1834 matarum
1315 1763 1516 1854 irrdptione
1529 1764 1601 1834 vim
1621 1787 1719 1852 passa
1733 1780 1833 1852 esset,
1856 1779 1890 1836 et
1906 1767 2115 1836 conflictan-

84 1864 302 1958 Hispaniam
326 1864 484 1934 excitatis
501 1861 691 1940 Cordubae
715 1878 749 1934 et
761 1863 901 1957 Hispali
927 1889 1076 1960 gymna-
1127 1865 1224 1935 tibus
1234 1865 1339 1963 ‘inter
1360 1889 1397 1935 se
1418 1877 1587 1957 perpetuo
1609 1863 1817 1959 Byzantinis
1839 1867 1989 1957 regulis,
2022 1894 2113 1961 quo·

85 1968 147 2038 siis
162 1965 329 2037 omnium
345 1964 615 2056 disciplinarum
631 1965 848 2058 propagavit.
899 1964 968 2038 Sed
986 1989 1077 2060 quae
1127 1991 1207 2036 rum
1222 1979 1299 2036 erat
1316 1968 1355 2036 iu
1371 1980 1558 2056 augustum
1583 1981 1701 2038 coacta
1724 1969 1882 2060 potentia
1898 1967 2114 2041 Sarraceno-

86 2070 222 2138 vicerat
243 2065 425 2136 barbaries
444 2079 480 2136 et
503 2066 542 2136 in
564 2067 684 2137 omnia
702 2067 764 2137 illa
780 2068 856 2138 loca
872 2069 1077 2152 inundaret,
1127 2091 1208 2139 rum
1223 2067 1350 2154 armis,
1380 2070 1438 2138 vel
1457 2092 1531 2138 non
1555 2069 1648 2138 adiri
1663 2083 1779 2161 posset
1795 2071 1851 2142 vel
1866 2083 2112 2142 contemnere-

86 2167 222 2240 Graeci
238 2167 414 2238 sermonis
428 2191 496 2238 usu
511 2169 641 2238 sensim
658 2169 777 2239 attrito
799 2169 973 2262 primum,
997 2179 1078 2261 post
1128 2182 1197 2240 tur.
1250 2165 1352 2240 ltalia
1382 2193 1519 2240 veroa
1499 2171 1796 2254 adetrimentis,
1834 2195 1925 2265 quae
1949 2168 2114 2245 Gotticac

84 2265 257 2346 escholis
279 2281 423 2342 extruso
441 2291 596 2357 prorsus,
613 2294 696 2340 cum
713 2271 901 2340 barbarico
914 2293 1077 2340 sermone
1128 2269 1346 2360 irruptiones
1380 2270 1575 2341 intulerant
1617 2273 1779 2342 nondum
1818 2273 2041 2364 respirasset,
2080 2287 2114 2344 et
2242 2289 2246 2298 '

85 2372 228 2465 aliquid
244 2369 510 2440 barbaricamm
533 2371 745 2461 opinionum
769 2370 926 2456 invexit,
948 2372 1012 2442 etsi
1036 2395 1077 2440 ex
1129 2366 1357 2444 Orientilate
1372 2368 1887 2444 dominareturMabometicus
1902 2373 2014 2450 furor.
2042 2371 2116 2445 Ta·

88 2470 237 2543 Graecis
252 2471 413 2542 lontibus
428 2467 727 2544 doctrinahausta
744 2487 829 2544 erat.
879 2471 1078 2544 Crescenti·
1128 2473 1179 2542 les
1202 2485 1285 2544 sunt
1314 2487 1477 2564 expertae
1498 2475 1591 2544 vices
1613 2475 1730 2544 studia
1761 2469 1887 2546 harum
1917 2476 2047 2546 artium
2076 2478 2113 2545 in

2 2669 3 2672 Ἴ
86 2575 158 2644 bus
174 2573 272 2642 euim
288 2570 448 2664 imperiis
464 2572 549 2643 victi
565 2587 700 2644 vercut
718 2599 754 2644 se
769 2577 814 2645 ad
840 2597 955 2646 mores
972 2586 1078 2644 natu·
1129 2559 1308 2694 Aegypto,
1341 2598 1427 2667 quas
1459 2598 1538 2646 cum
1561 2573 1710 2664 legimus
1740 2589 1800 2646 aut
1826 2575 2038 2694 cogitamus,
2071 2581 2116 2646 de

87 2697 218 2767 casque
238 2673 426 2746 inflectunt
449 2697 593 2754 eorum,
618 2699 681 2768 qur
671 2676 950 2760 dominantur,
977 2674 1078 2744 sicet
1129 2676 1243 2746 causis
1267 2675 1372 2747 etiam
1396 2675 1557 2748 fatalium
1582 2699 1778 2769 poenarum
1801 2677 2116 2763 aemulationum,
2202 2703 2205 2712 ⁴

87 2772 381 2846 characterismos
394 2787 603 2846 naturarum
626 2788 730 2870 atquc
751 2777 987 2866 ingeniorum
996 2777 1078 2867 opi·
1129 2801 1221 2870 quae
1244 2801 1264 2845 a
1286 2777 1391 2846 nobis
1413 2779 1579 2849 orirentur
1604 2778 1812 2869 praecipuae
1827 2778 2117 2871 complectamur,

88 2879 218 2947 nioncs
232 2889 440 2970 sequuntur,
455 2890 490 2946 et
507 2876 693 2946 imitantur
708 2877 877 2948 idiomata
894 2878 1077 2950 sermonis.
1128 2891 1171 2948 ιιι
1184 2889 1269 2948 ιιιιιι
1282 2878 1459 2965 neglectio
1476 2892 1511 2948 et
1525 2890 1745 2969 contemptus
1769 2879 1926 2950 veritatis
1943 2879 2115 2963 coelestis,

87 2975 142 3050 Es
168 2973 227 3048 his
246 2974 378 3048 scholis
399 2978 617 3096 prodierunt
634 2978 708 3062 illi,
733 3003 823 3072 quos
839 3001 961 3049 recens
983 2993 1078 3049 aetas
1130 2993 1163 3050 ct
1184 2979 1326 3049 licentia
1350 2979 1491 3072 quidvis
1514 2979 1684 3064 faciendi,
1719 2979 1892 3050 libidines
1920 2973 2117 3071 impunitae

88 3094 171 3151 ante
188 3079 389 3150 restitutam
406 3079 443 3146 iu
460 3073 515 3148 his
533 3079 636 3149 terris
652 3080 808 3169 linguam
825 3078 996 3150 Graecam
1014 3105 1079 3150 au-
1129 3095 1162 3151 et
1177 3081 1354 3151 securitas.

89 3197 185 3252 tores
200 3205 242 3250 ac
258 3193 504 3273 praeceptores
519 3181 705 3270 usurpavit
718 3207 758 3252 ac
768 3183 970 3266 celebravit
986 3176 1079 3251 Ara·
1232 3180 1316 3252 Non
1344 3181 1599 3273 applaudamus
1631 3161 1801 3254 novitatis
1828 3183 1945 3253 studio
1979 3183 2116 3253 emonis

88 3286 175 3354 bum
187 3275 412 3373 Philosophi,
426 3275 1078 3373 Rhasis,Hali,Serapion,Ayerroes,
1130 3282 1318 3354 cuiuslibet
1338 3283 1553 3373 praestigiis,
1580 3307 1645 3352 nec
1670 3284 1891 3354 discedamus
1917 3298 2047 3355 temere
2072 3286 2118 3354 ab
2218 3361 2220 3364 ,

90 3382 287 3467 Avicenna,
308 3380 536 3470 Aliraganus,
551 3375 785 3472 Albategnius
800 3396 835 3452 et
850 3383 924 3463 alii,
949 3384 1080 3475 quibus
1130 3383 1300 3474 explicata
1317 3384 1499 3453 doctrinae
1515 3385 1674 3454 coelestis
1688 3399 1723 3455 et
1745 3397 1961 3456 caeterarum
1986 3386 2116 3455 artium

89 3485 279 3557 autoribus
294 3478 525 3574 Philosophia
544 3483 656 3554 literis
674 3481 837 3554 Arabicis
851 3484 1024 3573 descripta
1040 3509 1080 3552 ac
1131 3509 1280 3568 norma,
1310 3509 1417 3577 quam
1439 3484 1501 3554 alii
1524 3483 1628 3565 aliter
1649 3509 1746 3554 nunc
1769 3487 1964 3580 depravant
1989 3485 2045 3554 vel
2071 3488 2117 3554 ad

90 3599 318 3670 conservata,
344 3586 384 3653 in
403 3583 565 3678 Aegypto
582 3585 727 3678 quidem
743 3587 915 3678 usquead
935 3609 975 3654 ea
990 3599 1080 3655 teru-
1132 3607 1211 3656 suas
1229 3585 1393 3656 inflexam
1409 3585 1616 3676 opiniones,
1643 3587 1699 3654 vel
1716 3589 1760 3656 ad
1787 3588 1883 3676 vulgi
1898 3587 2045 3656 affectus
2063 3600 2118 3656 at-

91 3712 195 3777 pura,
216 3687 348 3780 quibus
380 3685 544 3780 Selymus
564 3684 797 3757 Sultanorum
828 3687 986 3776 potentia
1017 3688 1081 3756 de·
1132 3701 1378 3778 temperatam,
1416 3699 1456 3756 ιιι
1480 3701 1565 3755 tunc
1590 3686 1736 3771 accidit,
1779 3711 1858 3757 cum
1877 3682 2115 3757 lllahuruetica

91 3802 243 3872 structa,
269 3801 302 3859 et
318 3783 537 3882 Alexandria
554 3801 653 3878 capta
667 3787 811 3858 sustulit
831 3803 936 3882 atquc
959 3788 1080 3859 abole-
1132 3786 1257 3859 deliria
1279 3788 1418 3857 animos
1441 3781 1627 3856 hominum
1657 3788 1826 3859 novitatis
1852 3789 1966 3880 specie
1998 3803 2117 3878 captos

91 3891 142 3962 vit
159 3887 334 3982 quicquid
358 3902 538 3980 supererat
563 3889 797 3974 studiorum,
817 3904 853 3960 et
872 3888 1081 3960 disturbatis
1132 3889 1361 3960 irretiverunt
1383 3902 1419 3959 et
1444 3903 1681 3979 occuparunt,
1716 3914 1805 3983 quae
1829 3915 1870 3958 cu
1896 3889 2036 3960 avidius
2058 3913 2118 3960 ex-

91 3995 283 4062 doctorum
319 3989 497 4109 collegiis,
534 3991 790 4084 summotisque
824 4013 912 4084 quus
945 3989 1081 4070 metuit,
1131 4003 1230 4081 cepta
1255 4004 1338 4059 suut
1361 4013 1401 4058 ac
1421 4003 1561 4060 retenta
1577 3991 1811 4083 pertinacius,
1836 3993 1932 4083 quod
1957 4014 2117 4062 concessa

89 4195 182 4277 alio,
209 4188 603 4266 annuanatochristo
626 4188 742 4266 1517:
767 4191 998 4283 lnHispania
1018 4217 1082 4263 us·
1132 4192 1315 4277 laxartrnt,
1348 4195 1409 4265 sed
1443 4211 1600 4262 amemus
1633 4193 1817 4264 veritatem
1853 4192 2048 4284 simplicem
2083 4206 2119 4262 et

90 4296 218 4413 queed
228 4291 618 4367 Perdinandumavum
632 4291 1082 4387 maternumCaroliquiu·
1133 4295 1291 4365 studium
1316 4289 1535 4384 sophistices
1557 4273 1791 4378 detestemur,
1826 4305 1861 4364 et
1884 4291 2010 4364 maiori
2034 4317 2118 4365 cura

90 4399 138 4482 ti,
164 4395 231 4490 qui
244 4419 341 4467 auno
355 4419 375 4465 a
389 4393 666 4468 uatoSalvature
679 4396 911 4484 nonagesimo
924 4396 1080 4465 secundo
1133 4421 1174 4466 ac
1190 4393 1402 4484 diligentia'
1386 4408 1555 4466 invocato
1570 4395 1701 4464 auxilio
1719 4395 1842 4464 divino
1858 4415 2021 4483 regamus
2035 4417 2119 4464 uos-

91 4522 199 4590 supra
213 4496 440 4568 millesimum
457 4498 843 4590 quadringentesimum
859 4497 1002 4586 regibus
1010 4493 1095 4565 Be·-
1132 4496 1313 4588 metipsos,
1330 4518 1369 4564 ac
1381 4517 1565 4585 precemur
1576 4496 1784 4566 ardentibus
1801 4495 1891 4565 votis
1905 4495 2017 4564 lilium
2029 4492 2108 4576 Dei,

90 4601 182 4670 ticae
195 4595 336 4671 Mauris
360 4599 537 4691 oppressis
558 4601 676 4690 potius
696 4621 804 4688 regnu
831 4611 865 4668 et
886 4596 1081 4689 Metropoli
1133 4613 1173 4668 ιιι
1198 4621 1264 4666 nos
1288 4610 1447 4680 tueatur,
1473 4621 1538 4665 nec
1563 4620 1667 4690 quarn
1697 4597 1854 4672 reddidit
1876 4596 1981 4665 nohis
2004 4596 2117 4666 htceru
2237 4605 2239 4608 ’

90 4701 181 4772 urbe
206 4696 384 4786 Granata,
422 4699 576 4772 subditis
603 4701 642 4770 in
672 4702 777 4770 iidem
800 4722 901 4773 suam
934 4699 1082 4792 receptis
1119 4699 1394 4779 doctrinarum,
1426 4698 1517 4789 eripi
1548 4720 1670 4768 rursus
1701 4696 1863 4768 Tuccicis
1896 4697 2025 4781 armis,
2058 4711 2119 4766 aut

90 4804 186 4894 leges
201 4797 425 4874 Christianae
445 4801 629 4894 religionis
656 4801 847 4893 imposuit,
873 4814 956 4895 post
976 4802 1082 4870 abro-
1133 4798 1335 4870 domesticis
1359 4800 1540 4870 lusoribus
1561 4800 1667 4873 sinat.
1720 4796 1822 4894 Quae
1836 4798 1903 4868 luit
1918 4798 2117 4869 studiorum

91 4917 209 4994 garam
241 4898 517 4975 Mahumeticam
553 4903 858 5022 superstitionem,
898 4905 1082 4973 emendata
1133 4901 1253 4971 nutris
1270 4913 1324 4971 tot
1339 4901 1462 4982 anuis,
1486 4914 1522 4971 et
1535 4897 1736 4970 scholarum
1754 4921 1843 4990 pene
1864 4899 2026 4968 omniurn
2043 4924 2127 4967 me-·

90 5007 201 5078 etiarn
217 4998 548 5124 philosophicorum
569 5005 769 5078 studiorum
784 5003 945 5090 ratione,
979 5003 1082 5074 aunis
1133 5003 1293 5094 tropolis,
1309 4997 1994 5087 etvcrarEcclcsiaesedesAlexandria,
2021 5025 2118 5070 nuuc

92 5105 564 5200 clapsislereseptiugentis,
579 5103 1084 5218 esqquiramulinusMau-
1134 5101 1290 5176 hostiurn
1314 5100 1381 5172 Dei
1403 5117 1437 5173 et
1458 5098 1651 5173 honestatis
1672 5101 1808 5183 omnis,
1836 5097 2060 5172 lrominum'
2050 5126 2118 5170 sm-

91 5233 217 5280 rorum
233 5204 700 5300 PrincepsHispaniaeiere
721 5195 1091 5278 omnisdomitorrc·
1133 5204 1404 5298 purissimorum
1429 5205 1605 5274 stabulum
1631 5217 1700 5284 est,
1740 5217 1773 5273 et
1803 5200 1922 5275 schola
1954 5193 2192 5294 blasphe-

91 5335 204 5404 gnum
220 5310 308 5380 rllud
324 5311 531 5382 stabilierat
568 5307 637 5380 Sed
661 5309 776 5382 multo
797 5323 878 5380 aute
895 5333 975 5379 cnm
992 5308 1084 5396 leges
1134 5306 1289 5378 mierum
1313 5329 1353 5375 ac
1376 5303 1631 5396 turpitudinis,
1658 5318 1692 5375 et
1712 5305 1875 5376 licentiae
1902 5305 2117 5374 barbaricae.

91 5440 131 5485 ac
145 5412 373 5483 conditiones
390 5412 484 5502 pacis
506 5410 702 5480 victoribus
717 5409 856 5481 Metaris
883 5425 918 5480 et
937 5408 1084 5502 reliquis
1134 5407 1305 5480 Coloniae
1319 5421 1435 5476 autem
1452 5420 1608 5476 veterum
1626 5405 1777 5500 Aegypti
1799 5403 2000 5476 scholarum
2018 5428 2119 5495 prae-

142 5513 575 5585 Mensuru.0r1n.Vua.
602 5513 680 5581 XII.
1446 5507 1493 5576 17

2089 5713 2226 5786 Α
