4604 5804
191 314 266 390 sor
407 298 641 381 scauri
665 296 744 374 eu.
768 293 887 400 otuu.
913 292 980 370 ao
1005 289 1138 366 nter.
1163 287 1309 368 anor.
1336 283 1623 368 ntentans.
1650 255 1975 372 secernunt.-
2142 301 2223 376 aas
2294 329 2295 338 κ

189 483 381 558 exercitum
403 477 448 549 ab
463 471 612 566 Alpium
633 467 796 540 lancibus
816 465 1049 561 pepulerunt,
1076 477 1113 536 et
1129 465 1175 536 ad
1229 459 1369 549 Mario,
1393 463 1600 555 praecipuos
1621 466 1719 538 viros
1731 464 1918 540 Romanae
1942 467 2142 543 nobilitatis
2159 471 2224 542 in-

189 585 344 664 Athesin
357 583 489 650 flumen
503 588 617 645 castra
634 572 804 642 lecerunt.
853 566 935 638 Huc
950 589 1101 661 propere
1114 589 1177 636 ve·
1228 565 1381 637 terfecit:
1407 561 1599 637 Octavium
1618 564 1837 664 Consulem,
1859 567 2061 641 Antonium
2083 568 2225 643 Orato-

191 692 296 762 niens
310 682 467 764 Marius,
492 692 527 748 et
550 673 740 744 exercitum
753 667 872 740 Catuli
897 692 978 739 cum
1001 691 1065 741 suo
1090 689 1178 738 con·
1230 690 1325 751 rem,
1349 665 1501 736 Lucium
1517 681 1552 738 et
1563 664 1864 741 CaiumCaesares
1877 671 2024 759 fratres,
2049 671 2224 746 Catulum

193 795 362 879 iungens,
402 777 594 852 trucidavit
627 785 769 844 centum
799 769 1035 863 quadraginta
1064 769 1180 840 millia
1230 780 1266 840 et
1282 768 1414 840 multos
1431 767 1531 840 alios.

193 891 442 967 Cimbrorum,
467 892 501 950 et
523 875 719 965 sexaginta,
743 871 801 940 die
820 869 986 942 vicesimo
1004 893 1101 941 nono
1118 867 1180 940 lu·
1333 865 1425 940 Cum
1455 865 1573 941 Cinna
1601 868 1728 940 urbem
1757 871 1956 957 obsideret,
1992 875 2065 945 dno
2092 875 2224 946 fratres

193 994 247 1064 lii.
302 987 469 1060 Liberata
499 978 607 1068 igitur
639 973 740 1045 Italia
766 968 957 1046 Cimbricis
984 973 1181 1044 terroribus
1231 969 1323 1041 alter
1337 993 1379 1039 ex
1392 966 1530 1040 Cinnae
1543 971 1717 1053 exercitu,
1741 971 1832 1044 alter
1845 996 1887 1042 ex
1900 975 2099 1061 contrario,
2123 976 2224 1046 inter

193 1090 333 1166 Marius
369 1099 405 1158 et
430 1079 578 1157 Catulus
605 1073 758 1150 Romam
795 1075 840 1144 ad
871 1068 1095 1168 triumphum
1123 1096 1181 1142 re·
1232 1093 1307 1140 sese
1328 1069 1563 1156 dimicarunt,
1587 1093 1668 1142 curn
1690 1085 1816 1144 neuter
1835 1074 1985 1146 alterum
2005 1059 2225 1165 agnosceret.

194 1195 353 1266 dierunt,
1022 1163 1035 1186 “
1233 1168 1358 1244 Postea
1387 1169 1502 1242 victor
1522 1170 1679 1260 spolians
1701 1173 1946 1256 interiectum,
1976 1177 2123 1266 agnovit
2148 1178 2227 1248 lra-

1233 1286 1341 1358 trem,
1364 1283 1400 1342 et
1412 1295 1499 1362 rogo
1512 1283 1670 1365 extructo
1682 1295 1757 1346 sese
1770 1274 1973 1366 impositum
1988 1279 2130 1368 corpori
2145 1279 2228 1348 lra-

1234 1375 1299 1448 tris
1333 1373 1517 1448 transfixit.
1558 1370 1679 1446 Talia
1706 1389 1791 1448 sunt
1816 1377 2013 1468 spectacula
2039 1378 2226 1450 bellorum

1234 1475 1406 1547 civilium.
1568 1549 1573 1558 ,

1335 1573 1475 1647 Marius
1505 1588 1605 1666 pater
1635 1575 1797 1666 proximo
1829 1601 1925 1648 anno
1953 1590 2033 1671 post
2063 1579 2227 1652 reditum

300 1687 480 1758 Adversus
503 1693 664 1752 externos
684 1669 802 1744 hostes
822 1693 970 1762 magnae
993 1693 1048 1741 res
1069 1683 1184 1761 gestae
1236 1675 1523 1770 septuagenarius
1537 1690 1573 1747 et
1588 1697 1709 1748 errans
1722 1691 1842 1750 mente
1859 1694 2018 1751 mortuus
2034 1693 2095 1751 est.

199 1804 284 1865 sunt
305 1809 418 1882 usque
439 1784 482 1854 ad
507 1783 612 1852 finem
629 1776 715 1848 belli
730 1772 913 1847 Cimbrici.
962 1770 1107 1864 Iamque
1122 1796 1184 1842 ve-
1335 1775 1475 1850 Deinde
1504 1773 1622 1848 Cinna
1649 1791 1684 1848 et
1711 1774 1828 1849 Carbo
1858 1801 1933 1850 sese
1959 1780 2037 1850 sine
2065 1777 2229 1852 comitiis

199 1897 255 1966 lut
276 1902 377 1983 parto
397 1907 537 1957 summo
552 1877 702 1971 imperio
720 1889 797 1946 orta
814 1888 897 1947 sunt
911 1874 1004 1943 bella
1017 1873 1184 1944 intestina
1235 1876 1408 1952 Consules
1432 1891 1598 1951 crearunt
1620 1878 1659 1948 in
1679 1878 1877 1954 biennium.
1927 1878 2090 1974 Cumque
2102 1877 2230 1951 Cinna

199 1997 293 2065 inter
311 1988 494 2062 Romanos
516 1997 551 2055 et
571 1980 685 2052 socios
699 1976 858 2060 Italicos,
882 1990 917 2048 et
939 1975 1067 2044 deinde
1091 1975 1185 2069 inter
1235 1993 1395 2052 metuens
1408 1977 1527 2072 Syllae
1549 1978 1723 2064 reditum,
1748 1980 1792 2049 ad
1815 2003 1920 2073 quern
1943 1981 2091 2072 plurimi
2112 1981 2230 2050 nobi·

199 2097 385 2168 Romanos
406 2089 522 2181 ipsos,
553 2105 643 2176 quae
662 2080 809 2150 fuerunt
828 2075 932 2167 plena
957 2074 1185 2148 crudelitatis.
1236 2081 1287 2153 lea
1302 2079 1373 2150 viri
1391 2081 1638 2170 confugerant,
1664 2081 1832 2152 adversus
1846 2105 1927 2152 eum
1942 2083 2114 2152 ducturus
2130 2095 2230 2153 esset

199 2195 298 2268 Haec
320 2189 484 2282 ,exempla
508 2176 719 2265 ostendunt,
752 2176 901 2271 imperia
923 2200 997 2248 non
1017 2171 1185 2248 humanis
1236 2181 1447 2266 exercitum,
1486 2181 1618 2252 milites
1649 2181 1811 2252 nolentes
1838 2182 1977 2274 ingredi
2003 2202 2112 2252 naves
2140 2205 2229 2250 eum

200 2294 360 2368 consiliis
381 2287 534 2373 servari,
558 2285 618 2355 sed
638 2283 750 2350 donec
767 2279 919 2366 durant,
943 2277 1075 2353 servari
1091 2277 1185 2349 divi·
1236 2282 1500 2356 interfecerunt.
1551 2279 1603 2352 lta
1625 2303 1755 2372 poenas
1778 2282 1876 2354 dedit
1891 2306 1975 2354 suae
1993 2281 2230 2368 cmdelitatis,

200 2399 319 2482 nitus,
339 2407 384 2464 et
412 2407 531 2464 tamen
559 2385 693 2456 interea
720 2375 913 2450 horribiles
936 2403 1069 2472 poenas
1087 2403 1185 2450 acce·
1235 2407 1318 2454 cum
1357 2381 1462 2452 initio
1498 2383 1667 2472 collegam
1708 2379 1899 2462 Consulem
1936 2379 2147 2468 Octavium,
2192 2397 2231 2454 et

201 2503 302 2581 dere,
327 2517 393 2564 nec
413 2504 549 2566 tantum
570 2487 660 2556 iram
675 2481 744 2556 Dei
759 2482 929 2552 adversus
944 2495 1081 2572 peccata
1099 2503 1187 2550 con·
1237 2484 1367 2556 deinde
1399 2482 1677 2558 innumerabiles
1707 2484 1914 2578 praecipuos
1930 2484 2039 2556 'viros
2068 2497 2230 2556 curasset

202 2598 310 2692 spici,
334 2595 396 2666 sed
415 2590 485 2664 hoc
508 2610 669 2683 quoque,
693 2583 790 2680 quod
812 2582 906 2651 inter
927 2581 1186 2654 tantoslluctus
1236 2583 1398 2658 interfici.

144 2716 151 2731 “
202 2705 277 2794 ipse
299 2712 417 2770 umen
438 2702 555 2789 servet
565 2685 714 2780 imperia
730 2684 842 2753 donec
859 2683 1000 2753 durant.
1052 2677 1187 2755 Omnia
1340 2683 1426 2758 Post
1447 2675 1592 2756 tertium
1616 2707 1750 2756 annum
1771 2681 1870 2783 Sylla
1893 2687 1988 2759 redit
2007 2685 2231 2772 in'ltaliam,

201 2801 289 2873 haec
310 2799 420 2877 bella,
451 2790 610 2876 Sociale,
642 2784 829 2881 Syllanum
852 2795 887 2853 et
910 2780 1108 2868 lulianum,
1133 2783 1187 2853 la·
1237 2788 1327 2860 lacta
1350 2809 1435 2878 pace
1458 2808 1539 2855 curn
1563 2781 1793 2873 Mithridate,
1817 2787 1859 2861 L.
1880 2779 2046 2880 Scipione
2068 2801 2105 2860 et
2127 2788 2231 2860 Nor·

202 2905 310 2974 niena
332 2895 479 2970 fuerunt
502 2892 652 2972 civium,
676 2886 855 2958 nobilium
870 2898 905 2956 et
919 2885 1050 2978 plebis,
1072 2885 1187 2979 qualis
1237 2890 1332 2959 bano
1349 2885 1452 2959 Coss:
1479 2887 1611 2957 ducens
1635 2888 1780 2975 triginta
1800 2888 1914 2958 millia
1928 2889 2083 2962 militum
2099 2901 2230 2958 contra

202 3027 278 3075 non
291 3001 360 3072 ³112
374 2998 513 3088 legitur,
1239 2990 1328 3059 duos
1350 2985 1562 3058 Consulares
1589 2987 1781 3073 exercitus,
1810 2988 1851 3058 in
1879 2989 2009 3082 quibus
2029 3001 2131 3059 erant
2158 2989 2232 3058 du-

305 3097 461 3174 Caeteris
489 3109 607 3166 autern
637 3088 798 3174 omissis,
828 3108 940 3180 pauca
969 3086 1013 3156 de
1040 3082 1188 3181 Syllano
1240 3103 1340 3159 centa
1369 3087 1494 3157 millia.
1558 3083 1631 3158 Sed
1654 3086 1697 3158 L.
1717 3087 1895 3180 Scipionis
1923 3088 2096 3161 exercitus
2126 3089 2229 3158 ultro

227 1442 295 1514 De
327 1434 447 1509 bello
482 1426 656 1502 sociali
686 1432 732 1496 et
762 1419 904 1494 bellis
937 1417 1158 1494 civilibus

377 1542 484 1628 post
508 1525 793 1603 Cimbricum
818 1521 998 1596 bellum.

65 3251 67 3256 v
203 3205 301 3278 bello
325 3202 460 3283 dicum,
483 3210 525 3267 ul
544 3195 697 3264 &ultrum
713 3191 842 3258 ducum
856 3199 1022 3269 naturae,
1048 3186 1189 3276 magni·
1240 3191 1284 3259 ad
1301 3188 1434 3282 Syllam
1450 3184 1603 3258 transiit.
1654 3185 1817 3258 Norbani
1835 3189 2113 3261 exercitumacie
2129 3189 2233 3275 vicit,

204 3308 294 3378 tudo
317 3309 633 3386 rerumgestarum
656 3303 690 3360 et
712 3287 1093 3360 riciaconsiderentur.
1145 3284 1188 3358 ln
1240 3288 1423 3361 tmcidatis
1444 3299 1578 3380 septem
1598 3286 1769 3362 millibus.
1819 3285 1889 3361 Hic
1901 3289 2092 3360 Norbanus
2105 3303 2232 3380 postea

206 3400 343 3479 Mario
364 3401 427 3496 qui
448 3397 614 3470 Cimbros
635 3392 787 3475 vicerat,
817 3387 1010 3470 calliditas,
1035 3388 1190 3462 crudeli·
1240 3392 1280 3462 in
1294 3386 1466 3462 Rhodum
1490 3388 1629 3479 lugiens
1653 3413 1734 3459 cum
1755 3385 1889 3486 aSylla
1911 3392 2163 3484 deposceretur
2182 3391 2232 3460 ad

205 3525 259 3582 tas
282 3519 318 3578 et
332 3501 480 3576 ambitio
497 3500 621 3588 ingens
633 3492 713 3566 luit.
764 3489 862 3560 Haec
876 3513 974 3559 caeca
988 3490 1135 3562 ambitio
1148 3490 1189 3558 in
1240 3490 1477 3584 supplicium,
1508 3490 1551 3559 in
1578 3490 1659 3560 toro
1681 3485 1828 3562 Rhodio
1857 3492 1927 3563 sibi
1956 3503 2110 3562 mortem
2140 3513 2232 3561 con·

207 3632 289 3682 sene
324 3627 427 3677 eausa
462 3599 532 3670 luit
563 3608 684 3692 postea
718 3588 914 3664 saevissimi
945 3590 1032 3660 belli
1064 3589 1189 3662 civilis.
1240 3593 1354 3666 scivit.

206 3708 299 3783 Cum
319 3705 418 3804 Sylla
440 3704 513 3773 dux
534 3705 655 3771 'contra
674 3689 921 3765 Mithridatem
942 3691 1068 3761 missus
1091 3703 1190 3776 esset,
1342 3679 1469 3764 Carbo
1489 3689 1581 3781 sugit
1596 3692 1637 3762 in
1655 3688 1837 3778 Siciliam,
1860 3685 1924 3764 ubi
1945 3713 1966 3760 a
1990 3687 2096 3768 Gneo
2117 3687 2230 3761 Pom-

206 3809 353 3903 impulit
372 3803 512 3878 Marius
531 3795 730 3890 Sulpicium
754 3792 960 3864 Tribunum
986 3791 1117 3882 plebis,
1148 3805 1191 3862 ut
1240 3794 1321 3888 peio
1337 3804 1459 3885 captus
1475 3806 1511 3863 ct
1526 3793 1730 3864 interlectos
1745 3805 1808 3865 est.

208 3913 321 4001 legem
335 3909 443 3978 ferret
458 3906 501 3972 de
516 3897 713 3970 revocando
729 3891 845 3988 Sylla,
869 3905 904 3962 et
920 3892 1091 3964 mittendo
1106 3891 1191 3964 Ma·
1343 3895 1487 3966 Deinde
1516 3906 1551 3964 et
1570 3891 1710 3964 Marius
1734 3893 1829 3965 lilios
1849 3889 1922 3962 acie
1939 3890 2061 3963 nictus
2087 3904 2160 3974 est,
2181 3886 2230 3962 'ac

107 4063 109 4076 ,
210 4013 265 4082 rio
292 4009 338 4080 ad
366 4003 558 4097 gerendum
588 3997 724 4068 bellum
750 3988 1045 4068 Mithridaticum.
1096 3991 1192 4066 Huic
1242 3994 1504 4090 scripsitSylla,
1524 4017 1562 4064 se
1576 4007 1715 4065 tanturn
1729 3993 1858 4085 viginti
1872 3991 2005 4066 milites
2017 3993 2056 4062 in
2070 4015 2112 4063 eo
2126 4015 2231 4085 prae-

209 4111 279 4203 legi
294 4133 373 4182 cum
389 4103 524 4178 Consul
533 4100 578 4191 Q.
587 4095 777 4189 Pompeius
790 4095 1052 4182 adversaretur,
1077 4095 1191 4165 lilium
1242 4096 1293 4166 lio
1321 4096 1495 4180 amisisse,
1525 4091 1684 4166 hostium
1714 4116 1799 4167 vero
1830 4092 1960 4183 viginti
1986 4093 2103 4164 millia
2129 4114 2231 4164 caesa

208 4210 374 4287 Consulis
387 4229 554 4296 generum
564 4201 683 4296 Syllae
696 4191 1022 4286 occiditSulpicius.
1073 4192 1191 4268 Tanto
1243 4208 1336 4278 esse,
1360 4211 1395 4269 et
1417 4210 1496 4267 octo
1519 4195 1633 4267 millia
1654 4208 1767 4286 capta.
1816 4194 1957 4268 Marius
1977 4193 2072 4264 lilius
2094 4192 2230 4264 eumin

208 4302 310 4386 urbis
330 4311 486 4385 tumultu
506 4303 647 4392 cognito
671 4299 769 4394 Sylla
792 4296 998 4391 priusquam
1020 4295 1060 4365 in
1077 4293 1193 4368 Grae·
1245 4298 1416 4392 oppidum
1437 4295 1603 4367 Preneste
1629 4296 1793 4388 fugisset,
1826 4309 1863 4367 et
1882 4295 2133 4367 circumsessus
2153 4316 2230 4364 non

209 4417 301 4488 ciam
322 4411 521 4500 navigaret,
552 4402 706 4476 Romam
730 4422 809 4470 curn
833 4397 986 4467 exercitu
1008 4397 1133 4483 rediit,
1158 4410 1194 4468 et
1244 4413 1360 4491 posset
1375 4398 1544 4489 elingere,
1570 4397 1639 4469 sibi
1655 4409 1805 4468 mortem
1821 4395 2006 4468 conscivit·

209 4513 387 4590 damnetis
401 4509 520 4580 Mario
542 4518 578 4574 et
593 4497 751 4593 Sulpicio
765 4495 996 4589 Reipublicae
1016 4497 1194 4592 tranquil·
1346 4497 1440 4573 Cum
1458 4497 1678 4570 adversarios
1692 4495 1792 4592 Sylla
1813 4497 1908 4568 intra
1926 4496 2116 4568 biennium
2137 4505 2231 4566 aress

209 4620 345 4691 litatem
368 4609 539 4691 restituit,
564 4601 763 4696 Sulpicium
780 4595 985 4673 Tribunum
1006 4598 1193 4672 interfecit.
1246 4599 1325 4673 ditn
1345 4601 1505 4686 vicisset,
1529 4598 1681 4672 Senatus
1702 4599 1931 4671 comitiorum
1953 4619 2058 4669 eausa
2075 4593 2231 4670 interre-

210 4718 349 4790 Marius
365 4714 454 4785 clam
471 4706 561 4799 lugit
575 4704 613 4773 in
630 4698 836 4794 Aphricam.
1246 4723 1324 4794 gem
1345 4702 1477 4773 creavit
1494 4697 1538 4776 In
1560 4699 1742 4772 Valerium
1753 4697 1940 4785 Flaccum,
1966 4699 2029 4791 qni
2048 4697 2163 4788 legem
2183 4695 2230 4766 ad

311 4815 450 4887 Deinde
473 4809 569 4905 Sylla
599 4804 776 4897 profectus
800 4813 922 4872 contm
944 4794 1194 4871 Mithridatem
1244 4803 1417 4900 populum
1438 4801 1539 4889 tulit,
1562 4799 1683 4897 Syllae
1696 4801 1810 4872 videri
1825 4798 2059 4893 eRepublica
2074 4819 2150 4870 esse
2163 4793 2231 4868 Di·

211 4917 431 5010 reeuperavit
447 4909 634 4985 Graeciam
648 4918 684 4977 et
697 4902 783 4976 alias
797 4901 999 4994 provincias
1013 4896 1196 4974 aMithri-
1246 4916 1414 4978 clatorem
1427 4900 1498 4973 diei
1506 4955 1517 4989 ,
1542 4904 1605 4997 qui
1617 4903 1855 4995 perturbatam
1861 4899 2135 4993 Rcmpnblicam
2149 4919 2232 4970 rur·

210 5025 292 5092 date
306 5029 502 5106 occupatas.
1247 5027 1307 5077 sus
1332 5004 1532 5090 ordinaret,
1564 5003 1609 5074 de
1631 5023 1701 5097 qua
1724 5002 1799 5095 lege
1819 5001 1943 5077 Cicero
1968 4999 2087 5094 inquit
2108 5011 2231 5070 contm

312 5115 453 5190 Interea
474 5111 613 5186 Romae
641 5123 722 5179 enm
743 5099 859 5178 Cinna
890 5124 1002 5173 novos
1023 5103 1197 5178 tumultus
1247 5104 1415 5180 Rullum:
1448 5101 1625 5177 Omnium
1650 5103 1768 5194 legum
1781 5100 2052 5199 'iniquissimam
2075 5096 2231 5172 dissimi-

210 5230 385 5298 moveret,
416 5229 456 5286 ut
477 5212 608 5284 ltalicis
632 5209 711 5280 iura
735 5203 894 5294 suffragii
914 5205 1032 5292 daret,
1060 5204 1198 5280 Consul
1247 5207 1440 5302 limamque
1457 5205 1544 5295 legis
1563 5227 1637 5276 esse
1656 5206 1813 5281 arbitror
1828 5227 1925 5292 earn,
1949 5215 2058 5298 quam
2071 5199 2115 5278 Is.
2129 5199 2232 5271 rno-

211 5319 384 5394 Octavius
415 5337 496 5388 eum
527 5313 616 5382 urbe
646 5307 792 5403 expulit.
849 5301 983 5378 Nactus
1005 5308 1197 5381 exercitum
1249 5331 1310 5382 ens
1324 5307 1484 5382 interrex
1503 5308 1550 5378 de
1563 5303 1662 5402 Sylla
1679 5307 1781 5399 tulit,
1804 5319 1846 5382 nt
1865 5305 1987 5378 omnis
2000 5321 2230 5400 quaecunque

208 5421 325 5495 Cinna
350 5419 457 5494 rediit
480 5414 526 5488 ad
550 5411 694 5496 urbem,
728 5422 763 5481 et
785 5421 947 5482 revocato
972 5429 1014 5482 ex
1039 5403 1198 5506 Apbrica
1250 5411 1312 5492 ille
1326 5409 1482 5494 lecisset,
1506 5421 1620 5482 essent
1635 5421 1733 5508 rata.⁴
