<?xml version="1.0" encoding="UTF-8"?>
<!DOCTYPE html PUBLIC "-//W3C//DTD XHTML 1.0 Transitional//EN"
    "http://www.w3.org/TR/xhtml1/DTD/xhtml1-transitional.dtd">
<html xmlns="http://www.w3.org/1999/xhtml" xml:lang="en" lang="en">
 <head>
  <title>
</title>
<meta http-equiv="Content-Type" content="text/html;charset=utf-8" />
  <meta name='ocr-system' content='tesseract 3.04.00' />
  <meta name='ocr-capabilities' content='ocr_page ocr_carea ocr_par ocr_line ocrx_word'/>
</head>
<body>
  <div class='ocr_page' id='page_1' title='image "./corpusreformato13melagoog_0515.png"; bbox 0 0 4706 5818; ppageno 0'>
   <div class='ocr_carea' id='block_1_1' title="bbox 225 245 2252 416">
    <p class='ocr_par' dir='ltr' id='par_1_1' title="bbox 225 245 2252 416">
     <span class='ocr_line' id='line_1_1' title="bbox 225 245 2252 416; baseline -0.003 -29"><span class='ocrx_word' id='word_1_1' title='bbox 225 309 325 387; x_wconf 75' lang='lat' dir='ltr'><strong>toas</strong></span> <span class='ocrx_word' id='word_1_2' title='bbox 382 409 389 414; x_wconf 73' lang='lat'><em>.</em></span> <span class='ocrx_word' id='word_1_3' title='bbox 469 297 681 378; x_wconf 77' lang='lat' dir='ltr'><strong>scatere</strong></span> <span class='ocrx_word' id='word_1_4' title='bbox 705 297 786 374; x_wconf 79' lang='lat' dir='ltr'><strong>en.</strong></span> <span class='ocrx_word' id='word_1_5' title='bbox 806 297 932 395; x_wconf 32' lang='lat' dir='ltr'><strong>,nm</strong></span> <span class='ocrx_word' id='word_1_6' title='bbox 960 295 1028 370; x_wconf 76' lang='lat' dir='ltr'><strong>an</strong></span> <span class='ocrx_word' id='word_1_7' title='bbox 1055 295 1183 376; x_wconf 80' lang='lat' dir='ltr'><strong>nter.</strong></span> <span class='ocrx_word' id='word_1_8' title='bbox 1209 295 1355 416; x_wconf 76' lang='lat' dir='ltr'><strong>eaor.</strong></span> <span class='ocrx_word' id='word_1_9' title='bbox 1380 295 1455 376; x_wconf 75' lang='lat' dir='ltr'><strong>nr</strong></span> <span class='ocrx_word' id='word_1_10' title='bbox 1472 245 1665 380; x_wconf 81' lang='lat' dir='ltr'><strong>runos,</strong></span> <span class='ocrx_word' id='word_1_11' title='bbox 1691 297 2015 377; x_wconf 73' lang='lat' dir='ltr'><strong>senectam.</strong></span> <span class='ocrx_word' id='word_1_12' title='bbox 2148 303 2252 380; x_wconf 76' lang='lat' dir='ltr'><strong>aoso</strong></span> 
     </span>
    </p>
   </div>
   <div class='ocr_carea' id='block_1_2' title="bbox 129 464 2273 3266">
    <p class='ocr_par' dir='ltr' id='par_1_2' title="bbox 223 464 2257 965">
     <span class='ocr_line' id='line_1_2' title="bbox 223 464 2257 574; baseline -0.001 -27"><span class='ocrx_word' id='word_1_13' title='bbox 223 473 527 574; x_wconf 79' lang='lat' dir='ltr'><strong>inexpugnabilis,</strong></span> <span class='ocrx_word' id='word_1_14' title='bbox 550 485 587 544; x_wconf 93' lang='lat' dir='ltr'><strong>et</strong></span> <span class='ocrx_word' id='word_1_15' title='bbox 599 467 678 542; x_wconf 91' lang='lat' dir='ltr'><strong>Deo</strong></span> <span class='ocrx_word' id='word_1_16' title='bbox 701 464 795 542; x_wconf 85' lang='lat' dir='ltr'><strong>banc</strong></span> <span class='ocrx_word' id='word_1_17' title='bbox 815 469 965 560; x_wconf 88' lang='lat' dir='ltr'><strong>gratiam</strong></span> <span class='ocrx_word' id='word_1_18' title='bbox 985 468 1209 542; x_wconf 77' lang='lat' dir='ltr'><strong>referendam</strong></span> <span class='ocrx_word' id='word_1_19' title='bbox 1262 485 1341 546; x_wconf 88' lang='lat' dir='ltr'><strong>tum</strong></span> <span class='ocrx_word' id='word_1_20' title='bbox 1355 471 1478 558; x_wconf 78' lang='lat' dir='ltr'><strong>erasit,</strong></span> <span class='ocrx_word' id='word_1_21' title='bbox 1502 495 1574 566; x_wconf 89' lang='lat' dir='ltr'><strong>quo</strong></span> <span class='ocrx_word' id='word_1_22' title='bbox 1590 467 1694 543; x_wconf 85' lang='lat' dir='ltr'><strong>Gotti</strong></span> <span class='ocrx_word' id='word_1_23' title='bbox 1709 495 1790 543; x_wconf 91' lang='lat' dir='ltr'><strong>cum</strong></span> <span class='ocrx_word' id='word_1_24' title='bbox 1805 471 1877 542; x_wconf 88' lang='lat' dir='ltr'><strong>iam</strong></span> <span class='ocrx_word' id='word_1_25' title='bbox 1889 493 1963 542; x_wconf 82' lang='lat' dir='ltr'><strong>nox</strong></span> <span class='ocrx_word' id='word_1_26' title='bbox 1980 471 2142 557; x_wconf 86' lang='lat' dir='ltr'><strong>instaret,</strong></span> <span class='ocrx_word' id='word_1_27' title='bbox 2167 497 2257 565; x_wconf 87' lang='lat' dir='ltr'><strong>pro-</strong></span> 
     </span>
     <span class='ocr_line' id='line_1_3' title="bbox 226 570 2256 670; baseline -0.003 -19"><span class='ocrx_word' id='word_1_28' title='bbox 226 606 320 667; x_wconf 87' lang='lat' dir='ltr'><strong>esse,</strong></span> <span class='ocrx_word' id='word_1_29' title='bbox 346 601 392 648; x_wconf 91' lang='lat' dir='ltr'><strong>ne</strong></span> <span class='ocrx_word' id='word_1_30' title='bbox 410 575 498 670; x_wconf 92' lang='lat' dir='ltr'><strong>quid</strong></span> <span class='ocrx_word' id='word_1_31' title='bbox 513 571 779 644; x_wconf 87' lang='lat' dir='ltr'><strong>crudeliterant</strong></span> <span class='ocrx_word' id='word_1_32' title='bbox 792 570 984 643; x_wconf 75' lang='lat' dir='ltr'><strong>libidinose</strong></span> <span class='ocrx_word' id='word_1_33' title='bbox 1005 570 1124 656; x_wconf 84' lang='lat' dir='ltr'><strong>beret,</strong></span> <span class='ocrx_word' id='word_1_34' title='bbox 1150 593 1215 660; x_wconf 90' lang='lat' dir='ltr'><strong>pe·</strong></span> <span class='ocrx_word' id='word_1_35' title='bbox 1265 572 1365 664; x_wconf 90' lang='lat' dir='ltr'><strong>gredi</strong></span> <span class='ocrx_word' id='word_1_36' title='bbox 1380 595 1455 644; x_wconf 86' lang='lat' dir='ltr'><strong>noa</strong></span> <span class='ocrx_word' id='word_1_37' title='bbox 1472 587 1557 644; x_wconf 85' lang='lat' dir='ltr'><strong>snat</strong></span> <span class='ocrx_word' id='word_1_38' title='bbox 1571 571 1660 644; x_wconf 83' lang='lat' dir='ltr'><strong>ansb</strong></span> <span class='ocrx_word' id='word_1_39' title='bbox 1709 570 1765 643; x_wconf 87' lang='lat' dir='ltr'><strong>lta</strong></span> <span class='ocrx_word' id='word_1_40' title='bbox 1781 572 1955 644; x_wconf 76' lang='lat' dir='ltr'><strong>divinitus</strong></span> <span class='ocrx_word' id='word_1_41' title='bbox 1969 587 2128 644; x_wconf 85' lang='lat' dir='ltr'><strong>servatus</strong></span> <span class='ocrx_word' id='word_1_42' title='bbox 2141 576 2256 648; x_wconf 90' lang='lat' dir='ltr'><strong>rediit</strong></span> 
     </span>
     <span class='ocr_line' id='line_1_4' title="bbox 228 670 2256 778; baseline -0.003 -27"><span class='ocrx_word' id='word_1_43' title='bbox 228 682 342 778; x_wconf 86' lang='lat' dir='ltr'><strong>percit</strong></span> <span class='ocrx_word' id='word_1_44' title='bbox 355 691 389 750; x_wconf 92' lang='lat' dir='ltr'><strong>et</strong></span> <span class='ocrx_word' id='word_1_45' title='bbox 405 674 550 748; x_wconf 88' lang='lat' dir='ltr'><strong>Gottico</strong></span> <span class='ocrx_word' id='word_1_46' title='bbox 567 671 765 765; x_wconf 87' lang='lat' dir='ltr'><strong>praesidio,</strong></span> <span class='ocrx_word' id='word_1_47' title='bbox 792 672 849 742; x_wconf 92' lang='lat' dir='ltr'><strong>cui</strong></span> <span class='ocrx_word' id='word_1_48' title='bbox 865 670 1055 757; x_wconf 88' lang='lat' dir='ltr'><strong>concessit,</strong></span> <span class='ocrx_word' id='word_1_49' title='bbox 1080 682 1122 742; x_wconf 92' lang='lat' dir='ltr'><strong>ut</strong></span> <span class='ocrx_word' id='word_1_50' title='bbox 1145 672 1215 740; x_wconf 83' lang='lat' dir='ltr'><strong>fide</strong></span> <span class='ocrx_word' id='word_1_51' title='bbox 1264 676 1360 745; x_wconf 87' lang='lat' dir='ltr'><strong>intre</strong></span> <span class='ocrx_word' id='word_1_52' title='bbox 1373 674 1475 744; x_wconf 88' lang='lat' dir='ltr'><strong>urbis</strong></span> <span class='ocrx_word' id='word_1_53' title='bbox 1488 672 1628 744; x_wconf 87' lang='lat' dir='ltr'><strong>Romae</strong></span> <span class='ocrx_word' id='word_1_54' title='bbox 1648 673 1811 760; x_wconf 77' lang='lat' dir='ltr'><strong>moenia,</strong></span> <span class='ocrx_word' id='word_1_55' title='bbox 1836 696 1918 744; x_wconf 89' lang='lat' dir='ltr'><strong>cum</strong></span> <span class='ocrx_word' id='word_1_56' title='bbox 1940 674 2012 743; x_wconf 89' lang='lat' dir='ltr'><strong>iam</strong></span> <span class='ocrx_word' id='word_1_57' title='bbox 2034 673 2180 764; x_wconf 83' lang='lat' dir='ltr'><strong>periisse</strong></span> <span class='ocrx_word' id='word_1_58' title='bbox 2191 673 2256 744; x_wconf 89' lang='lat' dir='ltr'><strong>di·</strong></span> 
     </span>
     <span class='ocr_line' id='line_1_5' title="bbox 230 768 2254 878; baseline -0.006 -22"><span class='ocrx_word' id='word_1_59' title='bbox 230 783 464 878; x_wconf 90' lang='lat' dir='ltr'><strong>publicatuto</strong></span> <span class='ocrx_word' id='word_1_60' title='bbox 481 774 687 846; x_wconf 88' lang='lat' dir='ltr'><strong>discederet.</strong></span> <span class='ocrx_word' id='word_1_61' title='bbox 727 769 865 844; x_wconf 89' lang='lat' dir='ltr'><strong>Interea</strong></span> <span class='ocrx_word' id='word_1_62' title='bbox 881 768 1107 842; x_wconf 84' lang='lat' dir='ltr'><strong>Romaeerat</strong></span> <span class='ocrx_word' id='word_1_63' title='bbox 1124 769 1217 842; x_wconf 89' lang='lat' dir='ltr'><strong>Got-</strong></span> <span class='ocrx_word' id='word_1_64' title='bbox 1267 789 1422 858; x_wconf 85' lang='lat' dir='ltr'><strong>seretur,</strong></span> <span class='ocrx_word' id='word_1_65' title='bbox 1447 797 1487 844; x_wconf 89' lang='lat' dir='ltr'><strong>ac</strong></span> <span class='ocrx_word' id='word_1_66' title='bbox 1500 773 1643 844; x_wconf 80' lang='lat' dir='ltr'><strong>rediens</strong></span> <span class='ocrx_word' id='word_1_67' title='bbox 1658 774 1792 844; x_wconf 87' lang='lat' dir='ltr'><strong>multos</strong></span> <span class='ocrx_word' id='word_1_68' title='bbox 1813 775 2019 846; x_wconf 67' lang='lat' dir='ltr'><strong>dubitantes</strong></span> <span class='ocrx_word' id='word_1_69' title='bbox 2032 775 2079 845; x_wconf 91' lang='lat' dir='ltr'><strong>ad</strong></span> <span class='ocrx_word' id='word_1_70' title='bbox 2093 774 2254 846; x_wconf 79' lang='lat' dir='ltr'><strong>officinm</strong></span> 
     </span>
     <span class='ocr_line' id='line_1_6' title="bbox 231 870 1458 965; baseline -0.007 -9"><span class='ocrx_word' id='word_1_71' title='bbox 231 898 353 958; x_wconf 90' lang='lat' dir='ltr'><strong>torum</strong></span> <span class='ocrx_word' id='word_1_72' title='bbox 374 902 436 950; x_wconf 83' lang='lat' dir='ltr'><strong>rex</strong></span> <span class='ocrx_word' id='word_1_73' title='bbox 458 871 685 959; x_wconf 79' lang='lat' dir='ltr'><strong>Theodotus,</strong></span> <span class='ocrx_word' id='word_1_74' title='bbox 714 870 778 965; x_wconf 86' lang='lat' dir='ltr'><strong>qui</strong></span> <span class='ocrx_word' id='word_1_75' title='bbox 794 894 856 944; x_wconf 89' lang='lat' dir='ltr'><strong>seu</strong></span> <span class='ocrx_word' id='word_1_76' title='bbox 876 885 1058 944; x_wconf 68' lang='lat' dir='ltr'><strong>metn‘seu</strong></span> <span class='ocrx_word' id='word_1_77' title='bbox 1080 884 1219 962; x_wconf 87' lang='lat' dir='ltr'><strong>spretus</strong></span> <span class='ocrx_word' id='word_1_78' title='bbox 1267 874 1458 948; x_wconf 84' lang='lat' dir='ltr'><strong>revocavit.</strong></span> 
     </span>
    </p>

    <p class='ocr_par' dir='ltr' id='par_1_3' title="bbox 129 965 2269 2473">
     <span class='ocr_line' id='line_1_7' title="bbox 129 965 2259 1078; baseline -0.004 -22"><span class='ocrx_word' id='word_1_79' title='bbox 129 1053 137 1078; x_wconf 59' lang='grc'><strong><em>,</em></strong></span> <span class='ocrx_word' id='word_1_80' title='bbox 234 1010 256 1056; x_wconf 89' lang='lat' dir='ltr'><strong>a</strong></span> <span class='ocrx_word' id='word_1_81' title='bbox 287 981 359 1053; x_wconf 91' lang='lat' dir='ltr'><strong>suis</strong></span> <span class='ocrx_word' id='word_1_82' title='bbox 394 965 469 1050; x_wconf 80' lang='lat' dir='ltr'><strong>nou</strong></span> <span class='ocrx_word' id='word_1_83' title='bbox 505 976 654 1068; x_wconf 87' lang='lat' dir='ltr'><strong>parabat</strong></span> <span class='ocrx_word' id='word_1_84' title='bbox 681 995 719 1044; x_wconf 90' lang='lat' dir='ltr'><strong>se</strong></span> <span class='ocrx_word' id='word_1_85' title='bbox 751 975 920 1043; x_wconf 82' lang='lat' dir='ltr'><strong>adversus</strong></span> <span class='ocrx_word' id='word_1_86' title='bbox 963 973 1220 1064; x_wconf 73' lang='lat' dir='ltr'><strong>peritissimum</strong></span> <span class='ocrx_word' id='word_1_87' title='bbox 1371 975 1497 1046; x_wconf 78' lang='lat' dir='ltr'><strong>Postea</strong></span> <span class='ocrx_word' id='word_1_88' title='bbox 1512 973 1665 1045; x_wconf 76' lang='lat' dir='ltr'><strong>durante</strong></span> <span class='ocrx_word' id='word_1_89' title='bbox 1680 973 1886 1060; x_wconf 73' lang='lat' dir='ltr'><strong>obsidione,</strong></span> <span class='ocrx_word' id='word_1_90' title='bbox 1908 998 1991 1046; x_wconf 91' lang='lat' dir='ltr'><strong>cnm</strong></span> <span class='ocrx_word' id='word_1_91' title='bbox 2012 996 2115 1068; x_wconf 87' lang='lat' dir='ltr'><strong>saepe</strong></span> <span class='ocrx_word' id='word_1_92' title='bbox 2139 988 2259 1047; x_wconf 87' lang='lat' dir='ltr'><strong>tenta-</strong></span> 
     </span>
     <span class='ocr_line' id='line_1_8' title="bbox 236 1071 2260 1169; baseline -0.003 -13"><span class='ocrx_word' id='word_1_93' title='bbox 236 1081 389 1156; x_wconf 84' lang='lat' dir='ltr'><strong>hostam.</strong></span> <span class='ocrx_word' id='word_1_94' title='bbox 447 1077 570 1169; x_wconf 88' lang='lat' dir='ltr'><strong>ltaque</strong></span> <span class='ocrx_word' id='word_1_95' title='bbox 595 1071 758 1144; x_wconf 85' lang='lat' dir='ltr'><strong>Gotticua</strong></span> <span class='ocrx_word' id='word_1_96' title='bbox 782 1073 955 1146; x_wconf 83' lang='lat' dir='ltr'><strong>exercitus</strong></span> <span class='ocrx_word' id='word_1_97' title='bbox 974 1073 1115 1146; x_wconf 87' lang='lat' dir='ltr'><strong>vicinus</strong></span> <span class='ocrx_word' id='word_1_98' title='bbox 1138 1071 1222 1142; x_wconf 89' lang='lat' dir='ltr'><strong>urbi</strong></span> <span class='ocrx_word' id='word_1_99' title='bbox 1270 1089 1370 1148; x_wconf 91' lang='lat' dir='ltr'><strong>retur</strong></span> <span class='ocrx_word' id='word_1_100' title='bbox 1397 1075 1634 1166; x_wconf 82' lang='lat' dir='ltr'><strong>oppugnatio,</strong></span> <span class='ocrx_word' id='word_1_101' title='bbox 1667 1073 1770 1146; x_wconf 90' lang='lat' dir='ltr'><strong>etin</strong></span> <span class='ocrx_word' id='word_1_102' title='bbox 1802 1075 1890 1166; x_wconf 88' lang='lat' dir='ltr'><strong>ipsis</strong></span> <span class='ocrx_word' id='word_1_103' title='bbox 1919 1076 2108 1147; x_wconf 87' lang='lat' dir='ltr'><strong>moenibus</strong></span> <span class='ocrx_word' id='word_1_104' title='bbox 2133 1078 2260 1150; x_wconf 89' lang='lat' dir='ltr'><strong>crebra</strong></span> 
     </span>
     <span class='ocr_line' id='line_1_9' title="bbox 236 1169 2260 1270; baseline -0.006 -11"><span class='ocrx_word' id='word_1_105' title='bbox 236 1184 375 1259; x_wconf 83' lang='lat' dir='ltr'><strong>Romae</strong></span> <span class='ocrx_word' id='word_1_106' title='bbox 392 1181 502 1249; x_wconf 90' lang='lat' dir='ltr'><strong>iratus</strong></span> <span class='ocrx_word' id='word_1_107' title='bbox 519 1170 705 1246; x_wconf 87' lang='lat' dir='ltr'><strong>Theodato</strong></span> <span class='ocrx_word' id='word_1_108' title='bbox 720 1187 814 1244; x_wconf 88' lang='lat' dir='ltr'><strong>creat</strong></span> <span class='ocrx_word' id='word_1_109' title='bbox 840 1197 959 1264; x_wconf 88' lang='lat' dir='ltr'><strong>regem</strong></span> <span class='ocrx_word' id='word_1_110' title='bbox 977 1169 1141 1268; x_wconf 73' lang='lat' dir='ltr'><strong>Vs&#39;tigem</strong></span> <span class='ocrx_word' id='word_1_111' title='bbox 1167 1173 1223 1243; x_wconf 89' lang='lat' dir='ltr'><strong>vi·</strong></span> <span class='ocrx_word' id='word_1_112' title='bbox 1272 1176 1405 1270; x_wconf 88' lang='lat' dir='ltr'><strong>praelia</strong></span> <span class='ocrx_word' id='word_1_113' title='bbox 1421 1177 1565 1258; x_wconf 86' lang='lat' dir='ltr'><strong>fierent,</strong></span> <span class='ocrx_word' id='word_1_114' title='bbox 1586 1200 1660 1246; x_wconf 91' lang='lat' dir='ltr'><strong>uno</strong></span> <span class='ocrx_word' id='word_1_115' title='bbox 1681 1175 1741 1244; x_wconf 91' lang='lat' dir='ltr'><strong>die</strong></span> <span class='ocrx_word' id='word_1_116' title='bbox 1760 1175 1906 1264; x_wconf 88' lang='lat' dir='ltr'><strong>triginta</strong></span> <span class='ocrx_word' id='word_1_117' title='bbox 1925 1173 2120 1247; x_wconf 89' lang='lat' dir='ltr'><strong>Gottorum</strong></span> <span class='ocrx_word' id='word_1_118' title='bbox 2141 1178 2260 1248; x_wconf 87' lang='lat' dir='ltr'><strong>millia</strong></span> 
     </span>
     <span class='ocr_line' id='line_1_10' title="bbox 227 1271 2261 1370; baseline -0.003 -14"><span class='ocrx_word' id='word_1_119' title='bbox 227 1307 321 1361; x_wconf 75' lang='lat' dir='ltr'><strong>,rum</strong></span> <span class='ocrx_word' id='word_1_120' title='bbox 336 1279 566 1356; x_wconf 87' lang='lat' dir='ltr'><strong>bellicosum,</strong></span> <span class='ocrx_word' id='word_1_121' title='bbox 589 1273 652 1368; x_wconf 84' lang='lat' dir='ltr'><strong>qui</strong></span> <span class='ocrx_word' id='word_1_122' title='bbox 668 1273 842 1346; x_wconf 81' lang='lat' dir='ltr'><strong>foeliciter</strong></span> <span class='ocrx_word' id='word_1_123' title='bbox 863 1278 1012 1346; x_wconf 84' lang='lat' dir='ltr'><strong>duxerat</strong></span> <span class='ocrx_word' id='word_1_124' title='bbox 1033 1275 1222 1346; x_wconf 84' lang='lat' dir='ltr'><strong>exercitum</strong></span> <span class='ocrx_word' id='word_1_125' title='bbox 1273 1278 1466 1370; x_wconf 86' lang='lat' dir='ltr'><strong>perierunt.</strong></span> <span class='ocrx_word' id='word_1_126' title='bbox 1516 1271 1571 1346; x_wconf 85' lang='lat' dir='ltr'><strong>Ea</strong></span> <span class='ocrx_word' id='word_1_127' title='bbox 1584 1275 1684 1346; x_wconf 89' lang='lat' dir='ltr'><strong>clade</strong></span> <span class='ocrx_word' id='word_1_128' title='bbox 1701 1299 1782 1347; x_wconf 88' lang='lat' dir='ltr'><strong>rum</strong></span> <span class='ocrx_word' id='word_1_129' title='bbox 1795 1275 1899 1346; x_wconf 77' lang='lat' dir='ltr'><strong>fracti</strong></span> <span class='ocrx_word' id='word_1_130' title='bbox 1922 1290 2040 1347; x_wconf 90' lang='lat' dir='ltr'><strong>essent</strong></span> <span class='ocrx_word' id='word_1_131' title='bbox 2063 1275 2261 1350; x_wconf 89' lang='lat' dir='ltr'><strong>Gottorum</strong></span> 
     </span>
     <span class='ocr_line' id='line_1_11' title="bbox 148 1371 2262 1466; baseline -0.004 -11"><span class='ocrx_word' id='word_1_132' title='bbox 148 1399 149 1404; x_wconf 77' lang='grc'>’</span> <span class='ocrx_word' id='word_1_133' title='bbox 242 1377 462 1456; x_wconf 90' lang='lat' dir='ltr'><strong>Theodorici</strong></span> <span class='ocrx_word' id='word_1_134' title='bbox 478 1390 645 1466; x_wconf 88' lang='lat' dir='ltr'><strong>tempore.</strong></span> <span class='ocrx_word' id='word_1_135' title='bbox 680 1371 829 1463; x_wconf 80' lang='lat' dir='ltr'><strong>Cognita</strong></span> <span class='ocrx_word' id='word_1_136' title='bbox 844 1375 926 1447; x_wconf 87' lang='lat' dir='ltr'><strong>vovi</strong></span> <span class='ocrx_word' id='word_1_137' title='bbox 943 1375 1034 1463; x_wconf 90' lang='lat' dir='ltr'><strong>regis</strong></span> <span class='ocrx_word' id='word_1_138' title='bbox 1055 1375 1225 1446; x_wconf 85' lang='lat' dir='ltr'><strong>electione</strong></span> <span class='ocrx_word' id='word_1_139' title='bbox 1268 1377 1409 1463; x_wconf 84' lang='lat' dir='ltr'><strong>animi,</strong></span> <span class='ocrx_word' id='word_1_140' title='bbox 1434 1378 1530 1445; x_wconf 91' lang='lat' dir='ltr'><strong>lenta</strong></span> <span class='ocrx_word' id='word_1_141' title='bbox 1555 1375 1685 1445; x_wconf 91' lang='lat' dir='ltr'><strong>deinde</strong></span> <span class='ocrx_word' id='word_1_142' title='bbox 1697 1375 1766 1445; x_wconf 86' lang='lat' dir='ltr'><strong>fuit</strong></span> <span class='ocrx_word' id='word_1_143' title='bbox 1788 1375 1940 1445; x_wconf 86' lang='lat' dir='ltr'><strong>obsidio.</strong></span> <span class='ocrx_word' id='word_1_144' title='bbox 1999 1373 2089 1448; x_wconf 86' lang='lat' dir='ltr'><strong>Cum</strong></span> <span class='ocrx_word' id='word_1_145' title='bbox 2111 1378 2262 1448; x_wconf 88' lang='lat' dir='ltr'><strong>veroin</strong></span> 
     </span>
     <span class='ocr_line' id='line_1_12' title="bbox 201 1470 2263 1580; baseline -0.003 -25"><span class='ocrx_word' id='word_1_146' title='bbox 201 1554 207 1580; x_wconf 52' lang='lat'><strong>,</strong></span> <span class='ocrx_word' id='word_1_147' title='bbox 244 1508 286 1555; x_wconf 82' lang='lat' dir='ltr'><strong>ex</strong></span> <span class='ocrx_word' id='word_1_148' title='bbox 311 1483 400 1551; x_wconf 86' lang='lat' dir='ltr'><strong>urbe</strong></span> <span class='ocrx_word' id='word_1_149' title='bbox 421 1475 538 1550; x_wconf 87' lang='lat' dir='ltr'><strong>Roma</strong></span> <span class='ocrx_word' id='word_1_150' title='bbox 560 1475 653 1564; x_wconf 81' lang='lat' dir='ltr'><strong>fugit</strong></span> <span class='ocrx_word' id='word_1_151' title='bbox 674 1470 880 1548; x_wconf 85' lang='lat' dir='ltr'><strong>Theodatus</strong></span> <span class='ocrx_word' id='word_1_152' title='bbox 904 1475 1115 1548; x_wconf 86' lang='lat' dir='ltr'><strong>Ravennam</strong></span> <span class='ocrx_word' id='word_1_153' title='bbox 1139 1479 1246 1545; x_wconf 54' lang='lat' dir='ltr'><strong>con?</strong></span> <span class='ocrx_word' id='word_1_154' title='bbox 1276 1480 1365 1550; x_wconf 88' lang='lat' dir='ltr'><strong>urbe</strong></span> <span class='ocrx_word' id='word_1_155' title='bbox 1381 1479 1426 1546; x_wconf 88' lang='lat' dir='ltr'><strong>ad</strong></span> <span class='ocrx_word' id='word_1_156' title='bbox 1441 1489 1592 1546; x_wconf 89' lang='lat' dir='ltr'><strong>caeteras</strong></span> <span class='ocrx_word' id='word_1_157' title='bbox 1611 1475 1769 1544; x_wconf 88' lang='lat' dir='ltr'><strong>miserias</strong></span> <span class='ocrx_word' id='word_1_158' title='bbox 1782 1477 1893 1545; x_wconf 87' lang='lat' dir='ltr'><strong>sames</strong></span> <span class='ocrx_word' id='word_1_159' title='bbox 1908 1475 2124 1561; x_wconf 71' lang='lat' dir='ltr'><strong>accessisset,</strong></span> <span class='ocrx_word' id='word_1_160' title='bbox 2150 1499 2263 1548; x_wconf 83' lang='lat' dir='ltr'><strong>rene-</strong></span> 
     </span>
     <span class='ocr_line' id='line_1_13' title="bbox 243 1568 2264 1669; baseline -0.004 -14"><span class='ocrx_word' id='word_1_161' title='bbox 243 1602 423 1663; x_wconf 88' lang='lat' dir='ltr'><strong>cessurus,</strong></span> <span class='ocrx_word' id='word_1_162' title='bbox 454 1597 559 1669; x_wconf 89' lang='lat' dir='ltr'><strong>quem</strong></span> <span class='ocrx_word' id='word_1_163' title='bbox 585 1568 740 1666; x_wconf 84' lang='lat' dir='ltr'><strong>Optares</strong></span> <span class='ocrx_word' id='word_1_164' title='bbox 761 1577 858 1647; x_wconf 89' lang='lat' dir='ltr'><strong>iussu</strong></span> <span class='ocrx_word' id='word_1_165' title='bbox 880 1574 1012 1664; x_wconf 86' lang='lat' dir='ltr'><strong>Vitigis</strong></span> <span class='ocrx_word' id='word_1_166' title='bbox 1033 1576 1226 1667; x_wconf 78' lang='lat' dir='ltr'><strong>fugientem</strong></span> <span class='ocrx_word' id='word_1_167' title='bbox 1277 1591 1364 1650; x_wconf 90' lang='lat' dir='ltr'><strong>runt</strong></span> <span class='ocrx_word' id='word_1_168' title='bbox 1387 1577 1426 1646; x_wconf 94' lang='lat' dir='ltr'><strong>in</strong></span> <span class='ocrx_word' id='word_1_169' title='bbox 1449 1575 1685 1666; x_wconf 84' lang='lat' dir='ltr'><strong>suspicionem</strong></span> <span class='ocrx_word' id='word_1_170' title='bbox 1706 1573 1896 1646; x_wconf 80' lang='lat' dir='ltr'><strong>Senatores</strong></span> <span class='ocrx_word' id='word_1_171' title='bbox 1924 1575 2069 1667; x_wconf 87' lang='lat' dir='ltr'><strong>quidam</strong></span> <span class='ocrx_word' id='word_1_172' title='bbox 2089 1575 2264 1666; x_wconf 85' lang='lat' dir='ltr'><strong>Romani,</strong></span> 
     </span>
     <span class='ocr_line' id='line_1_14' title="bbox 243 1671 2263 1770; baseline -0.004 -15"><span class='ocrx_word' id='word_1_173' title='bbox 243 1679 429 1755; x_wconf 80' lang='lat' dir='ltr'><strong>interiecit.</strong></span> <span class='ocrx_word' id='word_1_174' title='bbox 480 1673 657 1770; x_wconf 77' lang='lat' dir='ltr'><strong>Cupidine</strong></span> <span class='ocrx_word' id='word_1_175' title='bbox 680 1676 775 1768; x_wconf 86' lang='lat' dir='ltr'><strong>enim</strong></span> <span class='ocrx_word' id='word_1_176' title='bbox 799 1671 859 1746; x_wconf 91' lang='lat' dir='ltr'><strong>hic</strong></span> <span class='ocrx_word' id='word_1_177' title='bbox 873 1672 1029 1768; x_wconf 90' lang='lat' dir='ltr'><strong>Optares</strong></span> <span class='ocrx_word' id='word_1_178' title='bbox 1051 1674 1228 1748; x_wconf 89' lang='lat' dir='ltr'><strong>mandatis</strong></span> <span class='ocrx_word' id='word_1_179' title='bbox 1279 1693 1408 1750; x_wconf 87' lang='lat' dir='ltr'><strong>etcum</strong></span> <span class='ocrx_word' id='word_1_180' title='bbox 1429 1673 1486 1746; x_wconf 89' lang='lat' dir='ltr'><strong>bis</strong></span> <span class='ocrx_word' id='word_1_181' title='bbox 1500 1675 1663 1746; x_wconf 78' lang='lat' dir='ltr'><strong>Pontifex</strong></span> <span class='ocrx_word' id='word_1_182' title='bbox 1679 1675 2001 1768; x_wconf 80' lang='lat' dir='ltr'><strong>Sylvcrins„quod</strong></span> <span class='ocrx_word' id='word_1_183' title='bbox 2021 1679 2066 1744; x_wconf 91' lang='lat' dir='ltr'><strong>de</strong></span> <span class='ocrx_word' id='word_1_184' title='bbox 2081 1677 2263 1748; x_wconf 85' lang='lat' dir='ltr'><strong>nrbetra-</strong></span> 
     </span>
     <span class='ocr_line' id='line_1_15' title="bbox 243 1773 2265 1874; baseline -0.004 -20"><span class='ocrx_word' id='word_1_185' title='bbox 243 1783 374 1874; x_wconf 82' lang='lat' dir='ltr'><strong>Vitigis</strong></span> <span class='ocrx_word' id='word_1_186' title='bbox 395 1776 533 1872; x_wconf 87' lang='lat' dir='ltr'><strong>paruit,</strong></span> <span class='ocrx_word' id='word_1_187' title='bbox 557 1775 642 1872; x_wconf 87' lang='lat' dir='ltr'><strong>quia</strong></span> <span class='ocrx_word' id='word_1_188' title='bbox 660 1776 847 1866; x_wconf 90' lang='lat' dir='ltr'><strong>coniugem</strong></span> <span class='ocrx_word' id='word_1_189' title='bbox 862 1776 896 1847; x_wconf 92' lang='lat' dir='ltr'><strong>ei</strong></span> <span class='ocrx_word' id='word_1_190' title='bbox 914 1778 1230 1862; x_wconf 64' lang='lat' dir='ltr'><strong>ademerat,‘cam·</strong></span> <span class='ocrx_word' id='word_1_191' title='bbox 1278 1781 1396 1850; x_wconf 89' lang='lat' dir='ltr'><strong>denda</strong></span> <span class='ocrx_word' id='word_1_192' title='bbox 1417 1801 1500 1848; x_wconf 90' lang='lat' dir='ltr'><strong>cum</strong></span> <span class='ocrx_word' id='word_1_193' title='bbox 1516 1775 1636 1848; x_wconf 87' lang='lat' dir='ltr'><strong>Gottis</strong></span> <span class='ocrx_word' id='word_1_194' title='bbox 1655 1789 1810 1866; x_wconf 87' lang='lat' dir='ltr'><strong>agerent.</strong></span> <span class='ocrx_word' id='word_1_195' title='bbox 1859 1773 1979 1864; x_wconf 88' lang='lat' dir='ltr'><strong>Quare</strong></span> <span class='ocrx_word' id='word_1_196' title='bbox 2003 1773 2196 1850; x_wconf 88' lang='lat' dir='ltr'><strong>Belisarius</strong></span> <span class='ocrx_word' id='word_1_197' title='bbox 2226 1791 2265 1850; x_wconf 90' lang='lat' dir='ltr'><strong>et</strong></span> 
     </span>
     <span class='ocr_line' id='line_1_16' title="bbox 246 1876 2265 1979; baseline -0.004 -25"><span class='ocrx_word' id='word_1_198' title='bbox 246 1907 315 1979; x_wconf 85' lang='lat' dir='ltr'><strong>que</strong></span> <span class='ocrx_word' id='word_1_199' title='bbox 329 1882 431 1954; x_wconf 87' lang='lat' dir='ltr'><strong>alteri</strong></span> <span class='ocrx_word' id='word_1_200' title='bbox 448 1876 599 1969; x_wconf 82' lang='lat' dir='ltr'><strong>pecunia</strong></span> <span class='ocrx_word' id='word_1_201' title='bbox 614 1889 802 1970; x_wconf 83' lang='lat' dir='ltr'><strong>corruptus</strong></span> <span class='ocrx_word' id='word_1_202' title='bbox 816 1877 1023 1949; x_wconf 87' lang='lat' dir='ltr'><strong>tradiderat.</strong></span> <span class='ocrx_word' id='word_1_203' title='bbox 1074 1877 1231 1967; x_wconf 83' lang='lat' dir='ltr'><strong>Itapoe·</strong></span> <span class='ocrx_word' id='word_1_204' title='bbox 1280 1879 1489 1951; x_wconf 86' lang='lat' dir='ltr'><strong>Pontibcem</strong></span> <span class='ocrx_word' id='word_1_205' title='bbox 1513 1889 1546 1947; x_wconf 91' lang='lat' dir='ltr'><strong>et</strong></span> <span class='ocrx_word' id='word_1_206' title='bbox 1569 1876 1658 1946; x_wconf 89' lang='lat' dir='ltr'><strong>alios</strong></span> <span class='ocrx_word' id='word_1_207' title='bbox 1681 1876 1744 1969; x_wconf 89' lang='lat' dir='ltr'><strong>qui</strong></span> <span class='ocrx_word' id='word_1_208' title='bbox 1768 1877 1922 1946; x_wconf 89' lang='lat' dir='ltr'><strong>accusati</strong></span> <span class='ocrx_word' id='word_1_209' title='bbox 1939 1877 2099 1958; x_wconf 86' lang='lat' dir='ltr'><strong>fuerant,</strong></span> <span class='ocrx_word' id='word_1_210' title='bbox 2125 1879 2164 1945; x_wconf 90' lang='lat' dir='ltr'><strong>in</strong></span> <span class='ocrx_word' id='word_1_211' title='bbox 2187 1877 2265 1947; x_wconf 80' lang='lat' dir='ltr'><strong>exi-</strong></span> 
     </span>
     <span class='ocr_line' id='line_1_17' title="bbox 245 1973 2267 2070; baseline -0.005 -14"><span class='ocrx_word' id='word_1_212' title='bbox 245 2006 312 2056; x_wconf 87' lang='lat' dir='ltr'><strong>nas</strong></span> <span class='ocrx_word' id='word_1_213' title='bbox 324 1982 422 2052; x_wconf 90' lang='lat' dir='ltr'><strong>dedit</strong></span> <span class='ocrx_word' id='word_1_214' title='bbox 437 1974 644 2052; x_wconf 87' lang='lat' dir='ltr'><strong>Theodatus</strong></span> <span class='ocrx_word' id='word_1_215' title='bbox 660 2000 741 2047; x_wconf 89' lang='lat' dir='ltr'><strong>cum</strong></span> <span class='ocrx_word' id='word_1_216' title='bbox 756 1977 907 2046; x_wconf 89' lang='lat' dir='ltr'><strong>aliorum</strong></span> <span class='ocrx_word' id='word_1_217' title='bbox 934 1977 1128 2062; x_wconf 87' lang='lat' dir='ltr'><strong>scelernm,</strong></span> <span class='ocrx_word' id='word_1_218' title='bbox 1151 1990 1229 2046; x_wconf 89' lang='lat' dir='ltr'><strong>tum</strong></span> <span class='ocrx_word' id='word_1_219' title='bbox 1282 1979 1372 2066; x_wconf 83' lang='lat' dir='ltr'><strong>lium</strong></span> <span class='ocrx_word' id='word_1_220' title='bbox 1393 1978 1512 2057; x_wconf 86' lang='lat' dir='ltr'><strong>misit,</strong></span> <span class='ocrx_word' id='word_1_221' title='bbox 1538 1991 1573 2048; x_wconf 90' lang='lat' dir='ltr'><strong>et</strong></span> <span class='ocrx_word' id='word_1_222' title='bbox 1599 1998 1833 2046; x_wconf 84' lang='lat' dir='ltr'><strong>successorem</strong></span> <span class='ocrx_word' id='word_1_223' title='bbox 1854 1975 1953 2046; x_wconf 89' lang='lat' dir='ltr'><strong>dedit</strong></span> <span class='ocrx_word' id='word_1_224' title='bbox 1974 1973 2138 2070; x_wconf 82' lang='lat' dir='ltr'><strong>Sylverio</strong></span> <span class='ocrx_word' id='word_1_225' title='bbox 2159 1975 2267 2068; x_wconf 79' lang='lat' dir='ltr'><strong>Vigi-</strong></span> 
     </span>
     <span class='ocr_line' id='line_1_18' title="bbox 247 2072 2267 2174; baseline -0.003 -20"><span class='ocrx_word' id='word_1_226' title='bbox 247 2080 516 2174; x_wconf 84' lang='lat' dir='ltr'><strong>ingratitudinis</strong></span> <span class='ocrx_word' id='word_1_227' title='bbox 543 2099 626 2167; x_wconf 86' lang='lat' dir='ltr'><strong>erga</strong></span> <span class='ocrx_word' id='word_1_228' title='bbox 651 2072 961 2148; x_wconf 87' lang='lat' dir='ltr'><strong>Amalosuntham.</strong></span> <span class='ocrx_word' id='word_1_229' title='bbox 1022 2075 1131 2148; x_wconf 87' lang='lat' dir='ltr'><strong>Venit</strong></span> <span class='ocrx_word' id='word_1_230' title='bbox 1154 2073 1232 2146; x_wconf 86' lang='lat' dir='ltr'><strong>Ro·</strong></span> <span class='ocrx_word' id='word_1_231' title='bbox 1282 2079 1391 2162; x_wconf 91' lang='lat' dir='ltr'><strong>lium‚</strong></span> <span class='ocrx_word' id='word_1_232' title='bbox 1417 2079 1480 2170; x_wconf 90' lang='lat' dir='ltr'><strong>qui</strong></span> <span class='ocrx_word' id='word_1_233' title='bbox 1499 2078 1614 2149; x_wconf 85' lang='lat' dir='ltr'><strong>fuerat</strong></span> <span class='ocrx_word' id='word_1_234' title='bbox 1628 2074 1819 2150; x_wconf 80' lang='lat' dir='ltr'><strong>Diaconos.</strong></span> <span class='ocrx_word' id='word_1_235' title='bbox 1870 2073 2028 2146; x_wconf 85' lang='lat' dir='ltr'><strong>Haecin</strong></span> <span class='ocrx_word' id='word_1_236' title='bbox 2052 2075 2147 2146; x_wconf 89' lang='lat' dir='ltr'><strong>libro</strong></span> <span class='ocrx_word' id='word_1_237' title='bbox 2171 2101 2267 2170; x_wconf 89' lang='lat' dir='ltr'><strong>quo-</strong></span> 
     </span>
     <span class='ocr_line' id='line_1_19' title="bbox 248 2175 2269 2269; baseline -0.002 -15"><span class='ocrx_word' id='word_1_238' title='bbox 248 2207 343 2256; x_wconf 87' lang='lat' dir='ltr'><strong>mam</strong></span> <span class='ocrx_word' id='word_1_239' title='bbox 357 2179 571 2266; x_wconf 88' lang='lat' dir='ltr'><strong>Belisarius,</strong></span> <span class='ocrx_word' id='word_1_240' title='bbox 595 2189 630 2249; x_wconf 88' lang='lat' dir='ltr'><strong>et</strong></span> <span class='ocrx_word' id='word_1_241' title='bbox 644 2197 723 2246; x_wconf 88' lang='lat' dir='ltr'><strong>eam</strong></span> <span class='ocrx_word' id='word_1_242' title='bbox 738 2177 877 2267; x_wconf 82' lang='lat' dir='ltr'><strong>magnis</strong></span> <span class='ocrx_word' id='word_1_243' title='bbox 892 2175 1061 2269; x_wconf 85' lang='lat' dir='ltr'><strong>operibus</strong></span> <span class='ocrx_word' id='word_1_244' title='bbox 1074 2175 1218 2248; x_wconf 87' lang='lat' dir='ltr'><strong>muniit.</strong></span> <span class='ocrx_word' id='word_1_245' title='bbox 1283 2175 1603 2268; x_wconf 84' lang='lat' dir='ltr'><strong>queDecretorum,</strong></span> <span class='ocrx_word' id='word_1_246' title='bbox 1627 2189 1667 2245; x_wconf 89' lang='lat' dir='ltr'><strong>ut</strong></span> <span class='ocrx_word' id='word_1_247' title='bbox 1681 2175 1905 2260; x_wconf 86' lang='lat' dir='ltr'><strong>nominatur,</strong></span> <span class='ocrx_word' id='word_1_248' title='bbox 1929 2176 2135 2261; x_wconf 89' lang='lat' dir='ltr'><strong>recitantur,</strong></span> <span class='ocrx_word' id='word_1_249' title='bbox 2160 2201 2269 2250; x_wconf 83' lang='lat' dir='ltr'><strong>rausa</strong></span> 
     </span>
     <span class='ocr_line' id='line_1_20' title="bbox 1283 2272 2268 2369; baseline 0.002 -23"><span class='ocrx_word' id='word_1_250' title='bbox 1283 2278 1344 2353; x_wconf 70' lang='grc'><strong>23.</strong></span> <span class='ocrx_word' id='word_1_251' title='bbox 1360 2286 1493 2369; x_wconf 86' lang='lat' dir='ltr'><strong>quaest.</strong></span> <span class='ocrx_word' id='word_1_252' title='bbox 1512 2272 1548 2349; x_wconf 82' lang='grc'><strong>4.</strong></span> <span class='ocrx_word' id='word_1_253' title='bbox 1576 2275 1640 2344; x_wconf 92' lang='lat' dir='ltr'><strong>ubi</strong></span> <span class='ocrx_word' id='word_1_254' title='bbox 1661 2275 1843 2368; x_wconf 77' lang='lat' dir='ltr'><strong>sylverius</strong></span> <span class='ocrx_word' id='word_1_255' title='bbox 1876 2291 1998 2345; x_wconf 87' lang='lat' dir='ltr'><strong>narrat</strong></span> <span class='ocrx_word' id='word_1_256' title='bbox 2019 2297 2057 2344; x_wconf 88' lang='lat' dir='ltr'><strong>se</strong></span> <span class='ocrx_word' id='word_1_257' title='bbox 2078 2290 2268 2366; x_wconf 89' lang='lat' dir='ltr'><strong>propterea</strong></span> 
     </span>
     <span class='ocr_line' id='line_1_21' title="bbox 357 2371 2267 2473; baseline -0.002 -22"><span class='ocrx_word' id='word_1_258' title='bbox 357 2376 503 2473; x_wconf 84' lang='lat' dir='ltr'><strong>Vitiges</strong></span> <span class='ocrx_word' id='word_1_259' title='bbox 523 2389 671 2473; x_wconf 83' lang='lat' dir='ltr'><strong>quartus</strong></span> <span class='ocrx_word' id='word_1_260' title='bbox 693 2396 755 2444; x_wconf 83' lang='lat' dir='ltr'><strong>rex</strong></span> <span class='ocrx_word' id='word_1_261' title='bbox 771 2371 964 2448; x_wconf 86' lang='lat' dir='ltr'><strong>Gottornm</strong></span> <span class='ocrx_word' id='word_1_262' title='bbox 986 2374 1147 2466; x_wconf 86' lang='lat' dir='ltr'><strong>regnavit</strong></span> <span class='ocrx_word' id='word_1_263' title='bbox 1168 2396 1235 2444; x_wconf 85' lang='lat' dir='ltr'><strong>an·</strong></span> <span class='ocrx_word' id='word_1_264' title='bbox 1284 2390 1409 2448; x_wconf 88' lang='lat' dir='ltr'><strong>eontra</strong></span> <span class='ocrx_word' id='word_1_265' title='bbox 1439 2373 1651 2445; x_wconf 87' lang='lat' dir='ltr'><strong>Belisarium</strong></span> <span class='ocrx_word' id='word_1_266' title='bbox 1680 2387 1714 2446; x_wconf 88' lang='lat' dir='ltr'><strong>et</strong></span> <span class='ocrx_word' id='word_1_267' title='bbox 1737 2373 1912 2466; x_wconf 80' lang='lat' dir='ltr'><strong>Vigilium</strong></span> <span class='ocrx_word' id='word_1_268' title='bbox 1946 2374 2099 2447; x_wconf 86' lang='lat' dir='ltr'><strong>edidisse</strong></span> <span class='ocrx_word' id='word_1_269' title='bbox 2128 2378 2267 2450; x_wconf 88' lang='lat' dir='ltr'><strong>fulmen</strong></span> 
     </span>
    </p>

    <p class='ocr_par' dir='ltr' id='par_1_4' title="bbox 251 2469 2273 3266">
     <span class='ocr_line' id='line_1_22' title="bbox 251 2469 1671 2575; baseline -0.005 -20"><span class='ocrx_word' id='word_1_270' title='bbox 251 2505 318 2558; x_wconf 86' lang='lat' dir='ltr'><strong>nos</strong></span> <span class='ocrx_word' id='word_1_271' title='bbox 340 2481 510 2575; x_wconf 83' lang='lat' dir='ltr'><strong>quinque.</strong></span> <span class='ocrx_word' id='word_1_272' title='bbox 561 2472 615 2548; x_wconf 86' lang='lat' dir='ltr'><strong>Ae</strong></span> <span class='ocrx_word' id='word_1_273' title='bbox 638 2475 725 2545; x_wconf 84' lang='lat' dir='ltr'><strong>belli</strong></span> <span class='ocrx_word' id='word_1_274' title='bbox 744 2471 880 2544; x_wconf 88' lang='lat' dir='ltr'><strong>Gottici</strong></span> <span class='ocrx_word' id='word_1_275' title='bbox 902 2476 1042 2567; x_wconf 86' lang='lat' dir='ltr'><strong>epitasis</strong></span> <span class='ocrx_word' id='word_1_276' title='bbox 1067 2476 1106 2551; x_wconf 85' lang='lat' dir='ltr'><strong>in</strong></span> <span class='ocrx_word' id='word_1_277' title='bbox 1126 2469 1235 2544; x_wconf 89' lang='lat' dir='ltr'><strong>huius</strong></span> <span class='ocrx_word' id='word_1_278' title='bbox 1286 2475 1671 2548; x_wconf 81' lang='lat' dir='ltr'><strong>excommunicationis.</strong></span> 
     </span>
     <span class='ocr_line' id='line_1_23' title="bbox 252 2571 2269 2672; baseline -0.002 -18"><span class='ocrx_word' id='word_1_279' title='bbox 252 2583 403 2672; x_wconf 90' lang='lat' dir='ltr'><strong>Vitigis,</strong></span> <span class='ocrx_word' id='word_1_280' title='bbox 425 2589 460 2648; x_wconf 88' lang='lat' dir='ltr'><strong>et</strong></span> <span class='ocrx_word' id='word_1_281' title='bbox 474 2575 606 2646; x_wconf 89' lang='lat' dir='ltr'><strong>deinde</strong></span> <span class='ocrx_word' id='word_1_282' title='bbox 620 2573 761 2646; x_wconf 89' lang='lat' dir='ltr'><strong>Totilae</strong></span> <span class='ocrx_word' id='word_1_283' title='bbox 775 2587 933 2666; x_wconf 87' lang='lat' dir='ltr'><strong>tempora</strong></span> <span class='ocrx_word' id='word_1_284' title='bbox 951 2575 1089 2660; x_wconf 91' lang='lat' dir='ltr'><strong>incidit,</strong></span> <span class='ocrx_word' id='word_1_285' title='bbox 1106 2575 1234 2666; x_wconf 84' lang='lat' dir='ltr'><strong>&#39;in-que</strong></span> <span class='ocrx_word' id='word_1_286' title='bbox 1385 2575 1523 2664; x_wconf 83' lang='lat' dir='ltr'><strong>Vitiges</strong></span> <span class='ocrx_word' id='word_1_287' title='bbox 1536 2577 1682 2646; x_wconf 87' lang='lat' dir='ltr'><strong>tandem</strong></span> <span class='ocrx_word' id='word_1_288' title='bbox 1695 2573 1824 2646; x_wconf 88' lang='lat' dir='ltr'><strong>omissa</strong></span> <span class='ocrx_word' id='word_1_289' title='bbox 1838 2574 2024 2648; x_wconf 87' lang='lat' dir='ltr'><strong>obsidione</strong></span> <span class='ocrx_word' id='word_1_290' title='bbox 2032 2571 2172 2648; x_wconf 86' lang='lat' dir='ltr'><strong>Romae</strong></span> <span class='ocrx_word' id='word_1_291' title='bbox 2186 2601 2269 2649; x_wconf 91' lang='lat' dir='ltr'><strong>cnm</strong></span> 
     </span>
     <span class='ocr_line' id='line_1_24' title="bbox 251 2671 2270 2775; baseline -0.003 -21"><span class='ocrx_word' id='word_1_292' title='bbox 251 2685 379 2775; x_wconf 88' lang='lat' dir='ltr'><strong>ingens</strong></span> <span class='ocrx_word' id='word_1_293' title='bbox 394 2677 516 2750; x_wconf 89' lang='lat' dir='ltr'><strong>ltaliae</strong></span> <span class='ocrx_word' id='word_1_294' title='bbox 528 2673 678 2748; x_wconf 86' lang='lat' dir='ltr'><strong>vastatio</strong></span> <span class='ocrx_word' id='word_1_295' title='bbox 693 2676 783 2747; x_wconf 82' lang='lat' dir='ltr'><strong>facta</strong></span> <span class='ocrx_word' id='word_1_296' title='bbox 799 2689 863 2749; x_wconf 78' lang='lat' dir='ltr'><strong>est,</strong></span> <span class='ocrx_word' id='word_1_297' title='bbox 887 2673 1005 2746; x_wconf 84' lang='lat' dir='ltr'><strong>Roma</strong></span> <span class='ocrx_word' id='word_1_298' title='bbox 1019 2697 1121 2766; x_wconf 87' lang='lat' dir='ltr'><strong>saepe</strong></span> <span class='ocrx_word' id='word_1_299' title='bbox 1135 2688 1235 2765; x_wconf 82' lang='lat' dir='ltr'><strong>capta</strong></span> <span class='ocrx_word' id='word_1_300' title='bbox 1287 2677 1441 2768; x_wconf 73' lang='lat' dir='ltr'><strong>sexagies</strong></span> <span class='ocrx_word' id='word_1_301' title='bbox 1455 2675 1582 2766; x_wconf 86' lang='lat' dir='ltr'><strong>septies</strong></span> <span class='ocrx_word' id='word_1_302' title='bbox 1603 2671 1657 2746; x_wconf 88' lang='lat' dir='ltr'><strong>ibi</strong></span> <span class='ocrx_word' id='word_1_303' title='bbox 1676 2675 1884 2746; x_wconf 86' lang='lat' dir='ltr'><strong>dimicatum</strong></span> <span class='ocrx_word' id='word_1_304' title='bbox 1907 2681 2018 2770; x_wconf 86' lang='lat' dir='ltr'><strong>esset,</strong></span> <span class='ocrx_word' id='word_1_305' title='bbox 2044 2678 2143 2749; x_wconf 85' lang='lat' dir='ltr'><strong>ducit</strong></span> <span class='ocrx_word' id='word_1_306' title='bbox 2168 2701 2270 2748; x_wconf 81' lang='lat' dir='ltr'><strong>erer-</strong></span> 
     </span>
     <span class='ocr_line' id='line_1_25' title="bbox 253 2773 2273 2867; baseline -0.002 -15"><span class='ocrx_word' id='word_1_307' title='bbox 253 2797 319 2855; x_wconf 89' lang='lat' dir='ltr'><strong>est.</strong></span> <span class='ocrx_word' id='word_1_308' title='bbox 368 2777 616 2849; x_wconf 88' lang='lat' dir='ltr'><strong>Mediolanum</strong></span> <span class='ocrx_word' id='word_1_309' title='bbox 632 2775 794 2848; x_wconf 87' lang='lat' dir='ltr'><strong>lunditus</strong></span> <span class='ocrx_word' id='word_1_310' title='bbox 808 2775 1000 2846; x_wconf 88' lang='lat' dir='ltr'><strong>deletnma</strong></span> <span class='ocrx_word' id='word_1_311' title='bbox 1017 2773 1148 2860; x_wconf 86' lang='lat' dir='ltr'><strong>Gottis,</strong></span> <span class='ocrx_word' id='word_1_312' title='bbox 1172 2773 1236 2867; x_wconf 80' lang='lat' dir='ltr'><strong>qui</strong></span> <span class='ocrx_word' id='word_1_313' title='bbox 1285 2779 1396 2850; x_wconf 89' lang='lat' dir='ltr'><strong>citum</strong></span> <span class='ocrx_word' id='word_1_314' title='bbox 1416 2779 1461 2846; x_wconf 92' lang='lat' dir='ltr'><strong>ad</strong></span> <span class='ocrx_word' id='word_1_315' title='bbox 1483 2775 1784 2867; x_wconf 79' lang='lat' dir='ltr'><strong>oppugnationem</strong></span> <span class='ocrx_word' id='word_1_316' title='bbox 1804 2775 1973 2851; x_wconf 83' lang='lat' dir='ltr'><strong>Arimini.</strong></span> <span class='ocrx_word' id='word_1_317' title='bbox 2024 2775 2152 2849; x_wconf 86' lang='lat' dir='ltr'><strong>Postea</strong></span> <span class='ocrx_word' id='word_1_318' title='bbox 2174 2781 2273 2849; x_wconf 89' lang='lat' dir='ltr'><strong>obsi-</strong></span> 
     </span>
     <span class='ocr_line' id='line_1_26' title="bbox 256 2873 2272 2974; baseline -0.003 -20"><span class='ocrx_word' id='word_1_319' title='bbox 256 2880 401 2974; x_wconf 84' lang='lat' dir='ltr'><strong>triginte</strong></span> <span class='ocrx_word' id='word_1_320' title='bbox 421 2877 535 2948; x_wconf 92' lang='lat' dir='ltr'><strong>millia</strong></span> <span class='ocrx_word' id='word_1_321' title='bbox 559 2873 692 2947; x_wconf 86' lang='lat' dir='ltr'><strong>civi-um</strong></span> <span class='ocrx_word' id='word_1_322' title='bbox 714 2875 767 2946; x_wconf 89' lang='lat' dir='ltr'><strong>ibi</strong></span> <span class='ocrx_word' id='word_1_323' title='bbox 788 2875 1060 2960; x_wconf 74' lang='lat' dir='ltr'><strong>interfecerunt,</strong></span> <span class='ocrx_word' id='word_1_324' title='bbox 1084 2874 1177 2948; x_wconf 87' lang='lat' dir='ltr'><strong>Sunt</strong></span> <span class='ocrx_word' id='word_1_325' title='bbox 1202 2888 1237 2945; x_wconf 90' lang='lat' dir='ltr'><strong>et</strong></span> <span class='ocrx_word' id='word_1_326' title='bbox 1287 2880 1437 2950; x_wconf 89' lang='lat' dir='ltr'><strong>dionum</strong></span> <span class='ocrx_word' id='word_1_327' title='bbox 1454 2888 1487 2948; x_wconf 88' lang='lat' dir='ltr'><strong>et</strong></span> <span class='ocrx_word' id='word_1_328' title='bbox 1503 2876 1727 2949; x_wconf 82' lang='lat' dir='ltr'><strong>deditionem</strong></span> <span class='ocrx_word' id='word_1_329' title='bbox 1745 2876 1865 2944; x_wconf 86' lang='lat' dir='ltr'><strong>variae</strong></span> <span class='ocrx_word' id='word_1_330' title='bbox 1878 2877 1973 2946; x_wconf 84' lang='lat' dir='ltr'><strong>vices</strong></span> <span class='ocrx_word' id='word_1_331' title='bbox 1986 2878 2144 2952; x_wconf 84' lang='lat' dir='ltr'><strong>luerunt.</strong></span> <span class='ocrx_word' id='word_1_332' title='bbox 2188 2879 2272 2949; x_wconf 88' lang='lat' dir='ltr'><strong>Me-</strong></span> 
     </span>
     <span class='ocr_line' id='line_1_27' title="bbox 255 2974 2271 3070; baseline -0.002 -17"><span class='ocrx_word' id='word_1_333' title='bbox 255 2985 346 3054; x_wconf 89' lang='lat' dir='ltr'><strong>aliac</strong></span> <span class='ocrx_word' id='word_1_334' title='bbox 359 2980 493 3051; x_wconf 88' lang='lat' dir='ltr'><strong>multae</strong></span> <span class='ocrx_word' id='word_1_335' title='bbox 506 2979 612 3049; x_wconf 90' lang='lat' dir='ltr'><strong>urbes</strong></span> <span class='ocrx_word' id='word_1_336' title='bbox 625 2976 795 3070; x_wconf 88' lang='lat' dir='ltr'><strong>utrinque</strong></span> <span class='ocrx_word' id='word_1_337' title='bbox 811 2978 943 3068; x_wconf 84' lang='lat' dir='ltr'><strong>captae,</strong></span> <span class='ocrx_word' id='word_1_338' title='bbox 968 2976 1089 3064; x_wconf 88' lang='lat' dir='ltr'><strong>magni</strong></span> <span class='ocrx_word' id='word_1_339' title='bbox 1103 2974 1237 3044; x_wconf 83' lang='lat' dir='ltr'><strong>exerci·</strong></span> <span class='ocrx_word' id='word_1_340' title='bbox 1286 2980 1472 3050; x_wconf 85' lang='lat' dir='ltr'><strong>diolenum</strong></span> <span class='ocrx_word' id='word_1_341' title='bbox 1489 2977 1629 3048; x_wconf 82' lang='lat' dir='ltr'><strong>etiams</strong></span> <span class='ocrx_word' id='word_1_342' title='bbox 1648 2974 1768 3048; x_wconf 85' lang='lat' dir='ltr'><strong>Gottis</strong></span> <span class='ocrx_word' id='word_1_343' title='bbox 1779 2977 1940 3046; x_wconf 89' lang='lat' dir='ltr'><strong>deletum</strong></span> <span class='ocrx_word' id='word_1_344' title='bbox 1965 2991 2037 3063; x_wconf 90' lang='lat' dir='ltr'><strong>est,</strong></span> <span class='ocrx_word' id='word_1_345' title='bbox 2062 2999 2190 3066; x_wconf 82' lang='lat' dir='ltr'><strong>magna</strong></span> <span class='ocrx_word' id='word_1_346' title='bbox 2217 2980 2271 3050; x_wconf 89' lang='lat' dir='ltr'><strong>ibi</strong></span> 
     </span>
     <span class='ocr_line' id='line_1_28' title="bbox 255 3072 2271 3168; baseline -0.003 -13"><span class='ocrx_word' id='word_1_347' title='bbox 255 3098 316 3156; x_wconf 90' lang='lat' dir='ltr'><strong>tus</strong></span> <span class='ocrx_word' id='word_1_348' title='bbox 335 3079 521 3164; x_wconf 90' lang='lat' dir='ltr'><strong>trucidati,</strong></span> <span class='ocrx_word' id='word_1_349' title='bbox 552 3100 680 3168; x_wconf 88' lang='lat' dir='ltr'><strong>magna</strong></span> <span class='ocrx_word' id='word_1_350' title='bbox 703 3077 898 3148; x_wconf 87' lang='lat' dir='ltr'><strong>multitudo</strong></span> <span class='ocrx_word' id='word_1_351' title='bbox 921 3072 1110 3146; x_wconf 89' lang='lat' dir='ltr'><strong>hominum</strong></span> <span class='ocrx_word' id='word_1_352' title='bbox 1126 3075 1236 3165; x_wconf 90' lang='lat' dir='ltr'><strong>pesti·</strong></span> <span class='ocrx_word' id='word_1_353' title='bbox 1288 3081 1393 3152; x_wconf 77' lang='lat' dir='ltr'><strong>caede</strong></span> <span class='ocrx_word' id='word_1_354' title='bbox 1419 3080 1523 3151; x_wconf 79' lang='lat' dir='ltr'><strong>lacta.</strong></span> <span class='ocrx_word' id='word_1_355' title='bbox 1581 3075 1742 3148; x_wconf 84' lang='lat' dir='ltr'><strong>&#39;Pandam</strong></span> <span class='ocrx_word' id='word_1_356' title='bbox 1767 3078 1811 3146; x_wconf 89' lang='lat' dir='ltr'><strong>ad</strong></span> <span class='ocrx_word' id='word_1_357' title='bbox 1836 3073 2056 3147; x_wconf 87' lang='lat' dir='ltr'><strong>Ravennam·</strong></span> <span class='ocrx_word' id='word_1_358' title='bbox 2076 3077 2271 3151; x_wconf 87' lang='lat' dir='ltr'><strong>Belisarins</strong></span> 
     </span>
     <span class='ocr_line' id='line_1_29' title="bbox 256 3175 2271 3266; baseline -0.002 -14"><span class='ocrx_word' id='word_1_359' title='bbox 256 3182 365 3254; x_wconf 87' lang='lat' dir='ltr'><strong>lentia</strong></span> <span class='ocrx_word' id='word_1_360' title='bbox 381 3192 415 3248; x_wconf 89' lang='lat' dir='ltr'><strong>et</strong></span> <span class='ocrx_word' id='word_1_361' title='bbox 429 3180 522 3249; x_wconf 84' lang='lat' dir='ltr'><strong>fame</strong></span> <span class='ocrx_word' id='word_1_362' title='bbox 537 3178 722 3266; x_wconf 85' lang='lat' dir='ltr'><strong>absumpta</strong></span> <span class='ocrx_word' id='word_1_363' title='bbox 738 3189 809 3257; x_wconf 89' lang='lat' dir='ltr'><strong>est,</strong></span> <span class='ocrx_word' id='word_1_364' title='bbox 834 3189 962 3246; x_wconf 90' lang='lat' dir='ltr'><strong>matres</strong></span> <span class='ocrx_word' id='word_1_365' title='bbox 984 3175 1144 3244; x_wconf 86' lang='lat' dir='ltr'><strong>liliorum</strong></span> <span class='ocrx_word' id='word_1_366' title='bbox 1159 3198 1237 3244; x_wconf 89' lang='lat' dir='ltr'><strong>car·</strong></span> <span class='ocrx_word' id='word_1_367' title='bbox 1288 3179 1451 3262; x_wconf 81' lang='lat' dir='ltr'><strong>secessit,</strong></span> <span class='ocrx_word' id='word_1_368' title='bbox 1476 3177 1541 3246; x_wconf 91' lang='lat' dir='ltr'><strong>ubi</strong></span> <span class='ocrx_word' id='word_1_369' title='bbox 1554 3177 1718 3264; x_wconf 85' lang='lat' dir='ltr'><strong>granaria</strong></span> <span class='ocrx_word' id='word_1_370' title='bbox 1740 3177 2055 3264; x_wconf 85' lang='lat' dir='ltr'><strong>conliagraverant.</strong></span> <span class='ocrx_word' id='word_1_371' title='bbox 2107 3176 2161 3246; x_wconf 93' lang='lat' dir='ltr'><strong>lbi</strong></span> <span class='ocrx_word' id='word_1_372' title='bbox 2186 3203 2271 3248; x_wconf 92' lang='lat' dir='ltr'><strong>cnm</strong></span> 
     </span>
    </p>
   </div>
   <div class='ocr_carea' id='block_1_3' title="bbox 256 3271 2274 3456">
    <p class='ocr_par' dir='ltr' id='par_1_5' title="bbox 256 3271 2274 3456">
     <span class='ocr_line' id='line_1_30' title="bbox 256 3271 2274 3369; baseline -0.002 -17"><span class='ocrx_word' id='word_1_373' title='bbox 256 3282 364 3352; x_wconf 87' lang='lat' dir='ltr'><strong>nibus</strong></span> <span class='ocrx_word' id='word_1_374' title='bbox 379 3281 417 3346; x_wconf 91' lang='lat' dir='ltr'><strong>in</strong></span> <span class='ocrx_word' id='word_1_375' title='bbox 433 3276 577 3364; x_wconf 80' lang='lat' dir='ltr'><strong>Liguria</strong></span> <span class='ocrx_word' id='word_1_376' title='bbox 591 3287 710 3365; x_wconf 71' lang='lat' dir='ltr'><strong>pastae</strong></span> <span class='ocrx_word' id='word_1_377' title='bbox 724 3274 939 3362; x_wconf 64' lang='lat' dir='ltr'><strong>scribuntur·</strong></span> <span class='ocrx_word' id='word_1_378' title='bbox 1065 3319 1067 3326; x_wconf 70' lang='lat'><strong>,</strong></span> <span class='ocrx_word' id='word_1_379' title='bbox 1288 3279 1332 3350; x_wconf 85' lang='lat' dir='ltr'><strong>de</strong></span> <span class='ocrx_word' id='word_1_380' title='bbox 1347 3277 1443 3369; x_wconf 83' lang='lat' dir='ltr'><strong>pacis</strong></span> <span class='ocrx_word' id='word_1_381' title='bbox 1457 3275 1723 3348; x_wconf 87' lang='lat' dir='ltr'><strong>conditionibus</strong></span> <span class='ocrx_word' id='word_1_382' title='bbox 1736 3277 2027 3362; x_wconf 79' lang='lat' dir='ltr'><strong>saepecolloquie</strong></span> <span class='ocrx_word' id='word_1_383' title='bbox 2042 3271 2274 3365; x_wconf 83' lang='lat' dir='ltr'><strong>haberentur,</strong></span> 
     </span>
     <span class='ocr_line' id='line_1_31' title="bbox 358 3363 2272 3456; baseline -0.001 -7"><span class='ocrx_word' id='word_1_384' title='bbox 358 3376 507 3449; x_wconf 86' lang='lat' dir='ltr'><strong>Initium</strong></span> <span class='ocrx_word' id='word_1_385' title='bbox 521 3385 637 3445; x_wconf 88' lang='lat' dir='ltr'><strong>autem</strong></span> <span class='ocrx_word' id='word_1_386' title='bbox 652 3373 831 3442; x_wconf 89' lang='lat' dir='ltr'><strong>bellicum</strong></span> <span class='ocrx_word' id='word_1_387' title='bbox 849 3371 967 3456; x_wconf 89' lang='lat' dir='ltr'><strong>Vitige</strong></span> <span class='ocrx_word' id='word_1_388' title='bbox 991 3373 1080 3456; x_wconf 86' lang='lat' dir='ltr'><strong>gesti</strong></span> <span class='ocrx_word' id='word_1_389' title='bbox 1099 3369 1237 3438; x_wconf 76' lang='lat' dir='ltr'><strong>Romae</strong></span> <span class='ocrx_word' id='word_1_390' title='bbox 1288 3370 1431 3442; x_wconf 87' lang='lat' dir='ltr'><strong>tandem</strong></span> <span class='ocrx_word' id='word_1_391' title='bbox 1460 3379 1574 3437; x_wconf 86' lang='lat' dir='ltr'><strong>astute</strong></span> <span class='ocrx_word' id='word_1_392' title='bbox 1602 3363 1796 3436; x_wconf 84' lang='lat' dir='ltr'><strong>Belisarius</strong></span> <span class='ocrx_word' id='word_1_393' title='bbox 1824 3367 2000 3456; x_wconf 89' lang='lat' dir='ltr'><strong>obtinuit,</strong></span> <span class='ocrx_word' id='word_1_394' title='bbox 2034 3383 2076 3442; x_wconf 89' lang='lat' dir='ltr'><strong>ut</strong></span> <span class='ocrx_word' id='word_1_395' title='bbox 2095 3371 2272 3448; x_wconf 81' lang='lat' dir='ltr'><strong>Ravenna</strong></span> 
     </span>
    </p>
   </div>
   <div class='ocr_carea' id='block_1_4' title="bbox 218 3464 2315 5374">
    <p class='ocr_par' dir='ltr' id='par_1_6' title="bbox 218 3464 2315 4870">
     <span class='ocr_line' id='line_1_32' title="bbox 257 3464 2273 3568; baseline -0.002 -17"><span class='ocrx_word' id='word_1_396' title='bbox 257 3484 476 3560; x_wconf 85' lang='lat' dir='ltr'><strong>factumest,</strong></span> <span class='ocrx_word' id='word_1_397' title='bbox 501 3497 606 3568; x_wconf 70' lang='lat' dir='ltr'><strong>quaem</strong></span> <span class='ocrx_word' id='word_1_398' title='bbox 624 3471 762 3560; x_wconf 76' lang='lat' dir='ltr'><strong>Vitiges</strong></span> <span class='ocrx_word' id='word_1_399' title='bbox 783 3492 879 3556; x_wconf 87' lang='lat' dir='ltr'><strong>anno</strong></span> <span class='ocrx_word' id='word_1_400' title='bbox 903 3468 1041 3557; x_wconf 84' lang='lat' dir='ltr'><strong>integro</strong></span> <span class='ocrx_word' id='word_1_401' title='bbox 1057 3479 1091 3537; x_wconf 92' lang='lat' dir='ltr'><strong>et</strong></span> <span class='ocrx_word' id='word_1_402' title='bbox 1111 3467 1237 3540; x_wconf 88' lang='lat' dir='ltr'><strong>diebus</strong></span> <span class='ocrx_word' id='word_1_403' title='bbox 1288 3471 1494 3548; x_wconf 86' lang='lat' dir='ltr'><strong>dederetur,</strong></span> <span class='ocrx_word' id='word_1_404' title='bbox 1518 3467 1557 3536; x_wconf 90' lang='lat' dir='ltr'><strong>in</strong></span> <span class='ocrx_word' id='word_1_405' title='bbox 1572 3489 1642 3558; x_wconf 88' lang='lat' dir='ltr'><strong>qua</strong></span> <span class='ocrx_word' id='word_1_406' title='bbox 1658 3464 1895 3557; x_wconf 86' lang='lat' dir='ltr'><strong>eratVitiges,</strong></span> <span class='ocrx_word' id='word_1_407' title='bbox 1921 3493 2026 3562; x_wconf 86' lang='lat' dir='ltr'><strong>quem</strong></span> <span class='ocrx_word' id='word_1_408' title='bbox 2039 3485 2184 3564; x_wconf 85' lang='lat' dir='ltr'><strong>captum</strong></span> <span class='ocrx_word' id='word_1_409' title='bbox 2200 3471 2273 3547; x_wconf 86' lang='lat' dir='ltr'><strong>bo-</strong></span> 
     </span>
     <span class='ocr_line' id='line_1_33' title="bbox 257 3567 2232 3658; baseline -0.006 -12"><span class='ocrx_word' id='word_1_410' title='bbox 257 3605 385 3656; x_wconf 81' lang='lat' dir='ltr'><strong>novem</strong></span> <span class='ocrx_word' id='word_1_411' title='bbox 414 3575 563 3650; x_wconf 88' lang='lat' dir='ltr'><strong>obsedit.</strong></span> <span class='ocrx_word' id='word_1_412' title='bbox 630 3570 747 3644; x_wconf 88' lang='lat' dir='ltr'><strong>Multa</strong></span> <span class='ocrx_word' id='word_1_413' title='bbox 768 3571 820 3640; x_wconf 93' lang='lat' dir='ltr'><strong>ibi</strong></span> <span class='ocrx_word' id='word_1_414' title='bbox 841 3591 967 3658; x_wconf 89' lang='lat' dir='ltr'><strong>magna</strong></span> <span class='ocrx_word' id='word_1_415' title='bbox 994 3568 1126 3657; x_wconf 86' lang='lat' dir='ltr'><strong>praelia</strong></span> <span class='ocrx_word' id='word_1_416' title='bbox 1148 3568 1238 3639; x_wconf 89' lang='lat' dir='ltr'><strong>lacta</strong></span> <span class='ocrx_word' id='word_1_417' title='bbox 1287 3569 1434 3640; x_wconf 87' lang='lat' dir='ltr'><strong>noribce</strong></span> <span class='ocrx_word' id='word_1_418' title='bbox 1446 3567 1611 3642; x_wconf 86' lang='lat' dir='ltr'><strong>custodit.</strong></span> <span class='ocrx_word' id='word_1_419' title='bbox 2229 3629 2232 3634; x_wconf 80' lang='grc'>,</span> 
     </span>
     <span class='ocr_line' id='line_1_34' title="bbox 258 3664 2273 3770; baseline -0.002 -17"><span class='ocrx_word' id='word_1_420' title='bbox 258 3696 355 3754; x_wconf 89' lang='lat' dir='ltr'><strong>sunt.</strong></span> <span class='ocrx_word' id='word_1_421' title='bbox 405 3677 449 3748; x_wconf 88' lang='lat' dir='ltr'><strong>ln</strong></span> <span class='ocrx_word' id='word_1_422' title='bbox 474 3676 587 3770; x_wconf 90' lang='lat' dir='ltr'><strong>primo</strong></span> <span class='ocrx_word' id='word_1_423' title='bbox 619 3683 737 3744; x_wconf 85' lang='lat' dir='ltr'><strong>antem</strong></span> <span class='ocrx_word' id='word_1_424' title='bbox 761 3669 913 3739; x_wconf 82' lang='lat' dir='ltr'><strong>maxime</strong></span> <span class='ocrx_word' id='word_1_425' title='bbox 939 3668 1052 3738; x_wconf 83' lang='lat' dir='ltr'><strong>virtus</strong></span> <span class='ocrx_word' id='word_1_426' title='bbox 1072 3666 1238 3738; x_wconf 87' lang='lat' dir='ltr'><strong>Belisarii</strong></span> <span class='ocrx_word' id='word_1_427' title='bbox 1390 3664 1474 3740; x_wconf 83' lang='lat' dir='ltr'><strong>Etsi·</strong></span> <span class='ocrx_word' id='word_1_428' title='bbox 1488 3680 1606 3740; x_wconf 87' lang='lat' dir='ltr'><strong>autem</strong></span> <span class='ocrx_word' id='word_1_429' title='bbox 1630 3667 1792 3738; x_wconf 87' lang='lat' dir='ltr'><strong>nondum</strong></span> <span class='ocrx_word' id='word_1_430' title='bbox 1818 3679 1897 3739; x_wconf 84' lang='lat' dir='ltr'><strong>tete</strong></span> <span class='ocrx_word' id='word_1_431' title='bbox 1915 3665 2018 3740; x_wconf 87' lang='lat' dir='ltr'><strong>ltalia</strong></span> <span class='ocrx_word' id='word_1_432' title='bbox 2040 3687 2165 3762; x_wconf 87' lang='lat' dir='ltr'><strong>pacata</strong></span> <span class='ocrx_word' id='word_1_433' title='bbox 2185 3693 2273 3762; x_wconf 70' lang='lat' dir='ltr'><strong>erat</strong></span> 
     </span>
     <span class='ocr_line' id='line_1_35' title="bbox 259 3763 2273 3874; baseline -0.002 -20"><span class='ocrx_word' id='word_1_434' title='bbox 259 3794 443 3874; x_wconf 87' lang='lat' dir='ltr'><strong>conspecta</strong></span> <span class='ocrx_word' id='word_1_435' title='bbox 467 3791 530 3848; x_wconf 87' lang='lat' dir='ltr'><strong>est.</strong></span> <span class='ocrx_word' id='word_1_436' title='bbox 581 3769 767 3844; x_wconf 81' lang='lat' dir='ltr'><strong>Exercitus</strong></span> <span class='ocrx_word' id='word_1_437' title='bbox 781 3767 910 3860; x_wconf 89' lang='lat' dir='ltr'><strong>Vitigis</strong></span> <span class='ocrx_word' id='word_1_438' title='bbox 934 3781 1010 3838; x_wconf 90' lang='lat' dir='ltr'><strong>erat</strong></span> <span class='ocrx_word' id='word_1_439' title='bbox 1038 3781 1181 3839; x_wconf 89' lang='lat' dir='ltr'><strong>centum</strong></span> <span class='ocrx_word' id='word_1_440' title='bbox 1203 3781 1240 3839; x_wconf 90' lang='lat' dir='ltr'><strong>et</strong></span> <span class='ocrx_word' id='word_1_441' title='bbox 1289 3783 1325 3844; x_wconf 89' lang='lat' dir='ltr'><strong>et</strong></span> <span class='ocrx_word' id='word_1_442' title='bbox 1337 3763 1453 3840; x_wconf 85' lang='lat' dir='ltr'><strong>adhuc</strong></span> <span class='ocrx_word' id='word_1_443' title='bbox 1467 3768 1596 3839; x_wconf 87' lang='lat' dir='ltr'><strong>multas</strong></span> <span class='ocrx_word' id='word_1_444' title='bbox 1616 3769 1723 3838; x_wconf 86' lang='lat' dir='ltr'><strong>urbes</strong></span> <span class='ocrx_word' id='word_1_445' title='bbox 1737 3767 1781 3836; x_wconf 90' lang='lat' dir='ltr'><strong>ad</strong></span> <span class='ocrx_word' id='word_1_446' title='bbox 1800 3765 1937 3839; x_wconf 90' lang='lat' dir='ltr'><strong>Padum</strong></span> <span class='ocrx_word' id='word_1_447' title='bbox 1952 3785 1988 3843; x_wconf 93' lang='lat' dir='ltr'><strong>et</strong></span> <span class='ocrx_word' id='word_1_448' title='bbox 1999 3768 2150 3845; x_wconf 83' lang='lat' dir='ltr'><strong>Athesin</strong></span> <span class='ocrx_word' id='word_1_449' title='bbox 2170 3775 2273 3852; x_wconf 87' lang='lat' dir='ltr'><strong>Gotti</strong></span> 
     </span>
     <span class='ocr_line' id='line_1_36' title="bbox 260 3866 2275 3977; baseline -0.002 -28"><span class='ocrx_word' id='word_1_450' title='bbox 260 3879 516 3977; x_wconf 87' lang='lat' dir='ltr'><strong>quinquaginta</strong></span> <span class='ocrx_word' id='word_1_451' title='bbox 533 3874 686 3944; x_wconf 89' lang='lat' dir='ltr'><strong>millium</strong></span> <span class='ocrx_word' id='word_1_452' title='bbox 708 3869 900 3943; x_wconf 90' lang='lat' dir='ltr'><strong>Gottorum</strong></span> <span class='ocrx_word' id='word_1_453' title='bbox 922 3870 1051 3940; x_wconf 89' lang='lat' dir='ltr'><strong>robore</strong></span> <span class='ocrx_word' id='word_1_454' title='bbox 1066 3883 1100 3940; x_wconf 93' lang='lat' dir='ltr'><strong>et</strong></span> <span class='ocrx_word' id='word_1_455' title='bbox 1114 3868 1239 3959; x_wconf 87' lang='lat' dir='ltr'><strong>peritia</strong></span> <span class='ocrx_word' id='word_1_456' title='bbox 1289 3872 1477 3945; x_wconf 81' lang='lat' dir='ltr'><strong>tenebant:</strong></span> <span class='ocrx_word' id='word_1_457' title='bbox 1501 3881 1618 3940; x_wconf 87' lang='lat' dir='ltr'><strong>tamen</strong></span> <span class='ocrx_word' id='word_1_458' title='bbox 1631 3867 1715 3960; x_wconf 89' lang='lat' dir='ltr'><strong>quia</strong></span> <span class='ocrx_word' id='word_1_459' title='bbox 1730 3866 1915 3940; x_wconf 90' lang='lat' dir='ltr'><strong>inclinatio</strong></span> <span class='ocrx_word' id='word_1_460' title='bbox 1929 3895 2077 3962; x_wconf 84' lang='lat' dir='ltr'><strong>magnae</strong></span> <span class='ocrx_word' id='word_1_461' title='bbox 2092 3881 2275 3968; x_wconf 75' lang='lat' dir='ltr'><strong>potentiae</strong></span> 
     </span>
     <span class='ocr_line' id='line_1_37' title="bbox 260 3967 2273 4068; baseline 0 -18"><span class='ocrx_word' id='word_1_462' title='bbox 260 3981 313 4052; x_wconf 91' lang='lat' dir='ltr'><strong>rei</strong></span> <span class='ocrx_word' id='word_1_463' title='bbox 328 3978 490 4048; x_wconf 87' lang='lat' dir='ltr'><strong>militaris</strong></span> <span class='ocrx_word' id='word_1_464' title='bbox 507 3971 764 4046; x_wconf 84' lang='lat' dir='ltr'><strong>excellentium.</strong></span> <span class='ocrx_word' id='word_1_465' title='bbox 812 3968 863 4040; x_wconf 87' lang='lat' dir='ltr'><strong>lli</strong></span> <span class='ocrx_word' id='word_1_466' title='bbox 881 3993 961 4042; x_wconf 92' lang='lat' dir='ltr'><strong>cnm</strong></span> <span class='ocrx_word' id='word_1_467' title='bbox 984 3970 1155 4040; x_wconf 89' lang='lat' dir='ltr'><strong>vidissent</strong></span> <span class='ocrx_word' id='word_1_468' title='bbox 1168 3967 1240 4040; x_wconf 91' lang='lat' dir='ltr'><strong>Be·</strong></span> <span class='ocrx_word' id='word_1_469' title='bbox 1290 3970 1454 4046; x_wconf 87' lang='lat' dir='ltr'><strong>Gotticae</strong></span> <span class='ocrx_word' id='word_1_470' title='bbox 1483 3967 1649 4042; x_wconf 85' lang='lat' dir='ltr'><strong>Belisarii</strong></span> <span class='ocrx_word' id='word_1_471' title='bbox 1679 3967 1837 4039; x_wconf 88' lang='lat' dir='ltr'><strong>consiliis</strong></span> <span class='ocrx_word' id='word_1_472' title='bbox 1859 3983 1894 4041; x_wconf 90' lang='lat' dir='ltr'><strong>et</strong></span> <span class='ocrx_word' id='word_1_473' title='bbox 1915 3970 2046 4044; x_wconf 75' lang='lat' dir='ltr'><strong>virtute</strong></span> <span class='ocrx_word' id='word_1_474' title='bbox 2063 3977 2154 4048; x_wconf 82' lang='lat' dir='ltr'><strong>lacta</strong></span> <span class='ocrx_word' id='word_1_475' title='bbox 2185 3993 2273 4068; x_wconf 86' lang='lat' dir='ltr'><strong>erat,</strong></span> 
     </span>
     <span class='ocr_line' id='line_1_38' title="bbox 260 4067 2272 4170; baseline 0 -18"><span class='ocrx_word' id='word_1_476' title='bbox 260 4080 373 4154; x_wconf 88' lang='lat' dir='ltr'><strong>lisarii</strong></span> <span class='ocrx_word' id='word_1_477' title='bbox 386 4078 594 4161; x_wconf 83' lang='lat' dir='ltr'><strong>exercitum,</strong></span> <span class='ocrx_word' id='word_1_478' title='bbox 620 4072 683 4170; x_wconf 87' lang='lat' dir='ltr'><strong>qni</strong></span> <span class='ocrx_word' id='word_1_479' title='bbox 697 4093 853 4163; x_wconf 84' lang='lat' dir='ltr'><strong>egressus</strong></span> <span class='ocrx_word' id='word_1_480' title='bbox 867 4082 940 4142; x_wconf 88' lang='lat' dir='ltr'><strong>erat</strong></span> <span class='ocrx_word' id='word_1_481' title='bbox 956 4071 1001 4141; x_wconf 89' lang='lat' dir='ltr'><strong>ad</strong></span> <span class='ocrx_word' id='word_1_482' title='bbox 1026 4069 1240 4162; x_wconf 84' lang='lat' dir='ltr'><strong>speculanda</strong></span> <span class='ocrx_word' id='word_1_483' title='bbox 1291 4075 1366 4166; x_wconf 90' lang='lat' dir='ltr'><strong>ipse</strong></span> <span class='ocrx_word' id='word_1_484' title='bbox 1378 4068 1714 4160; x_wconf 83' lang='lat' dir='ltr'><strong>Constantinopolin</strong></span> <span class='ocrx_word' id='word_1_485' title='bbox 1726 4067 1832 4149; x_wconf 89' lang='lat' dir='ltr'><strong>redit,</strong></span> <span class='ocrx_word' id='word_1_486' title='bbox 1852 4083 1885 4141; x_wconf 91' lang='lat' dir='ltr'><strong>et</strong></span> <span class='ocrx_word' id='word_1_487' title='bbox 1901 4093 1942 4141; x_wconf 88' lang='lat' dir='ltr'><strong>eo</strong></span> <span class='ocrx_word' id='word_1_488' title='bbox 1956 4070 2116 4164; x_wconf 86' lang='lat' dir='ltr'><strong>Vitigem</strong></span> <span class='ocrx_word' id='word_1_489' title='bbox 2126 4093 2272 4170; x_wconf 88' lang='lat' dir='ltr'><strong>captum</strong></span> 
     </span>
     <span class='ocr_line' id='line_1_39' title="bbox 259 4169 2274 4265; baseline -0.004 -11"><span class='ocrx_word' id='word_1_490' title='bbox 259 4178 416 4254; x_wconf 86' lang='lat' dir='ltr'><strong>bostium</strong></span> <span class='ocrx_word' id='word_1_491' title='bbox 449 4190 580 4262; x_wconf 86' lang='lat' dir='ltr'><strong>castra,</strong></span> <span class='ocrx_word' id='word_1_492' title='bbox 618 4186 821 4265; x_wconf 83' lang='lat' dir='ltr'><strong>contempta</strong></span> <span class='ocrx_word' id='word_1_493' title='bbox 855 4170 1032 4264; x_wconf 84' lang='lat' dir='ltr'><strong>paucitate</strong></span> <span class='ocrx_word' id='word_1_494' title='bbox 1066 4169 1240 4262; x_wconf 87' lang='lat' dir='ltr'><strong>praelium</strong></span> <span class='ocrx_word' id='word_1_495' title='bbox 1289 4171 1457 4248; x_wconf 80' lang='lat' dir='ltr'><strong>abduxit·</strong></span> <span class='ocrx_word' id='word_1_496' title='bbox 1498 4169 1849 4243; x_wconf 84' lang='lat' dir='ltr'><strong>Revocatumantem</strong></span> <span class='ocrx_word' id='word_1_497' title='bbox 1862 4171 2059 4247; x_wconf 87' lang='lat' dir='ltr'><strong>scribunta</strong></span> <span class='ocrx_word' id='word_1_498' title='bbox 2072 4175 2274 4252; x_wconf 74' lang='lat' dir='ltr'><strong>lastiniam</strong></span> 
     </span>
     <span class='ocr_line' id='line_1_40' title="bbox 260 4267 2274 4372; baseline -0.005 -19"><span class='ocrx_word' id='word_1_499' title='bbox 260 4283 366 4356; x_wconf 88' lang='lat' dir='ltr'><strong>cient.</strong></span> <span class='ocrx_word' id='word_1_500' title='bbox 412 4276 462 4351; x_wconf 87' lang='lat' dir='ltr'><strong>Et</strong></span> <span class='ocrx_word' id='word_1_501' title='bbox 478 4277 561 4372; x_wconf 84' lang='lat' dir='ltr'><strong>quia</strong></span> <span class='ocrx_word' id='word_1_502' title='bbox 584 4274 837 4368; x_wconf 78' lang='lat' dir='ltr'><strong>agnoscebatur</strong></span> <span class='ocrx_word' id='word_1_503' title='bbox 859 4295 971 4367; x_wconf 85' lang='lat' dir='ltr'><strong>equus</strong></span> <span class='ocrx_word' id='word_1_504' title='bbox 990 4269 1155 4344; x_wconf 90' lang='lat' dir='ltr'><strong>Belisarii</strong></span> <span class='ocrx_word' id='word_1_505' title='bbox 1173 4273 1242 4362; x_wconf 87' lang='lat' dir='ltr'><strong>gil-</strong></span> <span class='ocrx_word' id='word_1_506' title='bbox 1290 4277 1437 4368; x_wconf 81' lang='lat' dir='ltr'><strong>propter</strong></span> <span class='ocrx_word' id='word_1_507' title='bbox 1456 4267 1591 4347; x_wconf 87' lang='lat' dir='ltr'><strong>bellum</strong></span> <span class='ocrx_word' id='word_1_508' title='bbox 1608 4267 1793 4360; x_wconf 81' lang='lat' dir='ltr'><strong>Persicum</strong></span> <span class='ocrx_word' id='word_1_509' title='bbox 1808 4293 1829 4342; x_wconf 92' lang='lat' dir='ltr'><strong>a</strong></span> <span class='ocrx_word' id='word_1_510' title='bbox 1842 4267 1977 4344; x_wconf 80' lang='lat' dir='ltr'><strong>Cosroii</strong></span> <span class='ocrx_word' id='word_1_511' title='bbox 1996 4289 2148 4356; x_wconf 81' lang='lat' dir='ltr'><strong>motum,</strong></span> <span class='ocrx_word' id='word_1_512' title='bbox 2198 4279 2274 4353; x_wconf 72' lang='lat' dir='ltr'><strong>ssd</strong></span> 
     </span>
     <span class='ocr_line' id='line_1_41' title="bbox 261 4369 2276 4472; baseline -0.002 -20"><span class='ocrx_word' id='word_1_513' title='bbox 261 4405 328 4454; x_wconf 81' lang='lat' dir='ltr'><strong>vus</strong></span> <span class='ocrx_word' id='word_1_514' title='bbox 343 4395 378 4453; x_wconf 88' lang='lat' dir='ltr'><strong>et</strong></span> <span class='ocrx_word' id='word_1_515' title='bbox 392 4381 473 4452; x_wconf 89' lang='lat' dir='ltr'><strong>albo</strong></span> <span class='ocrx_word' id='word_1_516' title='bbox 495 4378 625 4470; x_wconf 90' lang='lat' dir='ltr'><strong>capite,</strong></span> <span class='ocrx_word' id='word_1_517' title='bbox 652 4374 753 4448; x_wconf 89' lang='lat' dir='ltr'><strong>Gotti</strong></span> <span class='ocrx_word' id='word_1_518' title='bbox 771 4386 865 4446; x_wconf 89' lang='lat' dir='ltr'><strong>recte</strong></span> <span class='ocrx_word' id='word_1_519' title='bbox 888 4372 1127 4446; x_wconf 82' lang='lat' dir='ltr'><strong>existimantes</strong></span> <span class='ocrx_word' id='word_1_520' title='bbox 1151 4374 1242 4444; x_wconf 91' lang='lat' dir='ltr'><strong>duce</strong></span> <span class='ocrx_word' id='word_1_521' title='bbox 1291 4374 1454 4448; x_wconf 72' lang='lat' dir='ltr'><strong>existimo</strong></span> <span class='ocrx_word' id='word_1_522' title='bbox 1468 4371 1609 4444; x_wconf 83' lang='lat' dir='ltr'><strong>facilius</strong></span> <span class='ocrx_word' id='word_1_523' title='bbox 1624 4392 1666 4442; x_wconf 83' lang='lat' dir='ltr'><strong>ex</strong></span> <span class='ocrx_word' id='word_1_524' title='bbox 1680 4369 1781 4442; x_wconf 86' lang='lat' dir='ltr'><strong>ltalia</strong></span> <span class='ocrx_word' id='word_1_525' title='bbox 1802 4395 1883 4442; x_wconf 88' lang='lat' dir='ltr'><strong>eum</strong></span> <span class='ocrx_word' id='word_1_526' title='bbox 1905 4372 2105 4447; x_wconf 84' lang='lat' dir='ltr'><strong>discessisse</strong></span> <span class='ocrx_word' id='word_1_527' title='bbox 2125 4396 2276 4472; x_wconf 77' lang='lat' dir='ltr'><strong>propter</strong></span> 
     </span>
     <span class='ocr_line' id='line_1_42' title="bbox 262 4468 2315 4562; baseline -0 -8"><span class='ocrx_word' id='word_1_528' title='bbox 262 4483 448 4554; x_wconf 80' lang='lat' dir='ltr'><strong>interiecto</strong></span> <span class='ocrx_word' id='word_1_529' title='bbox 464 4479 603 4552; x_wconf 78' lang='lat' dir='ltr'><strong>facilem</strong></span> <span class='ocrx_word' id='word_1_530' title='bbox 624 4479 701 4548; x_wconf 83' lang='lat' dir='ltr'><strong>fore</strong></span> <span class='ocrx_word' id='word_1_531' title='bbox 723 4474 929 4558; x_wconf 81' lang='lat' dir='ltr'><strong>victoriam,</strong></span> <span class='ocrx_word' id='word_1_532' title='bbox 954 4495 1028 4544; x_wconf 87' lang='lat' dir='ltr'><strong>sese</strong></span> <span class='ocrx_word' id='word_1_533' title='bbox 1051 4468 1242 4546; x_wconf 81' lang='lat' dir='ltr'><strong>cohortata·</strong></span> <span class='ocrx_word' id='word_1_534' title='bbox 1291 4470 1480 4550; x_wconf 80' lang='lat' dir='ltr'><strong>lastiniani</strong></span> <span class='ocrx_word' id='word_1_535' title='bbox 1508 4470 1750 4562; x_wconf 81' lang='lat' dir='ltr'><strong>suspicionem.</strong></span> <span class='ocrx_word' id='word_1_536' title='bbox 1767 4481 1802 4542; x_wconf 88' lang='lat' dir='ltr'><strong>et</strong></span> <span class='ocrx_word' id='word_1_537' title='bbox 1823 4483 2040 4546; x_wconf 80' lang='lat' dir='ltr'><strong>caeterorum</strong></span> <span class='ocrx_word' id='word_1_538' title='bbox 2062 4477 2195 4550; x_wconf 85' lang='lat' dir='ltr'><strong>durum</strong></span> <span class='ocrx_word' id='word_1_539' title='bbox 2214 4481 2272 4553; x_wconf 89' lang='lat' dir='ltr'><strong>lo·</strong></span> <span class='ocrx_word' id='word_1_540' title='bbox 2312 4507 2315 4514; x_wconf 92' lang='lat'>·</span> 
     </span>
     <span class='ocr_line' id='line_1_43' title="bbox 261 4568 2275 4675; baseline -0 -25"><span class='ocrx_word' id='word_1_541' title='bbox 261 4597 352 4668; x_wconf 81' lang='lat' dir='ltr'><strong>tur,</strong></span> <span class='ocrx_word' id='word_1_542' title='bbox 365 4593 408 4654; x_wconf 90' lang='lat' dir='ltr'><strong>ut</strong></span> <span class='ocrx_word' id='word_1_543' title='bbox 427 4602 534 4675; x_wconf 73' lang='grc' dir='ltr'><strong>ᾳιιειιιι</strong></span> <span class='ocrx_word' id='word_1_544' title='bbox 555 4575 703 4671; x_wconf 89' lang='lat' dir='ltr'><strong>plurimi</strong></span> <span class='ocrx_word' id='word_1_545' title='bbox 726 4574 929 4665; x_wconf 88' lang='lat' dir='ltr'><strong>conglobati</strong></span> <span class='ocrx_word' id='word_1_546' title='bbox 951 4573 991 4644; x_wconf 88' lang='lat' dir='ltr'><strong>in</strong></span> <span class='ocrx_word' id='word_1_547' title='bbox 1012 4597 1126 4660; x_wconf 85' lang='lat' dir='ltr'><strong>unum</strong></span> <span class='ocrx_word' id='word_1_548' title='bbox 1145 4568 1243 4646; x_wconf 87' lang='lat' dir='ltr'><strong>hunc</strong></span> <span class='ocrx_word' id='word_1_549' title='bbox 1292 4570 1636 4650; x_wconf 78' lang='lat' dir='ltr'><strong>banniaetNaraetia</strong></span> <span class='ocrx_word' id='word_1_550' title='bbox 1648 4571 1950 4660; x_wconf 78' lang='lat' dir='ltr'><strong>malevolentiam,</strong></span> <span class='ocrx_word' id='word_1_551' title='bbox 1971 4599 2124 4669; x_wconf 84' lang='lat' dir='ltr'><strong>quornm</strong></span> <span class='ocrx_word' id='word_1_552' title='bbox 2139 4582 2275 4654; x_wconf 82' lang='lat' dir='ltr'><strong>volun-</strong></span> 
     </span>
     <span class='ocr_line' id='line_1_44' title="bbox 218 4669 2275 4776; baseline 0 -21"><span class='ocrx_word' id='word_1_553' title='bbox 218 4729 234 4754; x_wconf 53' lang='grc' dir='ltr'><strong>ι</strong></span> <span class='ocrx_word' id='word_1_554' title='bbox 263 4685 435 4776; x_wconf 90' lang='lat' dir='ltr'><strong>impetum</strong></span> <span class='ocrx_word' id='word_1_555' title='bbox 458 4679 610 4762; x_wconf 80' lang='lat' dir='ltr'><strong>iaciant,</strong></span> <span class='ocrx_word' id='word_1_556' title='bbox 640 4677 810 4752; x_wconf 88' lang='lat' dir='ltr'><strong>continuo</strong></span> <span class='ocrx_word' id='word_1_557' title='bbox 833 4675 987 4746; x_wconf 80' lang='lat' dir='ltr'><strong>obruere</strong></span> <span class='ocrx_word' id='word_1_558' title='bbox 1005 4669 1099 4746; x_wconf 88' lang='lat' dir='ltr'><strong>hane</strong></span> <span class='ocrx_word' id='word_1_559' title='bbox 1118 4697 1242 4746; x_wconf 78' lang='lat' dir='ltr'><strong>vocem</strong></span> <span class='ocrx_word' id='word_1_560' title='bbox 1292 4690 1383 4755; x_wconf 79' lang='lat' dir='ltr'><strong>tetes</strong></span> <span class='ocrx_word' id='word_1_561' title='bbox 1393 4677 1441 4750; x_wconf 83' lang='lat' dir='ltr'><strong>ab</strong></span> <span class='ocrx_word' id='word_1_562' title='bbox 1455 4697 1498 4744; x_wconf 91' lang='lat' dir='ltr'><strong>eo</strong></span> <span class='ocrx_word' id='word_1_563' title='bbox 1512 4673 1687 4746; x_wconf 86' lang='lat' dir='ltr'><strong>alienatae</strong></span> <span class='ocrx_word' id='word_1_564' title='bbox 1698 4685 1822 4755; x_wconf 83' lang='lat' dir='ltr'><strong>erent,</strong></span> <span class='ocrx_word' id='word_1_565' title='bbox 1846 4673 1939 4747; x_wconf 89' lang='lat' dir='ltr'><strong>sicut</strong></span> <span class='ocrx_word' id='word_1_566' title='bbox 1952 4678 2181 4752; x_wconf 77' lang='lat' dir='ltr'><strong>excellentem</strong></span> <span class='ocrx_word' id='word_1_567' title='bbox 2196 4685 2275 4754; x_wconf 76' lang='lat' dir='ltr'><strong>vir·</strong></span> 
     </span>
     <span class='ocr_line' id='line_1_45' title="bbox 264 4773 2076 4870; baseline -0.006 -14"><span class='ocrx_word' id='word_1_568' title='bbox 264 4799 447 4857; x_wconf 87' lang='lat' dir='ltr'><strong>sonantes:</strong></span> <span class='ocrx_word' id='word_1_569' title='bbox 499 4778 542 4850; x_wconf 89' lang='lat' dir='ltr'><strong>ln</strong></span> <span class='ocrx_word' id='word_1_570' title='bbox 557 4778 699 4864; x_wconf 83' lang='lat' dir='ltr'><strong>Falam,</strong></span> <span class='ocrx_word' id='word_1_571' title='bbox 721 4775 759 4846; x_wconf 92' lang='lat' dir='ltr'><strong>id</strong></span> <span class='ocrx_word' id='word_1_572' title='bbox 779 4787 853 4860; x_wconf 87' lang='lat' dir='ltr'><strong>est,</strong></span> <span class='ocrx_word' id='word_1_573' title='bbox 873 4776 1009 4866; x_wconf 71' lang='lat' dir='ltr'><strong>gilmm</strong></span> <span class='ocrx_word' id='word_1_574' title='bbox 1025 4799 1168 4870; x_wconf 84' lang='lat' dir='ltr'><strong>equum.</strong></span> <span class='ocrx_word' id='word_1_575' title='bbox 1292 4793 1404 4854; x_wconf 89' lang='lat' dir='ltr'><strong>tutem</strong></span> <span class='ocrx_word' id='word_1_576' title='bbox 1418 4773 1553 4848; x_wconf 83' lang='lat' dir='ltr'><strong>invidia</strong></span> <span class='ocrx_word' id='word_1_577' title='bbox 1570 4773 1777 4848; x_wconf 72' lang='lat' dir='ltr'><strong>comitatum·</strong></span> <span class='ocrx_word' id='word_1_578' title='bbox 2072 4825 2076 4836; x_wconf 81' lang='lat'><em>-</em></span> 
     </span>
    </p>

    <p class='ocr_par' dir='ltr' id='par_1_7' title="bbox 264 4872 2274 5374">
     <span class='ocr_line' id='line_1_46' title="bbox 283 4872 2274 4976; baseline -0.001 -18"><span class='ocrx_word' id='word_1_579' title='bbox 283 4909 286 4916; x_wconf 74' lang='grc'>’</span> <span class='ocrx_word' id='word_1_580' title='bbox 316 4919 318 4924; x_wconf 88' lang='grc'><strong><em>·</em></strong></span> <span class='ocrx_word' id='word_1_581' title='bbox 364 4883 514 4976; x_wconf 86' lang='lat' dir='ltr'><strong>Semper</strong></span> <span class='ocrx_word' id='word_1_582' title='bbox 535 4890 653 4952; x_wconf 88' lang='lat' dir='ltr'><strong>autem</strong></span> <span class='ocrx_word' id='word_1_583' title='bbox 673 4876 785 4951; x_wconf 81' lang='lat' dir='ltr'><strong>veteri</strong></span> <span class='ocrx_word' id='word_1_584' title='bbox 803 4875 981 4962; x_wconf 85' lang='lat' dir='ltr'><strong>Laconico</strong></span> <span class='ocrx_word' id='word_1_585' title='bbox 1001 4901 1101 4948; x_wconf 90' lang='lat' dir='ltr'><strong>more</strong></span> <span class='ocrx_word' id='word_1_586' title='bbox 1120 4878 1243 4970; x_wconf 85' lang='lat' dir='ltr'><strong>proxi·</strong></span> <span class='ocrx_word' id='word_1_587' title='bbox 1393 4876 1438 4950; x_wconf 95' lang='lat' dir='ltr'><strong>ln</strong></span> <span class='ocrx_word' id='word_1_588' title='bbox 1452 4872 1549 4948; x_wconf 88' lang='lat' dir='ltr'><strong>hunc</strong></span> <span class='ocrx_word' id='word_1_589' title='bbox 1564 4873 1716 4967; x_wconf 76' lang='lat' dir='ltr'><strong>vitigem</strong></span> <span class='ocrx_word' id='word_1_590' title='bbox 1731 4874 1922 4946; x_wconf 82' lang='lat' dir='ltr'><strong>adductum</strong></span> <span class='ocrx_word' id='word_1_591' title='bbox 1933 4872 2274 4974; x_wconf 83' lang='lat' dir='ltr'><strong>Constantinopolin</strong></span> 
     </span>
     <span class='ocr_line' id='line_1_47' title="bbox 264 4969 2272 5076; baseline -0.001 -18"><span class='ocrx_word' id='word_1_592' title='bbox 264 5006 342 5058; x_wconf 89' lang='lat' dir='ltr'><strong>mos</strong></span> <span class='ocrx_word' id='word_1_593' title='bbox 364 4986 458 5076; x_wconf 89' lang='lat' dir='ltr'><strong>apud</strong></span> <span class='ocrx_word' id='word_1_594' title='bbox 488 5005 525 5052; x_wconf 90' lang='lat' dir='ltr'><strong>se</strong></span> <span class='ocrx_word' id='word_1_595' title='bbox 547 4980 701 5053; x_wconf 91' lang='lat' dir='ltr'><strong>delectos</strong></span> <span class='ocrx_word' id='word_1_596' title='bbox 728 4977 864 5072; x_wconf 86' lang='lat' dir='ltr'><strong>equites</strong></span> <span class='ocrx_word' id='word_1_597' title='bbox 890 4972 1016 5048; x_wconf 90' lang='lat' dir='ltr'><strong>babuit</strong></span> <span class='ocrx_word' id='word_1_598' title='bbox 1038 4975 1243 5068; x_wconf 84' lang='lat' dir='ltr'><strong>Belisarius,</strong></span> <span class='ocrx_word' id='word_1_599' title='bbox 1290 4978 1509 5052; x_wconf 77' lang='lat' dir='ltr'><strong>lastinianus</strong></span> <span class='ocrx_word' id='word_1_600' title='bbox 1529 4969 1624 5049; x_wconf 87' lang='lat' dir='ltr'><strong>nihil</strong></span> <span class='ocrx_word' id='word_1_601' title='bbox 1645 4995 1769 5066; x_wconf 79' lang='lat' dir='ltr'><strong>aspere</strong></span> <span class='ocrx_word' id='word_1_602' title='bbox 1788 4975 1992 5064; x_wconf 76' lang='lat' dir='ltr'><strong>emetitnit,</strong></span> <span class='ocrx_word' id='word_1_603' title='bbox 2017 4981 2105 5074; x_wconf 77' lang='lat' dir='ltr'><strong>qnia</strong></span> <span class='ocrx_word' id='word_1_604' title='bbox 2121 4983 2272 5073; x_wconf 65' lang='lat' dir='ltr'><strong>perfidia</strong></span> 
     </span>
     <span class='ocr_line' id='line_1_48' title="bbox 264 5073 2271 5172; baseline -0.001 -14"><span class='ocrx_word' id='word_1_605' title='bbox 264 5082 714 5166; x_wconf 80' lang='lat' dir='ltr'><strong>excellenteslortitudine,</strong></span> <span class='ocrx_word' id='word_1_606' title='bbox 739 5078 885 5150; x_wconf 67' lang='lat' dir='ltr'><strong>seierum</strong></span> <span class='ocrx_word' id='word_1_607' title='bbox 910 5077 961 5148; x_wconf 87' lang='lat' dir='ltr'><strong>rei</strong></span> <span class='ocrx_word' id='word_1_608' title='bbox 975 5078 1159 5172; x_wconf 89' lang='lat' dir='ltr'><strong>militaris,</strong></span> <span class='ocrx_word' id='word_1_609' title='bbox 1184 5083 1243 5154; x_wconf 93' lang='lat' dir='ltr'><strong>iu-</strong></span> <span class='ocrx_word' id='word_1_610' title='bbox 1274 5103 1438 5154; x_wconf 75' lang='lat' dir='ltr'><strong>¹sueretu</strong></span> <span class='ocrx_word' id='word_1_611' title='bbox 1461 5090 1584 5170; x_wconf 83' lang='lat' dir='ltr'><strong>captas</strong></span> <span class='ocrx_word' id='word_1_612' title='bbox 1603 5087 1690 5150; x_wconf 85' lang='lat' dir='ltr'><strong>erat.</strong></span> <span class='ocrx_word' id='word_1_613' title='bbox 1752 5073 1841 5148; x_wconf 81' lang='lat' dir='ltr'><strong>ideo</strong></span> <span class='ocrx_word' id='word_1_614' title='bbox 1863 5091 2010 5168; x_wconf 78' lang='lat' dir='ltr'><strong>propter</strong></span> <span class='ocrx_word' id='word_1_615' title='bbox 2035 5084 2271 5154; x_wconf 66' lang='grc' dir='ltr'><strong>κνειεπῖὶειη</strong></span> 
     </span>
     <span class='ocr_line' id='line_1_49' title="bbox 265 5176 2272 5274; baseline -0.004 -15"><span class='ocrx_word' id='word_1_616' title='bbox 265 5186 365 5259; x_wconf 87' lang='lat' dir='ltr'><strong>sticia</strong></span> <span class='ocrx_word' id='word_1_617' title='bbox 380 5185 501 5258; x_wconf 79' lang='lat' dir='ltr'><strong>aalide.</strong></span> <span class='ocrx_word' id='word_1_618' title='bbox 535 5177 680 5253; x_wconf 70' lang='lat' dir='ltr'><strong>abba</strong></span> <span class='ocrx_word' id='word_1_619' title='bbox 695 5197 778 5254; x_wconf 88' lang='lat' dir='ltr'><strong>tunc</strong></span> <span class='ocrx_word' id='word_1_620' title='bbox 794 5203 936 5274; x_wconf 81' lang='lat' dir='ltr'><strong>quoque</strong></span> <span class='ocrx_word' id='word_1_621' title='bbox 951 5179 1101 5250; x_wconf 84' lang='lat' dir='ltr'><strong>fideliter</strong></span> <span class='ocrx_word' id='word_1_622' title='bbox 1116 5187 1242 5258; x_wconf 62' lang='lat' dir='ltr'><strong>dotem</strong></span> <span class='ocrx_word' id='word_1_623' title='bbox 1290 5183 1377 5274; x_wconf 82' lang='lat' dir='ltr'><strong>segii</strong></span> <span class='ocrx_word' id='word_1_624' title='bbox 1392 5179 1547 5253; x_wconf 78' lang='lat' dir='ltr'><strong>messinis</strong></span> <span class='ocrx_word' id='word_1_625' title='bbox 1560 5177 1643 5248; x_wconf 85' lang='lat' dir='ltr'><strong>lecit</strong></span> <span class='ocrx_word' id='word_1_626' title='bbox 1665 5198 1748 5248; x_wconf 86' lang='lat' dir='ltr'><strong>cum</strong></span> <span class='ocrx_word' id='word_1_627' title='bbox 1770 5176 1974 5269; x_wconf 80' lang='lat' dir='ltr'><strong>patricium.</strong></span> <span class='ocrx_word' id='word_1_628' title='bbox 2022 5177 2128 5254; x_wconf 84' lang='lat' dir='ltr'><strong>Gotti</strong></span> <span class='ocrx_word' id='word_1_629' title='bbox 2149 5203 2272 5274; x_wconf 80' lang='lat' dir='ltr'><strong>negem</strong></span> 
     </span>
     <span class='ocr_line' id='line_1_50' title="bbox 266 5271 2271 5374; baseline -0.005 -16"><span class='ocrx_word' id='word_1_630' title='bbox 266 5309 326 5359; x_wconf 83' lang='lat' dir='ltr'><strong>sus</strong></span> <span class='ocrx_word' id='word_1_631' title='bbox 340 5300 412 5370; x_wconf 86' lang='lat' dir='ltr'><strong>est,</strong></span> <span class='ocrx_word' id='word_1_632' title='bbox 436 5299 471 5356; x_wconf 90' lang='lat' dir='ltr'><strong>et</strong></span> <span class='ocrx_word' id='word_1_633' title='bbox 487 5282 656 5374; x_wconf 82' lang='lat' dir='ltr'><strong>pugnavit</strong></span> <span class='ocrx_word' id='word_1_634' title='bbox 671 5283 748 5370; x_wconf 86' lang='lat' dir='ltr'><strong>ipse</strong></span> <span class='ocrx_word' id='word_1_635' title='bbox 762 5305 825 5350; x_wconf 89' lang='lat' dir='ltr'><strong>suo</strong></span> <span class='ocrx_word' id='word_1_636' title='bbox 840 5279 919 5350; x_wconf 91' lang='lat' dir='ltr'><strong>loco</strong></span> <span class='ocrx_word' id='word_1_637' title='bbox 939 5281 1150 5370; x_wconf 79' lang='lat' dir='ltr'><strong>fortissime,</strong></span> <span class='ocrx_word' id='word_1_638' title='bbox 1173 5288 1240 5358; x_wconf 83' lang='lat' dir='ltr'><strong>do·</strong></span> <span class='ocrx_word' id='word_1_639' title='bbox 1289 5297 1453 5356; x_wconf 74' lang='lat' dir='ltr'><strong>mearum</strong></span> <span class='ocrx_word' id='word_1_640' title='bbox 1466 5271 1715 5358; x_wconf 68' lang='lat' dir='ltr'><strong>lesatensem,</strong></span> <span class='ocrx_word' id='word_1_641' title='bbox 1741 5278 1807 5370; x_wconf 74' lang='lat' dir='ltr'><strong>apri</strong></span> <span class='ocrx_word' id='word_1_642' title='bbox 1827 5299 1909 5353; x_wconf 80' lang='lat' dir='ltr'><strong>crana</strong></span> <span class='ocrx_word' id='word_1_643' title='bbox 1925 5275 2057 5370; x_wconf 76' lang='lat' dir='ltr'><strong>vitigis</strong></span> <span class='ocrx_word' id='word_1_644' title='bbox 2077 5297 2271 5374; x_wconf 69' lang='lat' dir='ltr'><strong>cognatu.</strong></span> 
     </span>
    </p>
   </div>
   <div class='ocr_carea' id='block_1_5' title="bbox 264 5377 2272 5471">
    <p class='ocr_par' dir='ltr' id='par_1_8' title="bbox 264 5377 2272 5471">
     <span class='ocr_line' id='line_1_51' title="bbox 264 5377 2272 5471; baseline -0.002 -14"><span class='ocrx_word' id='word_1_645' title='bbox 264 5409 330 5456; x_wconf 87' lang='lat' dir='ltr'><strong>nec</strong></span> <span class='ocrx_word' id='word_1_646' title='bbox 343 5385 382 5456; x_wconf 87' lang='lat' dir='ltr'><strong>in</strong></span> <span class='ocrx_word' id='word_1_647' title='bbox 399 5385 525 5456; x_wconf 91' lang='lat' dir='ltr'><strong>collem</strong></span> <span class='ocrx_word' id='word_1_648' title='bbox 544 5379 735 5452; x_wconf 80' lang='lat' dir='ltr'><strong>intervallo</strong></span> <span class='ocrx_word' id='word_1_649' title='bbox 756 5381 967 5452; x_wconf 84' lang='lat' dir='ltr'><strong>mediocria</strong></span> <span class='ocrx_word' id='word_1_650' title='bbox 989 5382 1112 5462; x_wconf 77' lang='lat' dir='ltr'><strong>castris</strong></span> <span class='ocrx_word' id='word_1_651' title='bbox 1134 5389 1239 5464; x_wconf 80' lang='lat' dir='ltr'><strong>disd-</strong></span> <span class='ocrx_word' id='word_1_652' title='bbox 1287 5383 1537 5469; x_wconf 80' lang='lat' dir='ltr'><strong>interierisset,</strong></span> <span class='ocrx_word' id='word_1_653' title='bbox 1565 5399 1640 5454; x_wconf 84' lang='lat' dir='ltr'><strong>non</strong></span> <span class='ocrx_word' id='word_1_654' title='bbox 1662 5377 1799 5454; x_wconf 80' lang='lat' dir='ltr'><strong>diutius</strong></span> <span class='ocrx_word' id='word_1_655' title='bbox 1820 5385 1917 5470; x_wconf 71' lang='lat' dir='ltr'><strong>nno</strong></span> <span class='ocrx_word' id='word_1_656' title='bbox 1945 5381 2120 5471; x_wconf 81' lang='lat' dir='ltr'><strong>regnarit.</strong></span> <span class='ocrx_word' id='word_1_657' title='bbox 2176 5381 2272 5458; x_wconf 79' lang='lat' dir='ltr'><strong>Nem</strong></span> 
     </span>
    </p>
   </div>
   <div class='ocr_carea' id='block_1_6' title="bbox 0 0 2381 5812">
    <p class='ocr_par' dir='ltr' id='par_1_9' title="bbox 0 0 2381 5812">
     <span class='ocr_line' id='line_1_52' title="bbox 0 0 2381 5812; baseline 0 0"><span class='ocrx_word' id='word_1_658' title='bbox 0 0 2381 5812; x_wconf 95' lang='lat' dir='ltr'><strong> </strong></span> 
     </span>
    </p>
   </div>
  </div>
 </body>
</html>
