4604 5804
217 325 292 402 747
461 308 674 389 SCRIPTA
700 245 777 381 PII.
804 302 924 381 Mun:
951 301 1019 378 AD
1046 299 1175 381 tttsT.
1200 303 1348 428 PROP.
1372 303 1439 379 ΕΤ
1467 305 1657 384 PHILOS.
1684 306 2006 387 SPECTAN'I’IA.
2166 315 2231 392 748

210 495 215 500 ’
318 489 389 560 Ηὶε
404 483 602 576 cogitentur
613 495 769 551 caeterae
783 473 955 548 historiae
973 470 1207 567 comprehen-
1259 477 1402 563 derant,
1429 491 1463 548 et
1484 478 1632 565 scirent,
1655 481 1908 572 promissiones
1930 483 2069 553 divinas
2090 485 2232 576 patribus

222 619 278 671 sae
303 593 344 662 iu
364 587 498 671 Moise,
531 587 576 654 de
601 577 803 664 Abraham,
836 581 881 648 de
905 577 1085 649 oblatione
1102 575 1209 662 Isaac,
1260 577 1304 646 de
1325 579 1528 669 occupanda
1553 593 1587 648 et
1610 583 1763 651 tenenda
1785 579 1960 653 Palestina
1990 585 2135 655 traditas
2161 607 2233 670 esse,

223 703 266 770 de
286 693 368 765 filiis
382 688 497 768 Isaac,
525 684 631 755 Iacob
650 695 684 752 et
699 679 815 765 Esau,
846 681 891 749 dc
914 675 1209 770 peregrinationi·
1260 673 1427 749 humanis
1441 679 1598 749 consiliis
1613 683 1765 750 voluisse
1781 698 1942 754 excutere
1959 689 2176 767 servitutem,
2206 703 2234 758 ct

220 803 288 870 bus
310 792 415 864 Iacob
441 801 475 858 et
494 787 576 856 liliis
596 785 681 853 eius.
733 778 781 852 Et
799 781 1059 864 consideretur,
1094 779 1210 872 qualis
1260 778 1411 852 confisos
1433 803 1506 850 esse
1529 781 1701 871 singulari
1726 785 1863 872 generis
1889 787 2120 876 praestantia,
2152 789 2234 878 quod

219 885 446 970 illaEcclesia
462 887 581 972 fuerit,
607 907 698 978 quae
714 882 889 967 doctriua,
914 905 1004 974 quae
1021 902 1210 949 aerumnae
1261 896 1375 953 essent
1399 882 1471 952 orti
1493 905 1513 951 a
1539 877 1686 972 Ioseph,
1720 897 1754 954 et
1775 886 1992 975 amplissima
2019 887 2234 980 promissione

219 1013 254 1072 et
276 994 519 1082 liberationes,
552 1009 641 1080 quae
665 983 865 1057 testimonia
894 981 1113 1074 praesentiae
1138 977 1210 1050 Dei
1261 997 1407 1053 ornatus
1422 996 1511 1054 esset
1525 979 1818 1074 paterEphraim.
1852 983 1928 1056 Hac
1943 987 2070 1058 fiducia
2086 985 2235 1076 humana,

218 1097 364 1172 tuerint.
414 1091 486 1162 Hic
501 1089 596 1160 enim
612 1085 768 1158 breviter
787 1107 967 1155 annorum
988 1082 1210 1152 arteman·
1261 1105 1340 1152 cum
1358 1083 1435 1152 sine
1452 1083 1773 1154 vocationedivina
1795 1085 1930 1156 bellum
1953 1089 2162 1170 movissent,
2185 1113 2234 1158 re-

218 1213 396 1274 notamus.
1261 1185 1355 1276 pulsi
1370 1198 1409 1255 et·
1421 1183 1596 1255 interlecti
1618 1197 1715 1256 sunt.
1767 1184 1809 1256 Id
1825 1189 2027 1278 exemplum
2041 1203 2177 1271 monet,
2197 1213 2236 1260 nc

320 1290 598 1385 Diligentissime
614 1313 698 1360 vero
719 1285 964 1358 consideretur
987 1277 1135 1355 historia
1150 1279 1211 1353 Io-
1260 1281 1419 1356 Ecclesia
1438 1285 1515 1356 sine
1534 1286 1718 1358 vocatione
1741 1287 1864 1357 divina
1887 1289 2022 1361 bellurn
2044 1303 2180 1360 moveat
2197 1291 2235 1360 ad

219 1393 325 1491 seph,
350 1420 414 1489 per
434 1415 538 1489 quem
561 1415 709 1482 regnum
725 1383 960 1482 Aegyptium,
985 1409 1027 1454 eo
1052 1399 1210 1475 tempore
1261 1386 1465 1457 servitutem
1506 1409 1695 1478 corporum
1737 1389 2002 1472 excutiendam,
2051 1392 2112 1462 sed
2152 1391 2235 1474 sciat,

220 1497 522 1579 florentissimum,
543 1492 774 1563 constitutum
789 1501 851 1574 εει,
875 1499 909 1558 ει
924 1497 1112 1578 propagata
1128 1507 1210 1554 vera
1262 1483 1378 1556 Deum
1393 1487 1499 1555 etiam
1522 1487 1617 1556 inter
1637 1488 1770 1556 medias
1790 1491 1978 1560 aerumnas
1998 1491 2173 1564 servitutis
2190 1505 2236 1562 ta·

221 1600 383 1674 doctriua
400 1599 445 1667 de
460 1593 536 1666 Deo
555 1594 594 1662 in
608 1614 737 1682 magna
752 1586 904 1683 Aegypti
919 1601 1031 1679 parte.
1263 1609 1344 1657 rnen
1363 1609 1445 1657 suas
1458 1588 1628 1680 reliquias
1642 1603 1862 1660 servaturum
1877 1613 1962 1661 esse.

320 1693 465 1769 Iacob
490 1695 559 1766 luit
578 1716 755 1764 annorum
770 1689 965 1780 nonaginta
978 1686 1104 1772 unius,
1129 1708 1210 1756 cum
1364 1686 1489 1758 Postea
1505 1703 1706 1780 exasperata
1731 1703 1784 1761 est
1800 1693 1968 1785 tyrannis
1991 1715 2115 1783 regum
2132 1690 2235 1786 Aegy-

221 1803 254 1878 ei
269 1825 310 1876 ex
324 1793 461 1872 Rachel
478 1809 583 1866 natus
599 1808 651 1865 est
665 1792 759 1862 lilius
773 1785 803 1860 I
807 1813 880 1860 oss
885 1783 955 1886 ph.
1262 1787 1416 1880 ptioruur
1433 1801 1556 1859 contra
1573 1787 1765 1875 Israelitas,
1789 1793 1834 1860 de
1852 1815 1922 1885 qua
1944 1795 2082 1883 legatur
2104 1789 2235 1864 histmia

323 1895 351 1968 l
356 1890 494 1993 ossplt
514 1920 609 1966 anuo
623 1894 770 1985 septimo
786 1893 923 1962 decimo
938 1892 1060 1964 aetatis
1075 1911 1158 1962 suae
1171 1888 1210 1958 in
1262 1891 1302 1959 in
1317 1887 1455 1966 Exodo.
1506 1888 1590 1960 Ideo
1607 1891 1903 1981 arsemina-egon
1923 1893 2188 1976 florentissimo,
2208 1907 2236 1962 et

221 2001 422 2097 Aegyptum
437 1999 601 2068 venditus
617 2009 686 2079 est,
712 1994 854 2063 vivente
873 1986 989 2062 adhuc
1006 1991 1121 2081 Isaac,
1148 1990 1211 2084 qui
1264 1989 1304 2059 in
1335 2004 1432 2063 tanta
1462 1990 1693 2061 multitudine
1725 1989 1964 2063 israelitarum
2004 1996 2045 2063 iu
2078 1995 2174 2064 exitu·
2201 2017 2235 2062 ex

220 2099 454 2174 in-communi
471 2099 594 2167 dolore
610 2110 644 2168 et
657 2097 756 2165 luctu
770 2093 858 2178 tuit,
883 2117 963 2162 cum
977 2093 1051 2162 lilio
1069 2089 1185 2164 Iacob.
1262 2087 1440 2185 Aegypto,
1465 2103 1500 2162 et
1511 2092 1551 2160 in
1566 2091 1694 2161 vicinis
1707 2093 1882 2180 gentibus,
1907 2105 1958 2163 tot
1973 2092 2127 2166 illustria
2141 2095 2233 2163 ruira-

326 2201 556 2274 visitantem
573 2196 669 2268 Isaac
691 2208 771 2288 post
791 2193 977 2265 venditum
993 2189 1122 2286 Ioseph
1145 2213 1211 2262 au·
1256 2192 1342 2262 ¹cula
1360 2188 1632 2274 exhibituum,
1657 2191 1740 2284 quia
1757 2189 1854 2263 Deus
1874 2195 2071 2266 certissima
2093 2197 2234 2266 testimo·

219 2326 285 2378 nos
300 2300 499 2375 duodecim.
1262 2292 1322 2362 nia
1345 2295 1389 2361 de
1411 2315 1485 2362 sese
1505 2305 1542 2363 et
1563 2295 1690 2362 desua
1712 2292 1808 2381 lege,
1845 2295 1890 2362 de
1913 2297 2164 2385 promissione,
2198 2296 2233 2362 dc

323 2395 453 2493 loseph
476 2423 555 2470 curn
577 2411 666 2470 esset
684 2396 828 2488 triginta
848 2417 1044 2481 annorum,
1069 2417 1112 2464 ex
1133 2415 1211 2465 car·
1262 2391 1469 2464 collectione
1480 2387 1658 2463 Ecclesiae
1673 2393 1829 2484 conspici
1844 2397 1978 2480 voluit,
2001 2421 2094 2491 quae
2107 2398 2233 2492 quidem

223 2528 301 2577 cere
324 2501 515 2588 liberatur,
545 2515 580 2572 et
600 2499 829 2571 constituitur
849 2495 1018 2586 Princeps
1038 2497 1079 2566 in
1100 2517 1209 2586 regno
1263 2494 1409 2584 cogitari
1439 2495 1515 2563 vult
1543 2493 1710 2564 omnibus
1740 2495 1931 2576 aetatibus,
1970 2512 2011 2569 ut
2030 2498 2179 2568 assensio
2198 2497 2233 2564 de

199 2613 202 2622 '
223 2604 418 2700 Aegyptio,
443 2616 486 2673 ut
501 2625 575 2692 cap.
593 2597 655 2673 41.
673 2597 822 2669 Genesis
835 2598 1004 2688 scriptum
1021 2609 1083 2667 est.
1262 2593 1338 2665 Deo
1366 2609 1401 2667 et
1422 2598 1465 2664 de
1485 2607 1557 2665 tota
1573 2590 1748 2664 Ecclesiae
1769 2596 1930 2666 doctrina
1949 2597 1987 2666 iu
2001 2601 2108 2668 nobis
2122 2599 2233 2668 confir·
2284 2631 2285 2634 ¹

322 2705 449 2775 Postea
466 2726 544 2771 cum
567 2702 676 2770 fames
698 2712 851 2792 sequuta·
869 2711 942 2782 est,
972 2699 1086 2768 forma
1110 2696 1211 2786 regni
1263 2711 1390 2768 metor.
1442 2696 1510 2767 Sed
1529 2695 1732 2789 priusquam
1748 2697 1793 2766 ad
1809 2719 1886 2767 eam
1904 2693 2092 2770 historiam
2115 2697 2234 2770 accedi·

204 2801 431 2900 'Aegyptiaci
466 2802 657 2874 constituta
693 2814 763 2884 est,
802 2811 836 2869 et
873 2799 1008 2870 tributa
1046 2797 1210 2868 ordinata
1263 2821 1359 2884 mus,
1384 2796 1822 2868 brevissimededoctriua
1838 2796 1943 2874 Iacob
1959 2799 2128 2872 dicamus.

222 2919 328 2990 suut,
351 2905 611 2975 etsacerdotum
627 2901 775 2991 collegio
788 2898 925 2970 reditus
938 2899 1098 2970 attributi
1117 2910 1212 2982 sunt,
1363 2895 1556 2968 Promissio
1570 2898 1697 2968 tradita
1713 2893 1880 2970 Abrahae
1894 2901 2106 2988 desemine,
2128 2901 2233 2972 reddi·

221 3019 263 3078 ut
279 3017 393 3077 essent
408 3003 590 3074 doctrinae
603 3003 776 3074 custodes.
826 2996 905 3071 Etsi
919 3010 1036 3070 autem
1050 2999 1210 3070 doctrina
1264 3010 1343 3069 turo
1367 2998 1471 3068 nobis
1503 2997 1678 3068 iusticiam
1711 3012 1747 3070 et
1770 2999 1879 3070 vitam
1903 3015 2103 3088 aeternam,
2133 3003 2233 3072 deleto

222 3109 268 3178 de
289 3103 367 3176 Deo
390 3119 469 3195 post
491 3097 618 3193 loseph
640 3114 775 3172 mutata
804 3113 873 3184 est,
911 3112 947 3170 et
974 3111 1054 3192 post
1078 3099 1209 3169 exitum
1263 3110 1404 3188 peccato
1432 3113 1465 3167 et
1489 3098 1620 3168 abolita
1644 3113 1778 3184 morte,
1804 3101 1874 3192 ipsi
1895 3103 2043 3196 repetita
2065 3118 2117 3175 est
2130 3101 2232 3174 Gene-

221 3205 463 3278 Israiilitarum
482 3226 523 3270 ex
539 3199 719 3295 Aegypto,
741 3214 775 3272 et
797 3222 899 3290 saepe
921 3211 1041 3292 postea
1064 3220 1211 3288 magnae
1263 3199 1310 3267 sis
1324 3199 1385 3268 28.
1433 3194 1481 3270 Et
1494 3193 1586 3268 hauc
1601 3211 1693 3268 recte
1710 3200 1924 3272 intellectam
1939 3225 2013 3274 esse
2033 3207 2078 3276 de
2098 3201 2232 3276 aeternis

223 3305 324 3396 regni
346 3303 559 3374 vastationes
579 3303 801 3386 acciderunt,
838 3311 958 3369 tamen
980 3300 1142 3369 doctrina
1167 3301 1212 3368 de
1263 3300 1387 3380 bonis,
1421 3313 1455 3370 et
1477 3299 1685 3370 collectione
1705 3315 1867 3373 aeternae
1885 3299 2083 3392 Ecclesiae,
2115 3315 2233 3376 coastat

221 3406 380 3478 motibus
397 3403 626 3488 coelestibus,
650 3415 684 3472 et
703 3403 747 3472 de
761 3397 886 3472 ustura
900 3423 1020 3469 rerum
1042 3413 1211 3491 tempore,
1262 3415 1381 3494 postea
1395 3423 1436 3468 ex
1451 3400 1683 3469 concionibus
1698 3400 1808 3491 ipsius
1818 3399 1933 3483 Iacob,
1949 3419 1990 3476 ut
2006 3430 2089 3476 cum
2105 3403 2232 3497 capta.
2284 3439 2285 3456 ι

223 3505 408 3602 Assyriae,
432 3504 614 3588 Persicae,
639 3499 796 3572 Graecae
816 3515 851 3572 et
866 3497 1069 3581 Romanae,
1098 3523 1211 3593 usque
1263 3503 1397 3594 inquit:
1435 3499 1531 3570 Deus
1559 3500 1745 3570 benedicat
1773 3495 1829 3570 Iris
1853 3505 1990 3594 pueris,
2024 3520 2061 3578 et
2082 3505 2233 3598 Angelus,

224 3609 270 3677 ad
294 3606 494 3676 barbariem
510 3597 786 3675 Mahomcticam
794 3652 808 3688 ,
831 3601 905 3670 fere
922 3601 1036 3671 tribus
1051 3599 1211 3671 millibus
1264 3600 1879 3695 quieripuitrnedecunctismalis.
1925 3603 1994 3677 Hic
2008 3621 2041 3678 et
2052 3605 2163 3678 Deum
2177 3629 2233 3674 no-

224 3731 412 3780 annorum.
1263 3703 1394 3786 minat,
1417 3717 1452 3771 et
1467 3701 1630 3770 nominat
1644 3699 1840 3792 Angelum,
1865 3705 2029 3779 videlicet
2042 3711 2154 3780 filium
2167 3703 2232 3785 Dei,

327 3805 433 3876 Iacob
461 3805 643 3875 descendit
671 3802 710 3874 in
733 3797 932 3898 Aegyptum
964 3825 1057 3872 anno
1089 3797 1211 3871 aetatis
1263 3796 1393 3901 λόγον,
1420 3803 1566 3871 missum
1582 3804 1626 3872 ad
1647 3815 1779 3892 patres,
1804 3819 1839 3878 et
1860 3801 1956 3876 huuc
1981 3810 2150 3893 affirmat,
2170 3829 2231 3875 non

224 3930 307 3978 suae
323 3905 512 3976 centesimo
528 3905 716 3988 tricesimo,
740 3902 828 3974 vixit
842 3927 955 3973 annos
969 3915 1107 3971 centum
1123 3923 1212 3993 qua·
1263 3916 1563 3974 essecreaturam:
1597 3903 1681 3997 quia
1697 3903 1803 3992 dicit,
1827 3928 1864 3976 se
1877 3931 1940 3999 per
1960 3904 2058 3980 huuc
2072 3909 2231 4000 Angelum

225 4006 389 4096 draginta
410 4018 554 4096 septem.
612 4001 697 4074 Fuit
717 4002 826 4091 igitur
849 4005 890 4073 in
908 3999 1067 4097 Aegypto
1089 4001 1212 4071 fruens
1263 4003 1561 4088 acunctismalis,
1586 4007 2231 4096 apeccatisetmortcliberatumessc.

225 4106 428 4178 dulcissima
445 4105 702 4176 cousuetudine
715 4103 781 4172 lilii
799 4097 926 4196 Ioseph
951 4126 1063 4172 annos
1078 4114 1211 4194 septem
1263 4102 1358 4175 Haec
1375 4119 1510 4176 vetusta
1526 4106 1728 4176 testimonia
1744 4109 1789 4176 de
1808 4105 1883 4179 filio
1897 4107 1965 4179 Dei
1986 4134 2091 4203 saepe
2115 4110 2230 4200 cogite·

226 4223 261 4278 et
274 4209 407 4292 decem.
439 4203 493 4277 Ac
508 4205 630 4275 videns
643 4205 827 4275 lloreutem
841 4205 943 4295 regni
955 4217 1095 4289 statum,
1114 4204 1210 4296 quod
1262 4227 1359 4291 mus,
1384 4220 1424 4277 ut
1445 4205 1614 4289 sciamus,
1639 4229 1721 4276 vere
1743 4209 1858 4280 filium
1881 4231 1955 4280 esse
1978 4205 2228 4307 ὑφιστάμενον,

223 4321 310 4380 tunc
324 4303 608 4396 habebatregem
630 4306 748 4397 pium,
782 4329 861 4375 curn
883 4327 954 4399 quo
976 4327 1079 4396 saepe
1100 4305 1211 4376 collo-
1262 4307 1367 4379 etlam
1382 4323 1463 4378 ante
1477 4325 1690 4398 assumptam
1705 4301 1897 4380 humanam
1912 4325 2088 4395 naturam,
2108 4326 2140 4384 et
2154 4331 2230 4381 sem-

223 4409 419 4504 quebatur,
444 4409 479 4478 et
498 4407 560 4508 qui
579 4407 648 4477 late
664 4407 851 4500 propagari
871 4429 988 4476 veram
1013 4405 1211 4476 doctrinam
1262 4432 1325 4499 per
1353 4409 1505 4480 adfuisse
1525 4405 1721 4489 Ecclesiae,
1759 4411 1848 4481 sicut
1881 4425 1915 4486 et
1940 4411 2085 4485 Ireueus
2114 4410 2228 4504 inquit:

224 4510 380 4596 curavit,
404 4507 438 4580 et
452 4508 574 4578 multis
597 4507 724 4577 vicinis
745 4509 907 4596 gentibus
931 4508 970 4577 in
991 4509 1083 4580 farne
1106 4529 1210 4600 opem
1262 4509 1410 4602 Semper
1424 4509 1537 4580 adluit
1552 4510 1673 4599 generi
1689 4504 1844 4581 humano
1857 4511 2050 4588 ΛΟΓΟΣ.
2103 4511 2152 4586 Ita
2172 4511 2230 4579 sint

222 4611 317 4683 tulit.
1262 4625 1384 4682 nostra
1400 4605 1567 4680 chronica
1584 4607 1812 4684 Narrationes
1827 4635 1903 4682 non
1926 4627 2063 4686 tantum
2087 4618 2131 4684 de
2148 4611 2228 4700 regi·

325 4705 455 4805 Ioseph
478 4709 566 4782 vixit
593 4731 706 4781 annos
728 4720 870 4781 centum
894 4721 929 4780 et
948 4709 1080 4782 decem.
1136 4703 1210 4778 Nec
1261 4712 1327 4781 bus
1341 4710 1511 4804 politicis,
1538 4711 1599 4779 sed
1618 4711 1731 4783 multo
1753 4713 1863 4802 magis
1887 4717 1932 4784 de
1952 4709 2021 4786 hoc
2042 4739 2138 4807 rege,
2167 4711 2228 4780 lilio

221 4809 306 4878 inde
321 4834 433 4905 usque
450 4805 661 4903 alosephad
677 4825 834 4902 tempora
847 4809 1078 4882 certaminum
1087 4805 1210 4895 Moisi,
1259 4810 1346 4898 Dei,
1383 4824 1419 4882 et
1441 4812 1487 4881 de
1509 4811 1584 4882 eius
1605 4813 1802 4902 praesentia
1823 4817 1863 4884 in
1885 4816 2052 4889 omuibus
2072 4811 2228 4886 mirandis

223 4909 293 4980 alia
309 4903 454 4984 historia
470 4914 514 4983 de
531 4909 700 4984 Israiilitis
723 4913 909 4997 recitatur,
942 4925 1080 5002 praeter
1104 4933 1209 5001 expe-
1259 4913 1427 5006 operibus
1445 4911 1484 4981 in
1500 4907 1668 4986 Ecclesia.

222 5011 395 5084 ditionem
409 5012 563 5082 liliorum
572 5009 758 5108 Ephraim,
783 5037 872 5106 quae
887 5025 978 5106 estat
993 5011 1030 5079 ia
1048 5007 1207 5083 1.Paral.
1359 5011 1535 5085 Praedicit
1549 5011 1654 5083 etiarn
1665 5009 1771 5084 Iacob
1786 5027 1925 5108 tempus
1939 5011 2227 5088 adveutusSaIva·

122 5108 130 5120 '
223 5135 298 5204 cap.
308 5110 360 5198 7.,
380 5112 445 5183 ubi
459 5128 634 5195 narratur,
660 5109 932 5205 filiosEphraim
948 5113 1088 5183 duxisse
1108 5133 1206 5182 exer·
1258 5113 1367 5185 toris'
1412 5109 1460 5186 Et
1482 5112 1645 5183 nominat
1666 5135 1746 5184 eum
1769 5108 1890 5202 Siloh,
1924 5129 1965 5188 ut
1985 5117 2168 5210 significet,
2197 5131 2226 5179 se

220 5216 330 5286 citum
351 5215 397 5286 ad
419 5215 659 5303 occupandam
681 5213 916 5300 Palestinam,
948 5215 1088 5283 vivente
1107 5224 1205 5305 patre
1256 5216 1428 5306 respicere
1441 5217 1487 5286 ad
1502 5213 1653 5306 primam
1676 5213 1966 5308 promissionem,
1995 5217 2035 5289 in
2057 5241 2125 5312 qua
2147 5209 2226 5284 dici·

216 5311 410 5410 Ephraim,
435 5316 496 5385 sed
512 5311 711 5384 interfectos
728 5337 820 5383 esse..
852 5312 1137 5386 Consentaneum
1153 5329 1204 5385 est
1255 5328 1329 5386 tur:
1372 5313 1500 5386 Samen
1537 5310 1703 5386 mulieris
1734 5330 1893 5390 conteret
1923 5331 2027 5410 caput
2055 5311 2224 5411 serpentis.

221 5432 354 5507 autem,
378 5440 458 5499 eos,
489 5436 569 5484 cum
591 5409 693 5486 initia
715 5417 913 5504 tyrannidis
933 5409 1125 5509 Aegyptiae
1148 5414 1203 5483 vi·
1254 5411 1345 5490 Nam
1360 5414 1570 5512 etymologia
1590 5411 1622 5494 S
1630 5413 1647 5487 ι’
1653 5409 1732 5488 lolt
1755 5429 1823 5492 est:
1854 5409 1986 5517 χόριον
2007 5415 2126 5514 αὐτῆς,
2174 5409 2226 5484 Sir
