4726 5828
114 331 187 404 ιιι
652 325 813 404 nucu.
853 325 928 402 nn
961 324 1212 434 ruamus
1237 302 1578 448 ‘noctusran
2056 335 2129 413 ιιι

213 497 346 572 Differt
368 499 478 591 igitur
498 523 580 570 vera
606 495 772 594 Synodus
790 501 927 569 duabus
953 499 1057 568 rebus
1075 523 1095 571 a
1146 520 1259 592 usque
1281 499 1326 568 eb
1346 496 1471 586 initio,
1504 513 1538 572 et
1560 522 1634 569 esse
1653 499 1951 592 omnipotentem,
1983 527 2023 574 ac
2044 529 2126 578 vere

108 601 246 672 indicio
263 601 420 692 politico.
469 599 577 671 ludex
601 601 765 692 politicus
781 603 844 671 etsi
867 601 1095 694 ipsequoque
1146 623 1288 670 cernere
1304 615 1337 671 et
1352 599 1516 671 exaudire
1532 599 1681 692 gemitus
1695 615 1846 678 nostros.
1896 601 2053 675 Persicos
2070 629 2125 676 re-

108 727 181 774 vox
198 700 267 772 Dei
289 717 358 786 est,
385 714 417 771 ct
437 702 592 793 primum
617 725 742 772 sonare
758 702 963 791 decalogum
979 702 1095 785 debet,
1144 723 1203 790 ges
1226 701 1265 769 in
1290 701 1429 794 pompis
1450 701 1752 794 splendidioribus
1773 706 2000 776 antecedebat
2014 731 2126 800 equus

108 828 176 874 nec
200 803 416 875 contrarium
435 817 586 874 statuere
609 816 738 894 potest,
764 819 881 874 tamen
905 817 939 873 et
959 805 1003 871 de
1024 803 1094 871 cir·
1145 815 1283 892 gestans
1297 827 1393 872 aram
1409 803 1613 890 amineum,
1627 805 1665 872 in
1683 828 1754 897 quo
1767 818 1842 876 erat
1858 805 1949 896 ignia
1964 829 2070 892 sacer,
2084 819 2126 878 ut

109 905 333 975 cumstautiis
351 893 526 994 probabili
553 905 689 974 ratione
711 906 851 974 addere·
863 905 954 992 leges
972 916 1095 993 potest,
1144 902 1213 994 ipsi
1228 905 1461 974 nominabant
1477 899 1684 986 Orimaada,
1709 903 1772 996 qui
1787 901 1882 976 Deus
1895 928 1967 976 esse
1981 907 2124 978 diceba·
2233 925 2239 932 '

110 1020 148 1076 et
164 1007 324 1094 ambigua
341 1005 574 1096 interpretari,
597 1021 630 1076 et
646 1005 735 1077 valet
750 1003 993 1095 interpretatio
1010 1028 1094 1095 pro·
1144 1016 1213 1076 tur.
1264 1001 1359 1076 Num
1379 1005 1416 1074 id
1430 1006 1644 1075 credendum
1657 1007 1742 1091 fuit,
1767 1006 1850 1100 quia
1864 1005 2000 1078 Persica
2015 1009 2125 1078 colle-

112 1121 194 1199 pter
205 1107 424 1178 autoritatem
441 1106 571 1196 regiam
587 1129 647 1176 seu
662 1108 887 1196 praetoriam,
913 1107 998 1175 etvi
1015 1127 1094 1174 cor·
1144 1106 1199 1194 gia
1223 1105 1274 1174 sic
1299 1107 1537 1178 decreverant.
1589 1106 1763 1178 Procula
1788 1107 1892 1178 uobis
1918 1108 1996 1179 talis
2023 1109 2125 1178 furor

111 1205 451 1300 poralisenteutiam
471 1220 599 1280 tuetur.
639 1204 688 1278 At
708 1206 873 1300 Synodus
887 1207 937 1275 sic
952 1205 1093 1293 alligata
1144 1207 1248 1278 absit.
1291 1204 1390 1295 Quid
1405 1220 1520 1276 autem
1538 1207 1690 1278 similius
1705 1221 1755 1280 est
1771 1208 1825 1276 illi
1844 1205 2003 1278 Persicae
2022 1233 2125 1300 pom·

109 1323 162 1379 est
177 1305 386 1398 Evangelio,
403 1321 529 1378 utnon
546 1307 655 1398 possit
670 1309 798 1377 addere
813 1331 904 1377 nova
920 1310 1094 1394 dogmata,
1146 1329 1227 1398 pae,
1258 1331 1363 1400 quam
1395 1307 1554 1379 adoratio
1585 1308 1624 1377 iu
1655 1309 1981 1397 circumgestatione
2011 1309 2124 1401 panis,

109 1433 176 1480 nec
199 1409 313 1479 valcat
337 1409 578 1498 interpretatio
602 1422 745 1501 propter
766 1410 903 1478 ordinis
922 1407 1093 1478 autorita-
1145 1407 1282 1502 Synodi
1304 1410 1443 1480 decreto
1472 1409 1703 1480 confirmata?
1750 1408 1832 1478 Non
1856 1411 1966 1500 igitur
1986 1410 2124 1506 Synodi

111 1523 200 1597 tem,
226 1535 291 1580 nec
307 1509 343 1578 vi
360 1509 534 1600 corporali
551 1509 761 1581 seutentiam
778 1523 905 1580 tuetur.
1145 1510 1333 1594 autoritas,
1356 1513 1417 1580 sed
1432 1534 1500 1580 vox
1515 1509 1638 1580 divina
1654 1510 1780 1580 rectrix
1796 1511 1841 1580 sit
1858 1511 1954 1583 fidei.

213 1627 283 1699 Sed
307 1624 366 1698 bic
390 1627 578 1698 Pontifices
601 1629 782 1698 clamitant
807 1628 917 1697 incidi
942 1650 1092 1696 nervum

1246 1643 1296 1716 Αι
1317 1621 1502 1739 inquiunt,
1527 1645 1660 1715 multae
1682 1645 1844 1716 incidunt
1865 1647 2125 1719 controversiae

106 1730 325 1800 iudiciorum
341 1744 375 1798 et
388 1731 610 1800 autoritatem
626 1729 748 1808 deleri,
774 1729 803 1796 si
819 1753 891 1798 nou
908 1727 1093 1798 valcatin·
1144 1749 1213 1819 τοῦ
1228 1737 1341 1840 ῥήωυ
1356 1740 1612 1825 χαῑδωγοίας,
1654 1742 1993 1839 opomgergoesoe
2010 1748 2124 1818 inm..

2 1873 3 1878 ’
107 1832 314 1921 “filiclam
333 1845 499 1922 ¹³¹¹‘l¹¹³¹¹¹
522 1831 617 1919 ‘²85³
636 1830 691 1898 Vel
708 1829 1094 1920 Pf⁴¹²¹⁰¹3³³¹¹¹⁰¹il³¹⁸·
1144 1864 1270 1940 pretes.
1331 1843 1380 1918 Et
1408 1847 1478 1915 nisi
1507 1847 1624 1918 valeat
1658 1846 1899 1938 interpretatio
1927 1848 2126 1933 autoritate,
2222 1857 2226 1886 ¹

108 1933 209 2020 Quid
226 1931 335 2022 ibim*
350 1945 402 2000 ⁸⁵²
419 1931 588 2022 iminium
603 1930 774 2000 ‘inicum'
790 1930 829 1998 5¹¹
844 1929 1016 2024 simil?
1145 1974 1219 2020 non
1236 1962 1288 2020 est
1304 1949 1384 2016 tinis
1399 1947 1638 2018 dissidiorum.
1685 1945 1782 2018 Haec
1798 1949 1910 2018 oratio
1925 1949 2125 2040 plausibilis

210 2062 424 2156 Quanquam
449 2060 642 2154 tyrannicis
666 2060 817 2149 ingeniis
842 2056 928 2130 baec
956 2061 1093 2151 ingrata
1145 2065 1212 2136 est,
1238 2064 1270 2120 et
1294 2061 1432 2138 sumpta
1453 2073 1473 2118 a
1494 2048 1648 2141 politicis
1664 2049 1822 2134 iudiciis,
1846 2051 1906 2119 sed
1923 2049 2068 2119 dissidia
2084 2049 2124 2118 in

106 2177 208 2246 nint,
232 2178 353 2234 tamen
385 2185 524 2240 necesse
553 2174 604 2231 cst
635 2161 712 2251 pios
740 2157 805 2230 bac
827 2165 871 2232 de
899 2187 937 2230 re
963 2163 1093 2236 doceri,
1144 2149 1310 2223 Ecclesiis
1330 2152 1400 2219 alio
1423 2152 1529 2219 modo
1547 2149 1740 2229 tolluntur,
1764 2151 2018 2240 Apostolorum
2037 2173 2125 2219 con-

106 2263 200 2335 Cunt
224 2264 405 2334 incidisset
433 2263 669 2335 controversia
691 2255 805 2354 ῥήτου
828 2259 891 2334 καὶ
914 2255 1092 2347 denudans,
1145 2275 1287 2322 sensum
1302 2253 1345 2320 de
1361 2250 1446 2339 legis
1463 2249 1690 2337 abrogatione
1705 2265 1901 2342 sequuntur
1916 2253 1966 2340 pii
1984 2251 2123 2321 caeteri.

107 2390 215 2459 quam
241 2363 356 2434 movit
376 2363 625 2436 Samosatenus
647 2364 692 2432 de
714 2364 787 2434 filio
804 2363 893 2448 Dei,
917 2387 963 2434 an
986 2358 1094 2461 λόγος
1144 2350 1213 2422 Hic
1229 2366 1347 2422 coetus
1370 2361 1422 2420 εει
1439 2347 1613 2430 Ecclesia,
1638 2351 1699 2419 alii
1716 2373 1799 2420 vero
1822 2351 1925 2422 multi
1941 2351 2126 2422 dissentie-

106 2469 153 2538 sit
167 2457 440 2561 ὑφιστάμενος,
468 2478 709 2536 convenerunt
722 2461 892 2560 Episcopi
913 2489 955 2534 ex
972 2465 1093 2536 multis
1144 2456 1230 2523 bant
1256 2466 1291 2522 et
1318 2452 1489 2521 nolebant
1523 2451 1623 2518 illam
1653 2446 1925 2542 pulcherrimam
1962 2451 2124 2545 politiam

109 2569 285 2658 gentibus.
1145 2552 1290 2625 destrui.

213 2684 262 2756 Hi
284 2685 525 2778 pronunciant
548 2681 660 2784 λόγον
675 2707 749 2754 εεεε
763 2679 1033 2780 ὑφιστᾶμενον,
1058 2698 1092 2755 ει
1234 2673 1311 2756 Ηοε
1327 2687 1469 2758 tandem
1483 2685 1611 2758 refutat
1625 2684 1721 2757 Deus
1737 2685 1872 2755 excidio
1890 2684 2125 2782 ierosolymae

106 2791 266 2859 reiectant
277 2811 318 2857 ac
333 2787 537 2878 improbant
553 2799 665 2855 astute
680 2785 865 2878 cogitatam
884 2787 1092 2876 interpreta—
1145 2803 1179 2858 et
1200 2787 1349 2858 aliarum
1369 2786 1512 2856 urbium
1537 2800 1571 2855 ct
1592 2787 1701 2857 totius
1723 2787 1836 2875 gentis
1861 2787 2017 2859 interitu.
2070 2786 2124 2858 lta

110 2891 243 2960 tionem
258 2887 489 2959 samosateni.
538 2882 826 2979 HaaeoSynodus,
852 2909 925 2954 non
943 2886 1091 2977 utpoli-
1144 2891 1278 2959 cineres
1295 2900 1328 2956 et
1344 2888 1471 2956 rudera
1488 2886 1631 2955 urbium
1646 2899 1818 2956 testantur
1834 2887 2013 2957 decretum
2024 2885 2145 2978 Apo.

107 2992 199 3060 ticus
224 2990 347 3073 iudex,
373 2988 494 3057 delinit
517 2987 781 3074 ambiguitatem
798 2988 892 3078 regia
913 3011 974 3058 scu
992 3011 1092 3078 prae-
1144 2989 1316 3060 stolorum
1338 3007 1460 3056 verum
1480 3007 1572 3066 esse,
1597 3000 1632 3056 et
1652 2987 1839 3056 dissidium
1861 2991 2002 3058 tandem
2026 2989 2124 3059 tolli-

105 3093 199 3163 toria
222 3090 432 3174 autoritate,
457 3091 517 3157 sed
539 3086 671 3176 singuli
692 3111 776 3157 suae
799 3089 880 3158 fidei
901 3091 1092 3158 confessio·
1145 3107 1213 3162 tur.
1264 3087 1324 3159 Sic
1340 3111 1420 3159 cum
1443 3087 1536 3156 edita
1555 3101 1606 3158 eat
1622 3085 1760 3180 Synodi
1783 3088 1973 3174 confessio,
1999 3105 2033 3160 et
2053 3090 2125 3160 im-

106 3215 188 3263 nem
214 3192 426 3274 ostendunt,
450 3203 484 3259 ει
507 3213 547 3258 ex
568 3188 706 3280 scriptis
727 3185 941 3280 propheticis
959 3204 992 3260 et
1007 3213 1093 3280 apo-
1146 3193 1194 3282 pii
1210 3191 1439 3278 dogmatistae
1454 3213 1495 3258 ex
1510 3183 1667 3257 Ecclesia
1683 3189 1822 3278 piorum
1838 3189 1937 3259 eiecti
1949 3203 2047 3275 suut,
2066 3215 2123 3260 ec-

106 3293 241 3364 stolicis
263 3290 467 3361 testimonia
491 3289 684 3359 ostendunt
706 3311 788 3359 suae
812 3290 912 3374 fidei,
938 3292 986 3360 ita
1011 3314 1090 3358 sen·
1144 3291 1355 3362 clesiesticus
1375 3291 1480 3360 iudex
1503 3311 1577 3357 nou
1598 3289 1677 3357 aliis
1699 3289 1812 3360 modis
1832 3291 1955 3361 tollere
1978 3288 2124 3361 dissidia

106 3394 216 3467 tentia
234 3391 372 3486 Synodi
395 3413 436 3461 ae
459 3391 658 3473 decretum,
683 3404 735 3459 est
756 3404 894 3461 tantum
917 3393 1090 3460 confessio
1145 3406 1275 3482 potest,
1300 3415 1366 3458 uec
1387 3403 1439 3460 est
1460 3390 1584 3472 lictor,
1605 3391 1663 3459 sed
1681 3387 1775 3459 Deus
1798 3390 1872 3480 ipse
1892 3391 2056 3460 defensor
2072 3405 2124 3462 est

106 3495 348 3584 singulorum,
373 3515 441 3584 qua
458 3491 510 3582 pii
526 3491 802 3560 commouefiunt
821 3504 857 3560 et
878 3493 1089 3560 coufirman-
1144 3492 1320 3572 veritatis,
1356 3505 1391 3560 et
1420 3492 1560 3558 tandem
1592 3490 1686 3560 delet
1720 3491 1845 3581 impias
1875 3506 2002 3576 sectas,
2033 3491 2123 3562 sicut

106 3612 177 3670 tur.
230 3593 301 3664 Sed
318 3596 466 3664 credunt
481 3593 526 3660 de
540 3613 578 3660 re
590 3602 688 3660 tanta
703 3613 777 3660 non
792 3605 938 3682 propter
952 3591 1089 3685 Synodi
1143 3591 1334 3688 Aegyptios
1357 3591 1504 3670 delevit,
1539 3603 1573 3658 et
1595 3613 1696 3680 saepe
1717 3593 1889 3680 oppressit
1910 3589 2037 3660 ludens
2064 3587 2124 3660 in·

105 3701 309 3778 decretum,
342 3697 400 3764 sed
430 3704 575 3782 propter
598 3689 799 3762 testimonia
830 3688 1034 3782 prophetica
1058 3708 1092 3763 et
1143 3709 1360 3764 stauraturos
1377 3715 1475 3762 suam
1493 3691 1667 3780 politiam,
1692 3707 1725 3762 et
1740 3691 1829 3758 sicut
1842 3692 1984 3761 sustulit
1998 3689 2122 3761 Mani-

4 3813 5 3816 ’
106 3797 310 3890 apostolica.
362 3793 532 3882 Quotidie
544 3792 581 3860 in
597 3792 822 3862 invocatione
838 3793 901 3860 lilii
916 3789 982 3862 Dei
996 3795 1092 3883 cogi·
1143 3791 1288 3877 cbeum,
1315 3817 1418 3886 quem
1448 3792 1624 3862 interiecit
1646 3813 1705 3859 rex
1727 3790 1903 3878 Persicus,
1929 3815 2009 3861 cum
2034 3805 2160 3878 esset,

106 3915 207 3982 tans,
240 3897 326 3989 quid
367 3896 548 3977 invocem,
586 3906 621 3964 et
647 3892 679 3962 si
707 3893 918 3984 profuerunt
944 3894 1091 3988 Synodi,

109 3993 332 4072 Antiocheae
360 4010 396 4065 et
420 3995 591 4077 Nicaeua,
625 3997 670 4064 ad
702 3996 1091 4080 commonefactionem,

108 4115 227 4172 tamen
244 4101 289 4166 de
311 4121 349 4170 re
370 4110 467 4167 tanta
489 4097 593 4166 credo
616 4120 690 4165 uon
708 4109 851 4187 propter
864 4095 1089 4190 synodorum

108 4205 258 4283 decreta,
280 4201 340 4268 sed
358 4211 503 4289 propter
517 4211 610 4268 certa
628 4197 826 4268 testimonia
845 4199 979 4281 divina,
1002 4223 1091 4291 quae

107 4315 227 4374 extant
242 4302 280 4368 in
298 4296 486 4390 Prophetis
501 4312 534 4367 ει
546 4297 736 4388 Apostolis.
768 4295 903 4368 Nititur
917 4299 1002 4368 fides
1017 4323 1090 4370 non

107 4404 337 4498 synodorum
360 4400 616 4488 congressibus.
668 4397 759 4468 Nam
782 4401 870 4468 aliae
889 4399 1027 4493 Synodi
1050 4415 1091 4472 ut

107 4502 347 4574 Ariminensis
368 4515 402 4572 et
422 4499 635 4595 syrmiensis
658 4500 837 4569 diversum
858 4501 1092 4596 tradiderunt,

108 4607 166 4676 sed
185 4627 272 4674 voce
285 4603 422 4674 diviua.

97 4764 106 4786 .
209 4717 282 4788 Nec
306 4717 446 4814 Synodi
465 4717 579 4790 Deum
602 4721 712 4790 alium
731 4719 901 4792 Ecclesiae
919 4720 1090 4790 fabricare

106 4833 275 4916 possunt,
300 4833 340 4892 ut
362 4817 490 4892 Graeci
512 4817 722 4907 Herculem,
753 4835 813 4891 aut
835 4821 996 4911 Quirites
1014 4819 1090 4892 Ro-

107 4925 247 4996 mulum
263 4923 358 4992 iuter
373 4919 467 4992 Deos
483 4924 694 4994 retulerunt.

209 5037 285 5108 Nisi
309 5039 481 5109 -arassetis
513 5042 625 5111 vitula
659 5025 754 5123 mea,
786 5039 903 5132 inquit
929 5039 1091 5122 Samson,

108 5165 182 5210 non
200 5141 434 5210 invenissetis.
487 5139 686 5211 Audiamus
700 5141 809 5228 igitur
823 5141 1006 5212 docentem
1022 5135 1091 5209 Ec-

110 5243 270 5324 clesiam,
297 5256 330 5313 et
347 5243 606 5312 commonelieri
624 5267 691 5312 uos
711 5266 730 5310 a
748 5241 817 5332 piis
833 5239 987 5337 Synodis
1004 5240 1090 5310 veli·

109 5367 205 5423 mus,
232 5343 291 5411 sed
310 5343 395 5410 lides
409 5342 590 5412 intucatur
606 5344 751 5412 verbum
767 5339 855 5424 Dei,
880 5345 976 5438 quod
994 5341 1090 5411 affir-

109 5458 180 5514 mat
205 5443 318 5513 filium
345 5440 413 5516 Dei
438 5443 584 5514 missum
613 5465 685 5514 esse
712 5443 757 5512 ad
783 5437 976 5517 Ecclesiam
1007 5441 1090 5513 inde

892 5671 909 5713 θ

1144 3898 1315 3987 impostor
1336 3893 1444 3963 titulo
1465 3891 1609 3978 medici,
1634 3905 1669 3962 et
1688 3892 1780 3961 sicut
1796 3889 1943 3962 Arrium
1964 3893 2126 3979 extinxit,

1143 3999 1201 4067 cui
1223 3997 1321 4064 velut
1346 3992 1454 4063 ludae
1471 3995 1592 4063 subito
1613 3992 1769 4063 cruciatu
1793 3993 1902 4064 effuse
1924 4006 2008 4064 sunt
2030 4007 2123 4064 exta.

1144 4095 1195 4168 Ac
1210 4097 1363 4167 subinde
1376 4094 1432 4162 vel
1447 4093 1555 4163 iidem
1575 4115 1711 4163 errores
1727 4084 1962 4182 repullulant,
1987 4093 2043 4163 vel
2059 4094 2123 4164 alii

1141 4199 1325 4282 oriuntur,
1357 4209 1398 4266 ut
1420 4195 1529 4264 nimis
1548 4217 1629 4264 vere
1653 4194 1788 4266 dictum
1818 4195 1932 4265 estin
1957 4193 2124 4265 Timonis

1142 4322 1262 4370 versu:

1268 4407 1362 4496 porat
1385 4405 1405 4493 ἦ
1426 4405 1627 4494 βροτόιοιγος
1646 4405 1708 4494 i‘pec
1729 4406 1830 4472 saveir
1850 4405 1993 4472 leiostreis.

1142 4533 1333 4604 Martionis
1354 4531 1451 4600 virus
1471 4543 1588 4599 ortum
1611 4542 1679 4614 cst,
1703 4533 1857 4620 tempore
1872 4527 1986 4599 Marci
2005 4526 2121 4599 lluto-

1143 4635 1231 4710 uini.
1283 4631 1324 4702 td
1340 4655 1459 4702 semen
1482 4631 1549 4702 tuit
1570 4630 1696 4725 delyrii
1711 4625 2000 4712 Manicheorum,
2024 4631 2120 4721 quod

1143 4749 1265 4806 uatum
1290 4735 1330 4803 in
1351 4731 1512 4814 Perside,
1547 4732 1706 4820 contagia
1734 4732 1860 4822 sparsit
1889 4727 1927 4796 in
1949 4729 2122 4814 Airicam,

1143 4860 1232 4931 quae
1257 4835 1307 4906 ibi
1337 4829 1453 4904 adbuc
1481 4829 1672 4922 Augustini
1703 4845 1861 4920 tempore
1892 4832 2121 4920 vagabantur.

1143 4938 1235 5008 Sunt
1252 4949 1367 5007 autem
1383 4959 1403 5002 a
1420 4931 1543 5002 Marco
1557 4925 1742 5003 Antonino
1757 4933 1800 4998 ad
1819 4931 2008 5021 Augustini
2023 4957 2119 5002 mor·

1142 5052 1213 5108 tem
1244 5037 1328 5106 anni
1361 5037 1433 5103 scre
1462 5033 1618 5105 trecenti.
1668 5025 1829 5100 Tandem
1858 5055 1939 5100 vere
1968 5033 2119 5101 extincta

1142 5152 1245 5222 sunt,
1269 5152 1309 5209 ut
1329 5137 1470 5206 tandem
1495 5129 1669 5204 evanescit
1690 5132 1931 5212 mendacium,
1963 5133 2025 5203 etsi
2051 5131 2121 5200 alia

1142 5240 1293 5309 subinde
1315 5247 1520 5308 nascuntur.
1571 5230 1697 5302 Servat
1717 5246 1832 5304 autem
1857 5232 1947 5301 blius
1962 5225 2030 5301 DA
2054 5231 2121 5299 ali-

1141 5364 1230 5434 quas
1259 5363 1359 5410 verae
1381 5331 1558 5405 Ecclesiae
1584 5331 1771 5428 reliquias,
1801 5345 1836 5402 et
1864 5345 1974 5423 gestat
1997 5332 2036 5400 in
2057 5353 2120 5399 sua

1142 5443 1280 5523 dextra,
1305 5456 1345 5515 ut
1366 5435 1498 5530 inquit:
1524 5429 1637 5507 Nemo
1649 5435 1762 5528 rapiet
1777 5455 1860 5505 oves
1876 5455 1970 5503 meas
1985 5453 2025 5500 ex
2045 5451 2121 5499 ma·
