4726 5828
206 267 255 343 ss
562 246 563 255 ‘
946 263 1106 341 usca
1154 264 1230 340 un
1267 264 1496 345 ursum.
1876 249 1881 256 ’
2185 275 2235 346 ss

208 440 326 511 locum
346 437 386 508 in
413 433 603 512 Academia
624 433 688 508 has
713 437 935 508 dulcissimas
958 451 1069 524 artes,
1106 461 1197 534 quae
1247 439 1435 510 mundaris
1452 439 1535 532 plus
1558 413 1668 512 luisse
1688 440 1897 535 disciplinae
1917 443 2082 516 civiliset
2096 445 2242 531 artium,

208 539 302 633 pacis
317 553 525 610 ornamenta
540 553 639 625 sunt,
667 539 820 609 docendi
834 541 990 632 praebet.
1247 563 1355 634 quam
1380 544 1475 633 apud
1496 555 1652 614 caeteros
1668 541 1886 632 Germanos,
1914 560 1951 618 et
1963 569 2044 617 cum
2062 541 2240 620 Romanis

235 663 242 682 ¹
311 639 353 712 ln
369 636 436 711 bac
450 641 757 732 cogitationecum
774 637 842 712 hoc
856 654 1015 732 tempore
1028 662 1197 726 versarer,
1246 643 1447 713 societatem
1463 647 1523 714 'eos
1537 644 1725 715 ctfoedera
1739 646 1871 717 iecisse.
1910 646 1969 718 Ad
1985 643 2146 720 o‘ccasum
2161 648 2242 719 Tu-

208 759 242 820 et
263 744 334 814 iam
356 745 490 837 primas
514 742 627 813 lineas
639 737 748 812 huius
763 737 1054 834 Chorographiae
1069 744 1197 813 ducere
1247 744 1347 814 bauti
1363 745 1520 828 fuerunt,
1544 747 1704 816 fortassis
1716 761 1864 838 propter
1877 748 2126 822 subterraneos
2140 751 2242 841 ignes

207 847 394 938 cepissem,
427 868 492 916 nec
515 845 700 916 intendere
723 844 884 916 artimum
908 843 947 912 in
969 844 1069 915 aliud
1086 866 1197 936 argu·
1248 857 1284 915 et
1298 846 1457 936 copiosas
1469 845 1554 916 ferri
1569 869 1677 916 venas
1692 845 1895 942 a'l'yphoeo
1911 850 2008 920 dicti.
2057 848 2117 922 Ad
2127 853 2242 924 triau-

208 961 368 1018 mentum
386 970 545 1039 mssem,
576 945 702 1039 scripsi
718 946 824 1016 etiam
841 945 976 1040 aliquid
999 947 1044 1014 de
1059 941 1126 1018 hac
1140 971 1198 1018 re·
1248 947 1323 1037 guli
1345 939 1518 1043 κορυφήν
1540 945 1739 1020 Calucones
1760 951 1916 1022 inerunt
1983 948 2039 1022 Ac
2059 967 2100 1024 ut
2126 967 2242 1026 metae

207 1048 327 1140 gionc‚
359 1051 456 1142 quod
486 1043 555 1119 hoc
584 1049 664 1118 loco
689 1048 817 1127 recito,
854 1061 889 1118 et
912 1060 952 1119 ut
974 1041 1033 1116 hic
1055 1072 1198 1141 quoque
1249 1049 1391 1138 agnosci
1409 1049 1537 1121 melius
1551 1051 1705 1141 possint,
1737 1052 1830 1122 addo
1847 1052 2063 1144 dejviciuis,
2086 1068 2166 1146 post
2181 1079 2242 1126 ca-

206 1150 745 1243 significationemgratitudinis
765 1150 1083 1234 meacostcndam,
1107 1165 1142 1221 et
1158 1163 1200 1220 ut
1249 1173 1376 1220 cumen
1399 1149 1568 1240 trianguli
1594 1154 1639 1223 ad
1669 1150 1793 1223 Albim
1822 1154 1913 1224 duae
1944 1154 2243 1229 celebratissimae

207 1255 253 1324 ab
259 1251 494 1355 ,auditoribus
509 1251 631 1343 peritis
646 1254 858 1337 admonear,
883 1251 1032 1322 sicubia
1055 1253 1199 1324 sitn‘re-
1250 1263 1387 1342 gentes,
1411 1253 1510 1321 sedes
1530 1264 1731 1329 tennerunt.
1782 1251 1826 1324 lu
1840 1256 1917 1347 ripa
1936 1255 2149 1329 occidentali
2162 1259 2243 1327 sue-

208 1353 325 1445 gionis
339 1353 528 1446 descriptio
542 1377 620 1424 mea
636 1355 788 1424 aberrat.
1250 1365 1337 1423 runt
1351 1352 1582 1444 Longobardi
1600 1377 1621 1424 a
1634 1354 1768 1427 Salinis
1789 1357 1834 1426 ad
1850 1349 2101 1449 Parthenopen
2116 1372 2152 1429 et
2166 1359 2243 1428 lere

70 1465 75 1480 ‘
191 1483 197 1504 ⁴
310 1452 434 1526 Iudico
451 1469 569 1527 autem
593 1451 661 1525 hoc
684 1466 933 1546 argumentum
947 1466 984 1524 et
997 1451 1200 1523 iunioribus
1250 1456 1296 1524 ad
1307 1453 1543 1544 Bruusvigam
1564 1479 1696 1548 usque,
1729 1458 1767 1526 in
1790 1458 1868 1550 ripa
1891 1459 2058 1532 orientali
2079 1458 2241 1531 Senones

207 1557 296 1628 utile
321 1579 406 1628 esse.
456 1553 523 1628 Est
538 1556 633 1626 euim
657 1579 739 1647 pars
757 1555 990 1636 eruditionis,
1017 1577 1120 1624 uosse
1136 1578 1199 1623 ve·
1248 1558 1413 1635 luerunt,
1444 1555 1509 1627 ubi
1523 1579 1620 1626 nunc
1636 1571 1738 1629 vetus
1753 1553 1915 1629 Marcbia
1929 1572 1992 1631 est.

206 1672 319 1732 tustas
339 1671 462 1748 gentes
487 1671 524 1731 et
537 1651 685 1728 honesta
705 1657 874 1749 exempla.
921 1651 969 1727 Et
984 1677 1111 1746 magna
1125 1655 1201 1726 vir·
1350 1655 1542 1750 Postquam
1561 1671 1679 1729 autem
1701 1658 1887 1732 Romanae
1907 1655 2134 1732 monarchiae
2151 1664 2239 1736 tata-

206 1774 266 1831 tus
286 1773 357 1844 cst,
390 1784 509 1831 amare
537 1760 710 1852 patriam,
743 1773 779 1830 et
800 1759 876 1827 eins
904 1758 1199 1851 tranquillitatem
1251 1758 1295 1828 lis
1311 1759 1479 1850 periodus
1494 1759 1702 1832 circumacta
1718 1775 1788 1841 est,
1814 1775 1849 1832 et
1864 1762 1996 1834 multae
2015 1776 2137 1851 gentes
2151 1765 2242 1836 aliae

207 1861 309 1933 omui
332 1861 450 1932 officio
472 1861 578 1935 tueri.
629 1857 733 1930 Hanc
751 1860 920 1932 virtutem
937 1859 1097 1931 accendit
1110 1883 1198 1929 con·
1250 1859 1330 1929 aliis
1345 1861 1389 1929 de
1404 1861 1518 1930 causis
1533 1884 1735 1952 progressae
1751 1886 1861 1932 novas
1883 1864 1982 1933 sedes
1996 1865 2241 1957 quaesierunt:

207 1963 375 2047 sideratio
389 1959 713 2055 pulcherrimorum
728 1975 1032 2045 ornamentorum,
1055 1973 1201 2053 propter
1250 1959 1380 2031 Franci
1396 1974 1430 2033 et
1439 1959 1629 2051 Burgundi
1645 1963 1683 2032 in
1692 1960 1849 2033 Galliam
1865 1955 2102 2050 transierunt,
2127 1963 2243 2038 Gothi

207 2089 296 2159 quae
311 2066 425 2158 patria
444 2089 550 2159 qnam
567 2077 696 2135 natura
716 2063 917 2154 diligimus,
942 2062 1046 2132 bonis
1068 2061 1201 2133 menti·
1251 2063 1290 2131 iu
1305 2059 1530 2132 Pannoniam
1546 2076 1581 2134 et
1596 2061 1753 2145 ltaliam,
1778 2061 1913 2134 Heneti
1929 2063 2097 2136 aVistula
2111 2065 2243 2138 etCar-

206 2168 274 2244 bus
305 2167 345 2241 bt
373 2167 487 2237 multo
518 2162 671 2237 charior.
738 2163 793 2236 Ac
816 2164 1004 2254 praecipue
1034 2166 1079 2234 ad
1102 2157 1199 2234 huuc
1251 2157 1358 2256 patho
1374 2163 1412 2232 in
1428 2161 1680 2250 Germaniam,
1705 2165 1940 2236 certissimum
1957 2178 1992 2235 et
2006 2164 2165 2239 Henetus
2180 2193 2242 2238 oc-

206 2269 315 2338 buem
328 2270 443 2340 refero
460 2262 554 2338 banc
567 2268 786 2352 orationem,
810 2279 851 2337 ut
868 2267 906 2334 in
922 2266 1126 2336 iunioribus
1142 2288 1200 2336 er-
1250 2286 1394 2357 cupasse
1409 2259 1619 2334 Bohemiam
1644 2281 1678 2337 et
1691 2264 1870 2362 Elysiam,
1897 2290 1988 2361 quae
2003 2289 2100 2342 nunc
2114 2269 2242 2343 Silesia

206 2391 249 2461 ga
264 2370 415 2461 patriam
431 2370 543 2462 pietas
557 2369 673 2440 alatur
686 2381 721 2439 et
734 2368 976 2442 confirmetur.
1250 2379 1319 2453 est,
1342 2378 1377 2437 et
1394 2365 1463 2436 alia
1482 2366 1600 2436 vicina
1623 2367 1713 2442 loca.

206 2491 213 2502 ·
308 2470 471 2543 Primum
491 2485 610 2543 autem
630 2484 671 2542 ut
692 2470 801 2541 exteri
823 2469 931 2539 situm
948 2467 1038 2538 scire
1051 2465 1200 2559 possint,
1350 2462 1406 2538 Eo
1431 2481 1590 2560 tempore
1612 2481 1647 2540 et
1665 2467 1807 2564 Mysos,
1837 2492 1899 2540 ssu
1922 2470 2059 2542 vicinos
2081 2469 2243 2544 Henato-

206 2575 354 2664 figuram
383 2587 418 2646 et
442 2585 554 2643 metas
583 2573 739 2664 regionis
767 2570 1016 2642 indicabimus.
1082 2566 1199 2661 Mysia
1250 2592 1353 2653 rum,
1375 2591 1437 2641 seu
1454 2584 1590 2663 partem
1606 2571 1825 2652 consedisse,
1851 2572 1889 2641 iu
1907 2566 1976 2642 boc
1991 2573 2242 2646 amoenissimo

176 2679 298 2770 'quae
319 2676 358 2746 in
383 2674 577 2747 Germania
598 2676 668 2745 iam
691 2674 796 2744 aunis
816 2673 969 2766 amplius
987 2669 1200 2759 octingentis
1251 2671 1432 2760 triangulo
1461 2685 1738 2764 consentaneum
1754 2675 1825 2761 lest.
1883 2669 2130 2760 Usitatumest
2145 2675 2244 2746 euim

206 2777 257 2848 sic
277 2778 501 2862 nominatur,
527 2775 697 2867 trianguli
713 2775 824 2865 ligura
846 2786 916 2860 est,
942 2773 1043 2844 cuius
1057 2772 1101 2841 ad
1118 2769 1199 2839 Me·
1250 2773 1490 2844 coniecturam
1513 2775 1628 2845 lacere
1652 2777 1696 2844 dc
1712 2773 1913 2865 originibus
1928 2776 2087 2866 gentium
2105 2801 2147 2847 er
2163 2777 2243 2847 lin-

206 2879 337 2949 ridicm
355 2880 518 2950 basisest
534 2879 658 2969 longa,
682 2877 764 2967 iuga
780 2877 958 2947 montium
973 2875 1035 2968 qui
1051 2873 1199 2946 Sudctes
1250 2895 1318 2962 gua
1342 2887 1377 2944 et
1396 2874 1554 2944 nominc.
1605 2874 1755 2946 Venisse
1776 2889 1893 2948 autem
1913 2876 1955 2945 in
1975 2871 2184 2949 Bohemiam
2208 2891 2245 2949 et

206 2979 438 3053 aPtolemaeo
454 2979 699 3061 nominantur,
726 2979 857 3073 quibus
871 2972 1044 3047 Bohemia
1058 2974 1200 3044 dirimi·
1250 2975 1291 3046 in
1312 2969 1399 3044 haec
1422 2975 1498 3046 loca
1522 2978 1743 3068 peregrinam
1765 2991 1906 3068 gentem
1931 2977 2055 3068 lingua
2076 2979 2243 3050 ostendit.

206 3096 303 3154 tura
320 3081 449 3178 Mysia.
509 3079 673 3174 Suntque
687 3080 725 3149 in
744 3080 908 3150 extremis
924 3079 998 3148 oris
1018 3075 1112 3146 basis
1126 3077 1198 3144 duo
1249 3072 1413 3168 Cumque
1427 3077 1562 3147 fuerint
1579 3076 1676 3172 Mysi
1695 3101 1780 3168 gens
1795 3102 1922 3170 magua
1936 3093 1972 3151 ct
1985 3080 2024 3150 iu
2040 3076 2126 3151 Asia
2141 3082 2244 3153 littus

206 3184 359 3274 iusignia
378 3184 527 3277 oppida,
551 3181 663 3254 Birna
679 3179 889 3253 etPlaweu.
941 3178 1052 3251 Latus
1075 3200 1095 3247 a
1116 3175 1200 3246 Bir-
1248 3178 1296 3247 ad
1319 3174 1610 3270 Hellespontum,
1641 3193 1676 3250 ct
1703 3181 1742 3249 in
1772 3175 1918 3272 Europa
1941 3203 2106 3272 magnam
2133 3207 2245 3270 oram,

206 3311 253 3364 ua
276 3287 448 3358 orientale
467 3286 544 3356 sine
566 3285 641 3355 nlla
656 3281 877 3354 dubitatione
893 3295 945 3353 est
962 3278 1077 3352 Albis.
1127 3278 1200 3349 La·
1250 3302 1341 3373 quac
1356 3303 1453 3350 nunc
1469 3294 1520 3351 est
1536 3278 1742 3368 Muldavia,
1763 3281 1898 3370 Bosua,
1922 3278 2052 3355 Rascia
2068 3297 2103 3355 et
2118 3283 2243 3356 Servia
2267 3319 2274 3325 ·

206 3401 263 3458 tus
284 3411 369 3458 vero
397 3391 443 3457 ad
476 3409 639 3458 occasum
661 3410 681 3456 a
702 3381 852 3454 Plawen
880 3397 932 3454 est
951 3382 1083 3454 fluvius
1104 3379 1200 3465 Pica,
1251 3381 1451 3468 tenuerint,
1476 3396 1510 3455 et
1522 3405 1579 3452 res
1594 3385 1934 3475 maguasgcsserint,
1959 3385 2164 3458 suiteornm
2176 3411 2244 3458 uo-

206 3513 317 3583 aqno
340 3512 503 3581 graecum
526 3511 659 3559 nomen
677 3498 729 3558 est
744 3486 827 3556 urbi
844 3483 978 3571 Cittae,
1003 3485 1100 3555 unde
1116 3480 1198 3552 Pica
1250 3507 1333 3552 men
1347 3483 1595 3558 clarissimum.
1650 3484 1770 3573 Quare
1785 3509 1858 3555 non
1873 3486 2100 3558 faciledeleri
2115 3491 2244 3579 potuit.

206 3591 375 3684 Lypsiam
400 3591 672 3683 praeterfluens,
704 3612 780 3659 uon
802 3587 927 3679 procul
950 3611 971 3656 a
992 3584 1104 3658 veteri
1127 3580 1200 3653 lm·
1251 3584 1416 3680 Cumque
1432 3609 1606 3680 nusquam
1632 3587 1720 3659 alibi
1741 3588 1918 3682 reliquum
1944 3587 2009 3672 sit,
2033 3588 2104 3658 nisi
2120 3589 2158 3658 iu
2174 3583 2244 3660 hoc

124 3686 136 3700 ’
208 3697 412 3784 paratorum
425 3717 505 3764 arce
516 3690 709 3782 Mersburg
723 3691 763 3760 in
777 3687 895 3762 Salam
910 3688 1134 3770 infunditur,
1158 3697 1201 3757 ut
1251 3685 1449 3777 triangulo,
1482 3689 1653 3759 credibile
1677 3703 1729 3761 est
1752 3713 1865 3760 novos
1879 3690 1961 3760 illos
1979 3684 2134 3782 hospites
2148 3687 2244 3760 Ger·
2335 3733 2336 3738 κ

207 3795 342 3864 sitnon
358 3795 482 3886 procul
497 3795 581 3864 iude
596 3792 767 3883 trianguli
781 3815 961 3872 cacumen,
984 3789 1048 3861 ubi
1061 3787 1147 3874 ,Sala
1159 3788 1199 3856 iu
1250 3789 1366 3858 manis
1380 3789 1590 3880 permixtos,
1616 3806 1651 3863 et
1664 3789 1924 3886 luisscMysos,
1945 3803 1980 3861 et
1992 3806 2165 3864 vetustam
2179 3815 2244 3882 ap-
2335 3823 2336 3832 ¹

209 3895 332 3966 Albim
363 3897 586 3981 infunditur,
626 3893 882 3966 constituamus
909 3893 1006 3963 enim
1029 3888 1199 3962 historico
1251 3891 1479 3982 pellationem
1496 3894 1649 3963 retinere
1664 3895 1829 3964 voluisse.
1881 3889 1935 3964 Ac
1957 3905 2116 3964 utantea
2133 3893 2243 3963 vicini

209 4021 309 4067 more
339 4011 506 4094 tanquam
542 3995 675 4068 limites
707 3994 916 4086 conspicuos
946 4008 981 4064 et
1009 3993 1199 4064 durabiles.
1251 3992 1301 4062 eis
1331 3989 1523 4086 Tyrigetae
1548 3997 1713 4082 luerunt,
1753 4009 1788 4067 et
1813 3995 1909 4066 ultra
1937 3990 2003 4066 hos
2031 3993 2159 4082 Sacae,
2191 3999 2242 4068 ita

207 4094 299 4170 Cum
316 4113 433 4170 autem
449 4099 763 4170 celebratissimum
778 4098 914 4168 flumen
925 4096 974 4172 ‚sit
983 4092 1105 4180 Albis,
1129 4115 1199 4186 qua
1252 4095 1377 4164 eodem
1400 4110 1560 4189 tempore
1578 4110 1698 4188 gentes
1720 4097 1804 4168 illac
1818 4099 1916 4168 uude
1936 4108 2021 4168 snut
2035 4095 2190 4188 Turiugi
2207 4112 2245 4170 et

209 4199 249 4270 in
270 4215 370 4293 parte
397 4201 494 4273 orbis
515 4213 689 4271 terrarum
711 4201 757 4271 sit
776 4193 864 4270 baec
885 4198 983 4288 regio
999 4194 1198 4292 Mysorum,
1251 4194 1427 4284 Saxones,
1460 4199 1500 4268 in
1520 4199 1651 4270 vicinia
1673 4200 1717 4270 ad
1739 4198 1859 4272 Salam
1881 4212 1918 4271 et
1941 4200 1985 4271 ad
2008 4194 2133 4272 Albim
2155 4223 2241 4271 con-

209 4304 319 4376 esteri
338 4304 443 4375 etiam
460 4303 550 4374 scire
565 4316 732 4394 possunt..
1252 4300 1431 4371 sederunt.

311 4404 382 4479 Sed
398 4421 438 4478 ut
450 4405 598 4497 propius
612 4403 744 4498 adspici
759 4402 847 4475 situs
862 4401 991 4495 possit,
1011 4393 1098 4470 baec
1108 4423 1200 4492 quo-
1351 4398 1443 4472 Cum
1459 4416 1577 4474 autem
1591 4403 1700 4477 buerit
1714 4405 1888 4476 excellens
1902 4402 2016 4476 virtus
2029 4402 2128 4476 illius
2141 4416 2246 4476 vetu-

209 4532 278 4602 que
302 4511 414 4581 addo:
444 4507 574 4603 Lypsia
591 4529 683 4601 quac
698 4529 773 4576 non
796 4505 921 4598 procul
937 4505 1035 4575 abest
1052 4525 1072 4572 a
1088 4503 1201 4572 trian-
1251 4513 1325 4573 stae
1348 4505 1462 4592 gentis
1482 4503 1688 4600 Mysorum,
1709 4508 1827 4578 'decus
1848 4507 1994 4602 aliquod
2018 4517 2087 4592 est,
2112 4505 2159 4576 ab
2177 4501 2246 4579 hac

208 4612 284 4699 guli
300 4613 449 4697 vertice,
473 4613 604 4701 gradus
619 4604 729 4680 habet
750 4604 986 4696 longitudinis
1000 4605 1064 4691 ³0,
1078 4629 1125 4676 m.
1139 4599 1201 4676 6⁸.
1252 4605 1360 4696 stirpe
1381 4621 1478 4678 ortos
1497 4630 1583 4680 esse.
1637 4607 1785 4679 Tribuit
1808 4609 1904 4678 enim
1929 4608 2107 4680 veteribus
2129 4605 2246 4704 Mysis

206 4711 425 4786 Latitudinis
453 4737 539 4784 vero
568 4735 681 4782 uuum
713 4721 746 4780 et
779 4707 1037 4804 quinquaginta
1066 4732 1113 4781 m.
1136 4704 1200 4779 44.
1250 4702 1431 4778 Homerus
1461 4723 1532 4780 tres
1560 4710 1745 4796 virtutes,
1772 4733 1864 4804 quae
1889 4723 1974 4783 suut
1995 4707 2182 4802 praecipue
2204 4710 2246 4780 in

207 4811 306 4887 Haec
318 4817 434 4908 spacia
449 4829 484 4887 et
497 4809 862 4896 rusticissimam
874 4832 943 4904 qua
959 4822 1059 4902 parte
1073 4810 1199 4881 muudi
1252 4805 1319 4878 bac
1340 4805 1529 4882 hominum
1553 4811 1738 4897 societate,
1768 4825 1802 4884 et
1834 4813 1951 4883 tontes
1973 4824 2059 4883 sunt
2075 4809 2245 4884 aliarum.

208 4913 295 4990 haec
309 4919 408 5009 regio
424 4919 490 5014 sita
504 4918 561 4990 sit.
1251 4907 1316 4980 Ait
1328 4911 1424 4982 enim
1450 4935 1525 4983 esse
1541 4912 1665 5008 Mysos
1681 4909 1869 4984 hominum
1892 4912 2114 4988 iustissimos.
2166 4911 2248 4986 Sci-

310 5019 354 5092 ln
371 5019 438 5091 hoc
454 5032 571 5091 autem
587 5016 767 5107 triangulo
781 5015 826 5087 ad
844 5015 947 5086 basin
962 5026 997 5084 et
1014 5015 1057 5084 ad
1076 5008 1199 5087 Albim
1251 5011 1298 5084 tis
1318 5026 1435 5085 autem
1457 5015 1609 5109 primam
1632 5037 1707 5085 esse
1727 5015 1905 5086 virtutem
1922 5014 2118 5101 iusticiam,
2152 5039 2247 5110 quae
2269 5039 2275 5048 ·

135 5185 142 5194 ,
206 5123 480 5198 Hermunduros
495 5143 662 5212 maguam
676 5131 811 5210 partem
829 5115 1003 5202 tenuisse,
1030 5140 1072 5186 ex
1087 5109 1213 5187 histo-‘
1252 5112 1397 5206 quidem
1411 5141 1575 5206 magnam
1595 5115 1804 5204 sapientiam
1831 5129 1867 5189 et
1881 5117 2011 5188 multas
2027 5116 2115 5188 alias
2129 5108 2248 5191 virtu*-

207 5228 270 5298 riis
296 5226 447 5316 intelligi
468 5237 602 5317 potest,
627 5243 717 5314 quos
737 5221 846 5290 luisse
862 5217 1114 5291 Germanicam
1135 5241 1202 5286 na-
1251 5230 1304 5287 tes
1319 5219 1578 5310 complectitur.
1626 5217 1775 5288 Necesse
1797 5219 1958 5290 estenim
1980 5220 2094 5290 iustos
2109 5218 2247 5290 intelli-

206 5330 340 5402 tiouem
363 5328 555 5421 appellatio
577 5325 729 5406 indicat,
766 5323 868 5393 cuius
891 5318 1102 5414 etymologia
1125 5343 1199 5389 non
1252 5341 1333 5410 gere
1350 5319 1542 5392 discrimen
1557 5315 1791 5392 honestorum
1805 5337 1840 5394 et
1853 5321 2032 5414 turpium,
2056 5321 2248 5416 quodcum

206 5431 354 5505 obscura
370 5445 431 5504 est.
483 5425 533 5502 Et
550 5426 674 5500 scribit
687 5422 879 5499 Cornelius
888 5420 1035 5497 Tacitus
1051 5421 1090 5490 iu
1105 5417 1200 5494 Her·
1221 5477 1226 5496 .
1251 5421 1498 5511 considerant,
1521 5425 1657 5495 fontem
1673 5447 1748 5495 esse
1763 5421 1879 5496 Deum
1899 5437 2112 5516 agnoscunt,
2136 5437 2173 5498 et
2186 5424 2249 5495 in·
