4696 5820
235 267 309 344 sor
723 253 1781 338 urrunnuconoanssunououmusr.
1967 327 1971 334 .
2066 243 2070 253 ’
2186 265 2245 338 sos

238 437 397 512 scholam
421 431 630 504 ardentibus
653 430 746 502 votis
767 433 1039 504 commendabat
1058 427 1229 518 bliuDei,
1277 428 1432 516 ordinis,
1457 431 1594 522 legum,
1620 433 1831 527 sapientiae,
1857 434 2030 524 iustitiae,
2052 449 2087 505 et
2101 429 2246 505 honestae
2311 466 2312 520 ῃ

222 542 398 615 ‘Domino
424 547 551 605 nostro
568 532 649 604 lesu
664 528 820 604 Christo.
1276 532 1471 616 societatis,
1495 557 1577 620 non,
1594 536 1679 607 solis
1702 531 1889 608 hominum
1913 535 2074 608 consiliis
2095 551 2154 607 aut
2173 535 2247 604 viti·
2311 557 2312 568 ¹

338 637 561 712 Confidimus
576 647 694 710 autem
708 629 775 704 hos
787 633 933 725 triginta
950 648 1031 706 octo
1052 638 1178 708 doctos
1194 648 1228 704 et
1277 635 1362 720 bus,
1387 637 1449 706 sed
1467 631 1579 706 aDeo
1596 639 1812 710 conservari.
1864 637 1963 709 llaec
1985 638 2059 708 scio
2085 637 2247 707 verissima

240 743 409 816 honestos
430 739 527 807 viros
549 737 598 807 ita
615 759 689 806 esse
704 737 870 820 affectos,
890 751 929 806 ut
945 739 1066 828 potius
1081 735 1228 826 vestigia
1277 756 1370 820 esse,
1394 749 1430 806 et
1444 759 1524 806 cum
1538 737 1737 810 firmissima
1753 741 1964 811 adsensione
1987 735 2054 810 hss
2076 739 2247 809 sententias
2311 767 2312 774 ¹

241 845 364 918 sectari
388 853 675 935 praeceptorum,
711 851 747 908 et
767 832 997 908 honestorum
1021 863 1061 910 ac
1084 841 1227 932 piorum
1279 837 1488 928 amplectar,
1522 851 1594 910 tota
1617 853 1736 911 mente
1755 857 1789 912 et
1812 857 1886 914 toto
1910 855 2053 934 pectore
2075 840 2120 910 ab
2142 839 2246 932 epicu-

243 944 374 1019 imitari
408 941 568 1033 exempla
602 940 736 1024 velint,
770 940 808 1008 in
842 939 993 1009 colendo
1025 944 1229 1032 tuendaque
1279 937 1369 1024 reis,
1405 939 1525 1010 stoicis
1552 956 1587 1015 et
1612 944 1823 1014 academicis
1854 944 2041 1015 furoribus
2076 937 2246 1024 abhorreo,

143 1039 150 1060 ”
242 1045 424 1126 communi
446 1046 492 1115 de
514 1042 677 1112 doctrina
700 1061 895 1124 mosensu,
918 1066 999 1112 cum
1022 1038 1089 1113 hac
1109 1037 1229 1112 schola
1280 1064 1434 1134 quorum
1457 1056 1542 1114 runt
1560 1043 1644 1113 illae
1666 1047 1867 1139 cyclopicae
1884 1069 2009 1132 voces,
2033 1044 2247 1139 quibuscou·

242 1164 278 1223 et
291 1145 492 1220 innumeris
505 1144 598 1223 aliis,
624 1144 686 1238 qui
702 1141 913 1214 coniunctos
927 1166 1009 1213 cum
1024 1139 1091 1214 hae
1109 1138 1229 1213 schola
1280 1156 1434 1234 temptus
1457 1138 1526 1214 Dei
1547 1145 1784 1235 significatur,
1810 1147 1946 1220 etiamsi
1967 1147 2033 1218 alii
2052 1144 2248 1227 effrenatius,

243 1277 280 1324 se
295 1250 522 1344 profitentur,
541 1239 649 1341 quain
664 1268 744 1316 cum
758 1244 912 1314 inlausta
928 1245 989 1315 illa
1007 1259 1041 1316 et
1057 1245 1231 1336 degenere
1280 1243 1343 1313 alii
1365 1243 1526 1315 timidius
1550 1246 1760 1340 loquuntur.
1812 1247 1886 1320 Nec
1915 1269 2002 1319 vero
2034 1262 2169 1319 tantum
2193 1240 2247 1314 hac

244 1353 417 1424 Titanum
443 1348 565 1419 sobole
592 1370 689 1417 arma
715 1345 847 1416 inferre
860 1343 1030 1418 Ecclesiis
1051 1362 1085 1420 et
1099 1343 1231 1418 scholis
1281 1340 1424 1440 physica
1441 1347 1653 1437 cogitatione
1668 1348 1785 1421 Deum
1798 1373 1973 1440 agnosco,
1994 1351 2057 1420 sed
2074 1349 2174 1419 etiam
2189 1341 2247 1416 Ec·

244 1451 539 1546 amplectentibus
570 1473 611 1518 ac
640 1448 825 1520 tuentibus
860 1449 1055 1522 veritatem.
1120 1446 1231 1541 ldque
1280 1447 1406 1517 clesiae
1421 1450 1619 1520 doctrinam
1635 1452 1879 1524 confirmatam
1894 1451 2152 1524 resumectione
2166 1469 2248 1516 mor·

245 1571 286 1628 ut
301 1556 452 1641 faciant,
476 1575 537 1623 eos
551 1547 679 1622 hortor
693 1563 729 1622 et
746 1551 906 1622 obtestor
923 1564 1068 1644 propter
1079 1551 1230 1642 gloriam
1281 1561 1444 1635 tuorum,
1478 1553 1666 1622 eductione
1690 1552 1934 1625 lsrae'litarum
1958 1577 2001 1623 er
2025 1550 2198 1645 Aegypto,
2220 1561 2247 1616 et

245 1658 326 1732 Dei.
635 1725 642 1743 ,
1281 1651 1406 1723 multis
1427 1652 1602 1724 mirandis
1625 1655 1898 1728 liberationibus
1920 1677 2044 1726 veram
2059 1675 2132 1724 esse
2144 1649 2247 1731 credo,

347 1757 509 1851 Cumque
524 1753 692 1847 privatim
709 1765 744 1823 et
759 1751 881 1844 public
894 1753 1034 1826 auditos
1051 1755 1230 1824 censueri-
1281 1763 1316 1822 et
1335 1749 1452 1823 Deum
1487 1769 1669 1828 aeternum
1704 1770 1839 1848 patrem
1862 1757 2013 1830 Domini
2043 1739 2155 1824 nostri
2182 1747 2248 1820 lesu

245 1884 324 1932 mus
337 1860 475 1950 dignos,
505 1879 596 1952 quos
610 1867 754 1926 ornatos
768 1854 963 1926 testimonii
980 1857 1113 1947 publici
1128 1870 1230 1926 auto·
1280 1849 1425 1940 Christi,
1450 1871 1644 1929 creatorem
1660 1859 1822 1931 omnium
1836 1883 1955 1930 rerum
1969 1859 2099 1928 invoco
2114 1854 2150 1923 in
2164 1850 2249 1940 agni·

244 1963 349 2034 ritate
363 1957 541 2034 Ecclesiae
558 1983 598 2028 ac
614 1955 769 2048 Reipub.
785 1957 975 2028 offeramus
998 1957 1232 2040 assistamus,
1254 1959 1258 2014 l
1281 1955 1380 2026 tione
1401 1969 1437 2027 et
1456 1959 1582 2029 fiducia
1600 1959 1821 2032 Mediatoris.
1870 1959 1962 2031 Cum
1992 1959 2104 2050 igitur
2130 1965 2247 2024 certum

245 2065 277 2136 si
296 2059 428 2135 horum
452 2085 559 2156 opera
581 2059 634 2130 uti
656 2057 788 2139 velint,
813 2058 881 2130 tibi
898 2081 957 2129 eos
969 2058 1171 2130 doctissime
1184 2057 1230 2130 D.
1280 2057 1343 2143 sit,
1368 2070 1545 2129 aeternam
1561 2056 1757 2132 Ecclesiam
1773 2085 1859 2134 voce
1873 2057 2062 2150 Evangelii
2076 2081 2138 2150 per
2152 2053 2246 2124 lilium

244 2164 388 2238 Derane
410 2162 640 2246 commendo,
666 2183 707 2230 ac
724 2173 806 2252 peto
826 2161 935 2232 totius
959 2161 1098 2251 collegii
1117 2161 1231 2231 nostri
1281 2158 1422 2248 colligi,
1448 2161 1578 2252 gratias
1594 2183 1659 2254 ego
1677 2161 1753 2235 Deo
1772 2179 1915 2236 aeterno
1930 2164 2026 2256 patri
2041 2157 2179 2232 Domini
2192 2175 2247 2222 no·

247 2281 283 2338 et
304 2270 464 2360 ipsorum
487 2263 649 2347 nomine,
682 2276 722 2332 ut
745 2263 934 2334 autoritate
955 2261 1097 2356 publica
1112 2261 1231 2353 Magi·
1282 2260 1345 2332 stri
1361 2260 1441 2332 lesu
1454 2259 1608 2350 Christi,
1632 2265 1696 2358 qui
1719 2291 1801 2336 cum
1824 2265 1899 2336 lilio
1920 2280 1956 2337 et
1977 2263 2118 2358 Spiritu
2132 2255 2167 2330 S.
2179 2273 2245 2324 cos·
2314 2299 2315 2310 κ

246 2382 338 2441 stros
363 2391 423 2438 eos
445 2359 699 2457 Philosophiae
720 2384 817 2432 crees
840 2378 875 2436 et
894 2365 1093 2437 renuncies.
1144 2363 1232 2454 Quo
1281 2363 1357 2433 lum
1378 2377 1413 2434 et
1436 2377 1563 2435 terram
1578 2379 1613 2436 et
1628 2390 1738 2458 genus
1752 2361 1948 2439 humanum
1964 2361 2144 2445 condidit,
2165 2353 2245 2450 quod
2314 2365 2315 2400 ³

121 2527 129 2540 ,
224 2471 363 2542 ‚officio
384 2482 419 2540 et
441 2467 589 2558 collegio
610 2479 734 2537 nostro
756 2479 896 2555 gratum
920 2468 1045 2551 iacies,
1078 2477 1114 2536 et
1137 2467 1231 2558 ipsos
1281 2459 1665 2540 hactenusclementer
1686 2493 1752 2541 nos
1776 2484 1811 2541 et
1834 2467 1956 2540 docuit
1979 2455 2023 2541 et'
2037 2459 2198 2558 protexit,
2217 2465 2245 2522 el

246 2573 314 2644 tibi
328 2573 368 2643 in
385 2582 594 2663 perpetuum
619 2567 807 2639 devincies.
1033 2607 1042 2614 -
1282 2591 1362 2640 eum
1386 2592 1450 2640 oro
1473 2582 1546 2640 toto
1571 2585 1729 2662 pectore,
1754 2586 1795 2644 ut
1816 2595 1891 2640 nun
1905 2569 2000 2640 sinat
2013 2566 2109 2661 apud
2123 2579 2184 2631 nos
2196 2577 2245 2624 ex·

348 2668 429 2745 Oro
443 2672 549 2744 etiam
563 2683 637 2761 toto
654 2683 796 2761 pectore
810 2681 993 2740 aeternum
1009 2682 1145 2763 patrem
1154 2667 1231 2742 Do·
1281 2669 1399 2760 tingui
1435 2695 1557 2742 vocem
1578 2671 1786 2763 Evangelii,
1819 2673 1880 2744 sed
1914 2693 2056 2764 semper
2079 2667 2168 2738 inter
2191 2673 2245 2726 1¹⁰⁸

245 2775 337 2846 mini
351 2774 466 2847 nostri
482 2771 562 2844 lesu
575 2767 727 2858 Christi,
749 2769 848 2842 fonte
870 2771 1084 2864 sapientiae,
1104 2786 1144 2845 ut
1160 2769 1232 2844 Ee·
1280 2785 1459 2843 aeternam
1476 2771 1669 2846 Ecclesiam
1687 2775 1850 2864 colligat,
1872 2774 2049 2866 gubernet
2061 2780 2097 2840 et
2110 2767 2247 2859 protegat

248 2877 372 2948 clesias
387 2877 465 2969 pias
488 2875 622 2970 ubique
641 2869 819 2945 terrarum
837 2874 1028 2946 clementer
1049 2876 1168 2947 foveat
1192 2899 1232 2947 ac
1282 2897 1359 2943 nos.
1399 2872 1551 2966 Propter
1564 2891 1598 2947 te
1613 2875 1729 2960 Deus,
1756 2889 1900 2968 propter
1919 2888 1953 2946 te
1968 2875 2097 2957 facias,
2119 2879 2157 2938 ut
2170 2871 2246 2932 recle

247 2992 426 3072 protegat,
451 2990 486 3049 ct
500 2972 699 3072 prohibeat,
723 2999 769 3046 ne
781 2974 942 3048 restituta
957 2978 1140 3048 doctrinae
1153 3001 1233 3048 coe·
1283 2976 1482 3068 agnoscaris
1497 2993 1531 3048 et
1545 2992 1636 3049 recte
1652 2979 1839 3054 invocetis.

246 3081 344 3154 lestis
359 3081 440 3167 lux,
461 3102 503 3149 ac
523 3093 740 3151 caeterarum
762 3077 892 3146 artium
915 3079 1019 3148 novis
1035 3074 1234 3168 sophisma·
1385 3075 1487 3150 Sicut
1507 3093 1626 3152 autem
1646 3079 1815 3152 usitatum
1837 3091 1907 3161 est,
1933 3092 1968 3150 et
1990 3075 2142 3150 maxime
2163 3067 2246 3136 decet
2315 3097 2316 3102 ¹

247 3199 324 3254 tum
339 3180 558 3275 praestigiis,
583 3202 674 3281 quae
689 3172 939 3274 sycophantiae
955 3193 990 3250 et
1010 3182 1161 3251 subdola
1177 3183 1234 3251 in·
1282 3180 1322 3252 in
1346 3175 1403 3252 bis
1423 3181 1669 3273 congressibus
1691 3181 1762 3252 dici
1778 3181 1915 3276 aliquid
1930 3183 1976 3250 de
1989 3171 2176 3252 doctrinis,
2196 3173 2247 3233 ⁸¹¹²

247 3284 351 3374 genia
373 3283 586 3377 petulantia,
608 3280 834 3367 ambitione,
864 3281 950 3352 odio
972 3296 1008 3355 et
1029 3282 1155 3354 fraude
1172 3305 1244 3354 cu-·
1284 3283 1559 3370 deviantibus,
1589 3297 1651 3356 aut
1670 3285 1716 3354 de
1738 3277 1900 3354 honestis
1928 3281 2118 3375 exemplis,
2148 3269 2245 3340 dlfflffl

249 3387 340 3457 dunt
367 3400 403 3458 ct
420 3396 609 3477 spargunt,
634 3385 808 3454 obruatur
831 3395 894 3454 aut
919 3382 1169 3476 extinguatur,
1201 3400 1236 3459 et
1284 3385 1439 3480 aliquid,
1464 3409 1540 3456 non
1557 3386 1713 3456 alienum
1728 3409 1748 3454 a
1762 3385 1890 3456 studiis
1910 3383 2063 3469 nostris,
2087 3369 2246 3446 debono·

249 3512 316 3558 nos
332 3509 455 3591 omnes
469 3498 621 3577 regatac
641 3498 766 3560 servet
818 3480 913 3556 Dixi.
1285 3487 1401 3558 niensi
1422 3507 1610 3578 congressu
1632 3485 1751 3559 Camli
1775 3485 2004 3578 Imperatoris
2029 3498 2064 3555 et
2086 3463 2245 3582 pontificis

1284 3587 1498 3676 Clementis,
1524 3593 1587 3684 qui
1601 3584 1687 3660 haec
1704 3587 1886 3661 contentio
1900 3590 2000 3660 dere
2014 3581 2178 3658 maximas
2198 3588 2244 3631 W·

1285 3692 1415 3763 delicet
1438 3693 1483 3760 de
1504 3691 1669 3787 Synodo,
1700 3712 1791 3785 quae
1813 3690 1866 3759 ibi
1885 3689 1953 3760 luit
1973 3689 2069 3761 inter
2087 3678 2176 3750 vimi
2193 3687 2245 3737 ‘¹'

248 3820 315 3895 No·
335 3799 425 3898 109·¹
1056 3849 1104 3890 m,
1128 3827 1222 3892 1559·
1285 3794 1451 3864 callentes
1465 3795 1658 3890 sapientia,
1683 3792 1721 3862 in
1737 3787 1897 3864 historiis
1910 3789 2033 3888 Caroli
2052 3781 2172 3860 omlffl
2194 3775 2245 3845 ω’

253 3915 426 3946 ⁹⁴⁸⁴
1055 3915 1228 3946 Μ
1283 3917 1392 3991 quam
1407 3918 1471 3986 ego
1482 3897 1627 3990 quidem
1641 3895 1761 3967 iudico
1774 3893 1927 3964 maxime
1942 3891 2087 3983 dignam
2102 3885 2246 3954 essetne·

343 4052 483 4160 ,120
516 4079 761 4166 cuneo
785 4052 1082 4145 solem.
1283 4000 2055 4187 uu„:t‘uatuuuuatta
2070 3983 2245 4162 ltua

319 4247 351 4303 h
370 4245 501 4328 onstop.
518 4243 551 4299 T.
569 4244 604 4302 v·
623 4264 652 4318 p·
663 4246 699 4301 87
715 4178 794 4332 ,ἐφ’
814 4246 944 4305 mm
963 4245 996 4304 T.
1012 4247 1046 4302 u·
1067 4266 1094 4320 Ρ·
1109 4249 1188 4323 Μ,
1207 4259 1235 4306 a
1284 4199 1435 4271 Veneris
1449 4200 1694 4320 altercationes
1706 4199 1746 4269 in
1762 4205 1934 4319 poemate,
1947 4198 2010 4267 sed
2023 4215 2105 4266 vere
2119 4171 2245 4300 infllffl'

352 4316 382 4369 in
407 4314 588 4370 Oratronibus
611 4323 756 4385 postremas
773 4333 801 4388 p.
816 4315 860 4376 st.
881 4341 917 4356 -
951 4317 996 4371 De
1013 4315 1106 4372 eadem
1126 4337 1157 4373 re
1174 4319 1231 4376 rid.
1281 4317 1353 4375 idm
1377 4323 1452 4374 0⁸⁸0
1469 4297 1565 4374 liant
1588 4302 1898 4385 (leltltel's'tllonem‚
1929 4292 2045 4372 adhuc
2073 4286 2169 4364 muln
2188 4289 2247 4340 Μ’

351 4383 475 4456 Annales
491 4382 559 4438 ΜἸ·
576 4381 606 4438 ⁵¹¹
623 4381 694 4455 ⁸⁹9·
711 4382 779 4442 ⁸¹⁰¹·
792 4387 842 4444 ιχ·
859 4405 887 4458 Ρ·
903 4384 967 4441 ⁷⁰⁶·
1281 4417 1380 4491 runt,
1404 4403 1467 4499 qui
1485 4405 1734 4488 interfuerunt,
1748 4402 1858 4496 quiet
1873 4400 2066 4473 sententiae
2080 4387 2245 4464 sumfflm’

249 4545 379 4616 Oratio
409 4540 458 4614 de
483 4553 684 4638 conpressu
708 4547 936 4619 Bononiensi
960 4547 1084 4620 Caroli
1108 4551 1232 4642 impe.
1280 4508 1428 4579 etverba
1437 4508 1610 4626 quaedam
1620 4503 1881 4624 nostrisamicis
1890 4509 2094 4622 narmrunt.
2122 4471 2244 4584 Qffldff

246 4647 387 4718 sutoris
418 4651 457 4718 et
490 4643 691 4718 clamem,
727 4642 957 4744 munem
1003 4653 1167 4723 ,efflata
1205 4674 1232 4724 a
1279 4635 1319 4682 re
1341 4621 1537 4683 sententsae
1560 4632 1733 4681 summam
1758 4606 1910 4676 tidelster
1925 4604 2099 4681 recrubo,
2123 4581 2243 4658 cuano

296 4749 447 4822 Paulo
467 4745 775 4822 Damnem,
796 4751 986 4841 flagrem,
1007 4745 1179 4842 Demo,
1279 4712 1387 4782 verba
1403 4709 1670 4832 qmniareierre
1686 4731 1762 4778 non
1777 4729 1932 4827 possum.
1984 4702 2056 4775 Nec
2072 4669 2242 4850 duhlwullz

638 4847 699 4926 Π,
724 4847 834 4924 pepp,
1253 4875 1257 4927 Ι
1278 4815 1332 4885 los
1346 4825 1522 4906 sapsentes
1536 4825 1570 4883 et
1586 4813 1790 4904 eloquentes
1805 4831 1901 4880 vrros
1911 4819 2010 4879 tants
2026 4805 2071 4876 de
2085 4819 2133 4872 re,
2145 4807 2176 4856 ω

1278 4915 1491 5009 prudentius
1517 4929 1552 4986 et
1567 4911 1791 5008 splendidius
1803 4907 1952 4993 dixisse,
1991 4923 2096 5003 quam
2116 4889 2160 4964 ab
2177 4873 2243 4950 ⁰1¹⁰

242 4999 369 5090 Multa
391 5016 539 5110 vestigia
565 5015 664 5091 Deus
691 5019 872 5112 impressit
906 5019 1074 5091 omnibus
1103 5022 1230 5108 mundi
1277 5016 1350 5090 dici
1365 5029 1514 5111 possunt
1530 5015 1712 5099 omnium,
1735 5003 2115 5108 quinuncsapientiae
2135 4977 2243 5060 ²²⁰¹*

243 5117 426 5211 partibus,
459 5141 499 5190 ac
522 5120 711 5215 praecipue
735 5115 893 5207 homini,
934 5145 1026 5215 quae
1055 5135 1230 5196 testantur
1277 5118 1444 5216 quentiae
1457 5117 1563 5188 laude
1578 5115 1767 5188 excellunt.

166 5255 175 5268 ’
243 5245 317 5294 esse
332 5218 463 5309 Deum,
487 5225 727 5297 etostendunt
741 5223 857 5320 qualis
871 5223 934 5305 sit,
960 5236 996 5295 et
1011 5225 1229 5298 convincunt
1365 5219 1416 5294 Ut
1429 5233 1547 5291 antem
1561 5214 1631 5289 boc
1644 5232 1803 5308 tempore
1815 5211 2039 5308 potissimum
2055 5201 2145 5275 hane
2153 5195 2242 5271 ,wffl'

240 5320 574 5416 humanasmentes,
587 5336 630 5397 ut
642 5325 746 5397 lateri
763 5347 931 5417 cogamur
944 5349 1018 5396 esse
1033 5327 1226 5420 providen-
1276 5321 1570 5396 memorationem
1583 5319 1773 5406 adferrem,
1798 5339 1841 5388 eo
1854 5316 1905 5404 bt,
1930 5316 2015 5412 quis
2030 5315 2146 5382 rece!¹⁸
2158 5295 2243 5356 ⁰¹⁰¹·

239 5426 344 5513 tiam,
369 5440 404 5499 et
426 5450 493 5502 nos
505 5425 583 5500 Deo
599 5449 705 5500 curae
719 5449 814 5515 esse,
848 5441 884 5502 et
908 5441 1082 5524 quantum
1105 5444 1225 5502 manet
1251 5419 1254 5434 ’
1276 5442 1340 5500 tuo
1362 5423 1515 5512 Carolo,
1546 5447 1648 5520 saepe
1671 5420 1789 5514 cogito
1812 5430 1847 5491 et
1866 5419 1910 5490 de
1935 5417 2047 5514 ipsius
2072 5405 2191 5476 mim
2208 5393 2243 5447 ³⁰
