4604 5804
222 277 297 350 aar
465 273 676 350 serum
701 273 779 352 ru.
804 269 923 348 omn.
949 261 1017 346 so
1041 273 1171 350 urso.
1197 269 1345 352 eaor.
1370 269 1439 348 sr
1464 271 1661 352 russos
1686 273 2017 360 secessum.
2189 253 2271 364 ass

223 449 358 544 impios
381 461 415 518 et
438 417 621 524 infoelix.¹
645 445 809 542 Cumque
834 443 1118 538 Nabogdouosor
1137 449 1217 538 bel·
1264 459 1301 518 et
1314 445 1430 516 erucis
1443 445 1598 540 intelligi
1612 463 1790 540 oportere.
1839 449 2008 528 servavit
2030 456 2271 532 autenllem

225 555 300 624 lum
317 549 463 621 inferret
483 551 556 642 regi
571 548 833 648 Aegyptio,'in
854 573 926 644 quo
942 551 1150 622 interfectus
1163 564 1218 624 est
1264 547 1372 620 eoam
1387 547 1427 617 in
1445 549 1552 618 exilio
1577 552 1711 642 regiam
1734 555 2004 644 posteritatem,
2029 573 2065 632 et
2086 563 2270 652 populoru

158 687 167 714 ·
224 653 362 738 Nesso,
387 651 517 725 indixit
531 653 707 724 tributum
725 645 810 722 hoie
824 652 898 741 regi
918 649 1075 735 loakim,
1099 667 1135 724 et
1151 654 1217 724 ab·
1264 649 1405 738 magnis
1423 651 1607 722 miraculis
1630 654 1786 726 servavit
1813 668 1851 728 et
1878 661 2042 743 amerb,
2070 665 2208 756 quibos
2229 681 2273 736 et

226 757 329 828 ‹loxit
351 753 484 828 multos
506 753 654 826 ludaeos
677 755 716 823 in
740 750 981 848 Babylonem,
1007 755 1103 825 inter
1125 778 1217 850 quos
1265 766 1419 846 quatuor
1448 773 1547 842 reges
1573 753 1620 823 ad
1645 755 1865 846 agnitionem
1895 761 1975 832 veri
2002 763 2072 834 Ilei
2101 769 2274 836 conversi

227 871 262 930 et
276 857 425 942 Daniel,
450 871 483 928 et
501 857 563 928 alii
581 856 726 950 qnidam
745 855 884 926 nobiles
898 855 1139 928 adolescentes
1153 857 1219 928 ab·
1265 867 1367 924 sont:
1390 851 1675 943 Nahogdouosor
1697 869 1733 928 et
1748 857 1844 928 ilius
1859 861 1956 948 eius,
1981 861 2118 934 Darios
2132 866 2274 938 Medus

228 961 327 1032 ducti
354 973 456 1043 sont,
486 981 577 1054 quos
605 980 665 1028 rex
694 953 842 1029 honeste
864 957 1008 1028 educari
1036 973 1070 1029 et
1097 959 1217 1028 doceri
1265 953 1442 1050 etCyrus.
1491 955 1575 1026 Non
1600 957 1710 1048 igitur
1725 960 1918 1035 defuerunt
1940 967 2051 1036 doces
2074 981 2112 1037 et
2140 971 2274 1040 dorto-

228 1063 375 1135 coravit.
425 1058 518 1132 Com
544 1074 661 1130 autem
681 1057 817 1129 loalrim
841 1071 961 1151 postea
981 1083 1105 1130 rursus
1120 1061 1220 1130 defe-
1265 1081 1322 1128 res
1338 1053 1423 1127 huic
1439 1058 1592 1152 populo,
1621 1083 1702 1130 com
1718 1061 1858 1133 dederit
1870 1061 1968 1136 Deus
1982 1069 2114 1158 exirem
2127 1083 2274 1163 ternpo-

230 1165 333 1236 eisset
350 1185 369 1232 a
387 1185 467 1254 rege
483 1160 723 1258 Babylonico,
747 1183 910 1231 reversus
923 1157 1123 1234 Chaldaeus
1137 1185 1219 1232 coe-
1267 1184 1306 1230 re
1331 1158 1487 1230 illustres
1516 1161 1699 1247 doctores,
1722 1158 1929 1252 Danielem,
1958 1165 2209 1256 Ezechielem,
2234 1191 2275 1243 ee

228 1265 285 1360 pit
299 1262 457 1352 Ioalrim,
481 1275 518 1336 et
538 1285 619 1336 eom
640 1261 792 1334 interfici
811 1263 933 1348 iussit,
958 1277 993 1335 et
1014 1265 1144 1357 proiiei
1160 1287 1219 1335 ca-
1266 1263 1399 1334 deinde
1430 1261 1540 1347 alios,
1575 1275 1611 1335 et
1637 1263 1834 1336 manifestis
1859 1267 2044 1343 miraculis
2066 1276 2273 1345 ostmderir

230 1369 341 1438 dacer
361 1379 445 1438 aute
466 1367 591 1437 urbem
614 1361 867 1460 lerosolymam
890 1367 984 1434 inter
1002 1380 1138 1436 caetera
1161 1389 1220 1435 ca-
1268 1386 1367 1436 suam
1385 1363 1621 1452 praesentiam
1636 1365 1675 1433 in
1690 1361 1758 1438 hoc
1777 1371 1922 1458 populo.

232 1471 381 1556 devera,
413 1469 502 1540 sient
526 1468 748 1560 praedixerat
771 1465 804 1536 ei
822 1465 1006 1549 Ieremias,
1031 1469 1147 1559 capito
1164 1468 1220 1538 vi·
1369 1463 1481 1557 Capta
1496 1479 1615 1537 autem
1629 1467 1720 1538 orbe
1744 1492 1807 1538 rex
1821 1467 2017 1543 Zedechias
2038 1499 2083 1546 ex
2095 1478 2184 1568 fuga
2209 1505 2269 1550 re-

236 1572 366 1642 eesimo
382 1573 555 1664 serundo:
582 1569 773 1662 Sepultura
792 1569 885 1638 asini
899 1570 1101 1660 sepelietur.
1269 1579 1403 1638 tractus
1425 1577 1495 1652 est,
1520 1580 1557 1636 et
1577 1569 1624 1638 ad
1644 1591 1762 1658 regem
1783 1567 2049 1666 Babylonicum
2072 1579 2270 1666 adductus,

332 1665 538 1744 Ioaeds‘n
561 1672 637 1742 sice
650 1665 876 1742 [econius
897 1671 1058 1762 regnavit
1071 1673 1111 1740 iu
1129 1666 1220 1741 Iuda
1268 1668 1334 1740 ubi
1348 1669 1415 1736 filii
1427 1669 1503 1738 eius
1524 1668 1702 1742 interfecti
1718 1685 1820 1754 sont,
1846 1687 1883 1746 et
1901 1690 2003 1767 pater
2020 1678 2161 1752 effossis
2176 1707 2270 1752 οω-

232 1787 304 1847 tres
326 1799 474 1851 menses.
525 1771 689 1868 Cumque
711 1769 995 1862 Nabogdonosor
1015 1776 1140 1845 urbem
1164 1769 1221 1842 le-
1269 1770 1315 1840 lis
1325 1766 1547 1865 Babylonem
1561 1772 1741 1843 abductus
1752 1785 1814 1844 est.
1864 1772 2033 1850 Abducta
2056 1795 2109 1852 est
2133 1799 2172 1854 et
2187 1807 2269 1854 rna·

232 1877 447 1972 rosolymam
476 1875 662 1948 obsidione
693 1875 877 1956 cinxisset,
913 1876 1023 1946 suasit
1053 1874 1221 1946 Ieremias
1269 1872 1364 1942 xima
1381 1895 1463 1961 pars
1476 1873 1603 1963 populi
1619 1873 1659 1943 in
1673 1869 1902 1950 Chaldaeam.

233 1993 356 2052 contra
378 1979 538 2072 exempla
564 1977 726 2069 priorum
748 1971 1029 2068 Prophetarum,
1061 1990 1103 2048 ut
1123 1963 1222 2048 heret
1371 1972 1592 2048 Nominatira
1614 1988 1733 2046 autern
1759 1977 1911 2050 iusserat
1940 2003 2002 2052 rex
2033 1985 2132 2074 parci
2167 1984 2268 2058 Iere-

233 2083 382 2154 deditio.
440 2078 630 2174 Utrunque
652 2077 747 2148 enim
774 2077 970 2170 praedixit,
994 2081 1157 2150 futorum
1179 2091 1222 2148 ot
1269 2075 1382 2161 miae,
1407 2087 1441 2146 et
1464 2076 1499 2146 ei
1520 2099 1724 2147 concessum
1746 2089 1799 2150 est
1819 2101 1965 2151 manere
1984 2083 2026 2152 in
2049 2087 2166 2176 patris
2182 2115 2268 2160 cum

233 2179 450 2278 lerosolyma
465 2183 653 2268 deleretur,
674 2177 1220 2253 etabductosludaeosinexilio
1269 2177 1431 2270 reliquiis
1451 2178 1593 2270 populi,
1625 2201 1776 2272 quarum
1800 2193 1920 2253 tamen
1933 2185 2052 2256 rabies
2068 2202 2170 2260 tauta
2184 2192 2268 2276 fuit,

220 2282 312 2357 ileo
328 2308 433 2356 curae
448 2286 544 2370 fore,
570 2296 607 2355 et
625 2296 705 2376 post
718 2283 939 2374 septuaginta
955 2303 1068 2352 annos
1084 2283 1221 2354 reditu·
1269 2292 1309 2351 ut
1324 2279 1418 2350 inter
1430 2301 1503 2350 sese
1518 2279 1748 2365 dimicarent,
1774 2294 1809 2352 et
1823 2296 1949 2356 contra
1963 2290 2176 2360 mundatum
2184 2291 2267 2377 Dei,

232 2409 311 2477 ros,
336 2399 372 2458 et
386 2385 533 2476 patriam
550 2385 711 2478 politiam
726 2385 986 2457 instauratores
1001 2395 1085 2458 esse.
1124 2381 1220 2454 Huic
1270 2381 1368 2475 qood
1383 2381 1434 2452 eis
1452 2379 1617 2452 Ieremias
1633 2383 1812 2473 exposuit,
1836 2383 1877 2454 in
1893 2383 2097 2483 Aegyptum
2112 2393 2266 2464 descen-

232 2483 442 2582 prophetiae
465 2511 544 2558 cum
566 2489 725 2558 crederet
748 2483 925 2568 lemnias,
958 2487 1041 2557 fecit
1065 2487 1221 2557 deditio·
1270 2485 1415 2567 derent,
1440 2484 1503 2554 ubi
1526 2483 1656 2574 partim
1679 2485 1789 2570 fame,
1814 2488 1946 2575 partim
1969 2493 2182 2565 crudelitate
2203 2521 2265 2566 re-

232 2611 327 2665 nem.
379 2587 500 2680 Quare
522 2603 556 2662 et
573 2591 647 2683 ipse
664 2587 775 2661 etalii
797 2589 899 2659 multi
917 2586 1086 2660 Ieremiae
1103 2588 1220 2660 consi-
1269 2606 1353 2674 gum
1371 2583 1629 2678 Aegyptiorum
1643 2587 1837 2678 perierunt.
1890 2587 1999 2662 Itain
2017 2596 2142 2683 poenis
2158 2599 2264 2668 furor

233 2691 324 2762 lium
347 2703 533 2786 sequentes
555 2693 593 2762 in
610 2685 825 2762 chaldaeam
845 2690 989 2761 abducti
1004 2704 1105 2776 sunt,
1130 2713 1220 2784 quos
1269 2698 1322 2758 est
1336 2709 1473 2758 summa
1489 2710 1622 2779 poena,
1647 2701 1683 2759 et
1700 2689 1916 2762 calamitates
1931 2709 2051 2785 auget.

232 2793 285 2864 ibi
299 2791 397 2864 Deus
417 2793 580 2886 protexit.
632 2789 772 2864 Caeteri
785 2785 985 2886 Prophetae
1006 2791 1092 2863 inde
1107 2814 1220 2885 usque
1372 2785 1470 2860 Haec
1481 2801 1555 2862 tota
1568 2784 1716 2860 historia
1729 2791 1835 2883 plena
1844 2807 1897 2864 est
1906 2797 2148 2888 exemplorum
2161 2803 2264 2872 mol-

233 2893 373 2966 alosue
397 2908 583 2968 suaserunt
605 2893 868 2976 defensionem,
899 2891 1066 2966 Ieremias
1082 2895 1224 2964 dissue-i
1270 2889 1457 2982 tiplicium.
1509 2888 1554 2960 ln
1565 2891 1691 2983 poenis
1710 2906 1746 2965 et
1760 2893 1945 2967 furoribus
1966 2897 2264 2996 impiorumffcer-

233 2999 314 3080 det,
339 3013 374 3070 et
389 3011 549 3069 servator
563 2993 720 3070 Ecclesia
734 3020 830 3066 novo
845 2998 972 3081 modo,
997 2995 1163 3066 videlicet
1179 2995 1219 3063 in
1269 2993 1368 3063 nitor
1391 2992 1445 3062 ira
1466 2989 1546 3064 Dei.
1597 2991 1738 3065 Rursus
1760 3008 1795 3066 et
1815 2998 2058 3071 misericordia
2085 3007 2263 3090 cernitur,

231 3099 357 3186 exilio,
387 3105 467 3172 com
499 3100 722 3191 disputarent
752 3097 873 3189 impli,
906 3097 1114 3188 promissam
1145 3119 1220 3166 esse
1270 3117 1351 3164 cum
1382 3092 1477 3163 inter
1503 3106 1620 3165 tantas
1642 3096 1858 3168 calamitates
1879 3101 2050 3196 reliquiae
2073 3098 2262 3178 Ecclesiae
2288 3137 2289 3142 ¹

232 3201 476 3272 defensionem
493 3201 595 3294 stirpi
616 3196 643 3268 I
650 3194 741 3268 udo
761 3199 800 3268 io
822 3193 890 3268 hoe
908 3199 985 3290 ipso
1006 3198 1095 3268 loco.
1146 3195 1218 3269 Sed
1270 3192 1606 3266 mirabiliteraDeo
1618 3211 1816 3288 serventur,
1840 3201 1931 3273 sicut
1946 3202 2262 3296 iuquitIeremias:

231 3305 284 3396 pii
308 3304 486 3395 sapienter
511 3301 758 3372 discernebant
781 3300 1051 3391 promissionem
1083 3299 1220 3370 aeterni
1270 3295 1540 3368 Misericordiae
1559 3294 1726 3380 Domini,
1752 3302 1850 3393 quod
1871 3327 1946 3374 non
1968 3311 2172 3400 consumpti
2200 3336 2261 3382 su-

127 3463 130 3470 ,
232 3405 333 3497 regni
350 3421 382 3476 et
400 3427 483 3476 suae
495 3403 651 3497 politiae,
676 3416 711 3476 et
724 3403 894 3487 sciebant,
915 3401 1030 3474 Deum
1045 3402 1219 3494 promissa
1269 3421 1359 3474 mus.
1412 3396 1585 3468 videmus
1598 3413 1715 3470 autem
1733 3415 1766 3470 et
1783 3425 1849 3472 nos
1871 3399 1940 3474 hoc
1960 3419 2117 3498 tempore
2133 3413 2261 3482 ruinas

230 3521 407 3601 praestare
434 3506 667 3594 mirabiliter,
699 3518 734 3578 et
760 3501 1013 3597 promissiones
1039 3504 1219 3576 bonorum
1269 3497 1502 3591 imperiorum
1521 3516 1557 3572 et
1571 3501 1658 3570 alias
1671 3502 1898 3574 calamitates.
1951 3506 2070 3595 Quare
2085 3534 2260 3600 agnosca-

231 3612 470 3704 corporaliom
487 3608 735 3700 intelligendas
750 3629 822 3678 esse
838 3630 917 3676 cum
935 3605 1138 3696 exceptione
1160 3629 1219 3674 ca-
1269 3625 1348 3672 mus
1375 3601 1464 3669 iram
1491 3601 1579 3687 Dei,
1605 3615 1640 3672 et
1662 3605 1824 3674 conversi
1849 3608 1893 3676 ad
1909 3604 2025 3678 Deum
2043 3626 2206 3701 petamus
2224 3631 2259 3685 et

233 3713 431 3802 stipationis
455 3711 629 3785 etcrucis.
689 3707 792 3780 Hanc
807 3707 1005 3780 doctrinam
1022 3707 1060 3774 in
1078 3707 1141 3775 illo
1158 3728 1216 3776 ex·
1268 3716 1488 3795 expectemus
1510 3727 1706 3796 poenarum
1721 3707 1995 3798 mitigationem,
2020 3727 2054 3785 et
2077 3710 2258 3788 Ecclesiae

232 3815 326 3886 eidio
342 3813 485 3904 politiae
499 3813 693 3892 discebant,
719 3823 761 3882 ut
777 3833 858 3881 vera
872 3809 1115 3880 consolatione
1131 3830 1218 3878 con·
1269 3804 1582 3878 conservationem.
1792 3851 1801 3876 .

232 3917 362 3984 firmati
379 3939 451 3985 noo
469 3914 658 3984 delicerent
673 3936 693 3983 a
706 3909 802 3994 Deo,
829 3925 865 3983 et
886 3923 1107 4006 expectarent
1120 3909 1217 3981 redi·
1372 3905 1530 3999 Tempus
1551 3907 1649 3978 exilii
1670 3909 1787 3981 tribus
1809 3908 1898 3984 Iuda
1920 3914 1958 3983 in
1980 3911 2162 3989 Chaldaea
2177 3935 2255 4013 post

231 4033 309 4091 tum
323 4017 505 4088 divinitus.
658 4033 661 4040 ’
1269 4007 1544 4079 destructionem
1561 4007 1796 4107 lerosolymae
1818 4028 1853 4085 et
1872 4017 2015 4108 templi,
2045 4019 2115 4090 fuit
2139 4047 2255 4092 auno-

343 4115 379 4188 Z
386 4111 439 4188 ed
444 4110 600 4188 ecbs'ds
625 4116 786 4206 regnavit
801 4115 839 4185 in
856 4112 943 4188 luda
959 4137 1072 4186 annos
1089 4113 1132 4185 11
1150 4113 1218 4183 irn-
1268 4134 1348 4181 rum
1368 4109 1418 4181 70
1442 4133 1553 4204 usque
1574 4114 1620 4182 ad
1641 4109 1728 4207 Cyri
1753 4115 1928 4209 edictum,
1953 4132 1993 4190 ut
2017 4142 2082 4190 soo
2100 4123 2181 4194 loco
2199 4127 2252 4193 di-

232 4219 314 4314 pius
344 4235 377 4292 et
407 4220 573 4305 infoelix,
604 4219 732 4291 defecit
761 4241 782 4289 a
816 4239 895 4308 rege
922 4214 1217 4306 Nabogdonosor.
1268 4235 1407 4298 cemus,
1432 4213 1470 4281 in
1491 4215 1646 4285 secunda
1665 4214 1884 4291 monarchia.
1934 4217 2025 4293 Nam
2052 4219 2172 4296 adhuc
2199 4251 2253 4296 re-

231 4321 357 4396 Rediit
378 4322 489 4414 igitur
507 4321 808 4413 Nabogdonosor,
834 4335 867 4392 et
890 4317 1014 4390 urbem
1040 4316 1218 4413 Ierosoly·
1268 4315 1417 4386 citamus
1456 4337 1511 4383 res
1546 4316 1769 4410 praecipuas,
1810 4343 1901 4415 quae
1930 4335 2089 4416 tempore
2118 4329 2252 4418 primae

232 4447 328 4496 roam
353 4425 463 4497 cinxit
486 4422 674 4496 obsidione
697 4423 874 4515 integrum
897 4429 1031 4495 annum
1058 4433 1093 4490 et
1116 4443 1218 4492 meo·
1268 4411 1495 4487 monarchiae
1516 4418 1741 4504 acciderunt,
1768 4447 1839 4515 quo
1853 4435 2011 4514 tempore
2025 4427 2170 4500 fuerunt
2188 4431 2251 4498 llo-

232 4549 286 4600 ses
310 4541 456 4626 septem.
506 4523 585 4599 Etsi
606 4541 723 4599 autern
742 4523 907 4597 Ieremias
926 4521 1096 4594 suadebat
1114 4522 1218 4617 dedj-
1267 4519 1466 4590 certissima
1482 4541 1588 4609 regna
1603 4516 1883 4616 Chaldaeorum,
1909 4525 2160 4622 Assyriorum,
2183 4529 2250 4600 Ac-

232 4631 380 4720 tionem,
408 4645 524 4702 tamen
538 4627 731 4720 pertinacia
750 4640 847 4698 tanta
864 4625 951 4711 fuit,
974 4636 1015 4696 ut
1027 4623 1218 4696 defendere
1267 4621 1489 4718 gyptiorom,
1510 4621 1746 4717 lerosolymae
1762 4639 1796 4696 et
1813 4623 2015 4698 Samariae,

231 4733 357 4804 urbem
373 4745 579 4814 conaretur,
605 4755 686 4802 eom
702 4729 845 4826 quidem
859 4729 952 4798 farne
967 4725 1061 4799 intra
1077 4725 1217 4798 moenia
1369 4721 1444 4792 Iam
1460 4721 1499 4792 in
1520 4724 1626 4794 exilio
1642 4726 1914 4799 considerentur
1927 4731 2130 4802 testimonia
2151 4757 2249 4827 prae-

234 4834 513 4928 quotidiemulti
574 4832 697 4906 rirent.
737 4829 807 4904 Sed
825 4829 1100 4902 confirmabatur
1114 4829 1217 4899 furor
1267 4825 1401 4898 sentiae
1421 4821 1490 4895 Dei
1514 4825 1554 4898 in
1576 4822 1753 4914 Ecclesia,
1778 4852 1868 4922 quae
1889 4833 2047 4904 ostendit
2071 4833 2188 4921 Deus,
2214 4849 2250 4906 ut

233 4935 372 5008 amalis
387 4859 614 5022 doctorihds,
640 4933 703 5030 qui
716 4931 1018 5024 vociferabantur,
1045 4953 1215 5022 nonpos-
1266 4927 1563 5000 confirmarentur
1584 4929 1636 5022 pii
1663 4931 1832 5002 adversus
1855 4932 1963 5018 alios,
1992 4936 2056 5029 qui
2080 4939 2248 5008 vocifera-

233 5061 269 5112 se
284 5037 395 5108 deleri
409 5061 556 5129 regnum
574 5037 680 5120 luda,
707 5035 790 5130 quia
812 5035 851 5104 in
873 5033 1107 5128 promissione
1125 5031 1215 5102 dici·
1264 5031 1415 5116 bantur,
1441 5026 1589 5102 Iudaeos
1606 5053 1687 5102 cum
1703 5031 1902 5105 amisissent
1918 5057 2079 5126 regnum,
2103 5040 2248 5130 patriam

232 5155 310 5216 tur:
341 5137 423 5214 Non
445 5141 621 5211 auferetur
649 5152 825 5234 sceptrum
848 5148 884 5208 et
908 5135 1034 5207 doctor
1050 5137 1096 5206 de
1114 5129 1215 5222 luda,
1265 5147 1298 5204 et
1321 5121 1510 5225 templum,
1535 5124 1652 5201 nihilo
1673 5133 1785 5224 magis
1805 5157 1910 5206 curae
1932 5159 2005 5208 esse
2019 5137 2118 5227 Deo,
2145 5163 2246 5235 qoam

231 5247 345 5317 donec
379 5241 518 5314 venerit
549 5235 664 5312 Silob.
736 5239 809 5314 Nec
842 5253 961 5332 tamen
995 5235 1215 5328 cogitabant,
1263 5233 1350 5306 alias
1373 5245 1511 5322 gentes,
1541 5248 1582 5305 ut
1604 5233 1764 5308 iudicant
1780 5231 1942 5309 homines
1963 5262 2005 5308 ex
2019 5242 2175 5313 adversis
2194 5241 2246 5311 vel

230 5343 345 5420 Deum
364 5341 578 5418 mirabiliter
591 5353 767 5434 praestare
779 5341 962 5434 promissa.
1013 5333 1061 5410 Et
1075 5337 1113 5408 in
1128 5359 1213 5428 pro-
1263 5335 1426 5408 secundis
1442 5334 1559 5407 rebus.
1612 5333 1684 5408 Sed
1698 5336 1817 5408 statim
1832 5361 1913 5411 com
1929 5341 2090 5414 adoratio
2116 5358 2246 5417 statuae

232 5449 461 5524 missionibus
471 5434 716 5540 corporalibus
724 5443 963 5540 exceptionem
973 5438 1228 5535 castigationis
1260 5437 1513 5524 mandabatur,
1555 5437 1710 5514 ostendit
1736 5435 1834 5514 Deos
1864 5443 2099 5538 praesentiam
2139 5469 2244 5530 suam,

198 5740 298 5794 fi
1234 5731 1252 5786 Ι
