4726 5828
110 278 181 354 105
709 273 865 354 DECL.
912 275 988 350 DE
1020 275 1217 354 PARTU
1251 277 1394 351 Flbll
1428 270 1540 351 unt.
2058 267 2133 346 tos

205 451 399 546 Postquam
422 465 516 522 certo
539 447 770 520 constitutum
794 465 846 522 est
876 475 941 521 nos
973 475 991 518 a
1017 449 1093 521 Deo
1145 477 1191 522 an
1206 452 1281 544 ipse
1298 451 1507 520 exaudiatur
1521 448 1684 538 ambigit,
1708 445 1819 516 immo
1834 446 1875 516 in
1889 445 1981 516 veris
1995 445 2131 517 dolori-

107 557 228 647 diligi,
255 570 290 625 et
303 553 493 624 didicimus
509 555 689 646 quomodo
706 554 920 645 recipiamur
942 565 973 624 ct
989 576 1094 621 exau·
1144 538 1348 623 bus‘deseri
1369 575 1406 622 se
1431 552 1575 621 iudicat.
1635 549 1755 639 Quare
1784 549 1934 618 sciamus
1955 571 2074 618 veram
2097 561 2132 619 et

107 661 264 742 diamur,
291 669 425 725 certum
451 653 665 745 praesidinm
690 648 824 725 babent
855 654 933 744 piae
960 669 1094 722 mentes
1144 657 1315 745 integram
1341 655 1509 744 gloriam,
1542 653 1590 722 ita
1613 655 1756 722 demum
1783 647 1859 720 Deo
1885 651 2015 736 tribui,
2050 673 2130 721 eum

106 763 143 831 in
166 755 530 848 omnibuspericnlis.
573 753 714 825 Norun't
735 757 828 824 enim
848 781 884 824 se
900 753 976 824 Deo
991 779 1094 824 curae
1144 758 1258 826 filium
1285 770 1318 826 et
1344 757 1420 825 eius
1436 755 1605 824 beneficia
1621 752 1853 843 agnoscimus.

107 887 199 942 esse,
227 883 264 930 se
287 857 421 941 iuvari,
448 858 520 947 regi
541 869 574 926 et
598 857 750 925 defendi.
804 854 900 926 Haec
923 872 973 926 est
994 858 1094 925 lirma
1247 857 1440 946 Quomodo
1465 871 1581 926 autem
1607 878 1728 947 pacem
1753 854 1792 922 in
1820 856 1922 924 terris
1953 847 2011 924 hic
2037 853 2133 924 lilius

107 961 321 1046 consolatio,
355 959 459 1048 longe
482 981 652 1050 superans
682 953 945 1050 philosophicas
968 981 1095 1029 conso·
1146 961 1269 1046 efficit,
1295 983 1375 1028 cnm
1397 954 1554 1028 Ecclesia
1580 957 1784 1046 ingentibus
1807 957 1986 1026 aerumnis
2005 955 2133 1025 conlll·

108 1065 275 1149 latiores,
300 1085 389 1156 quae
406 1060 531 1131 iubent
545 1059 722 1129 moderari
739 1061 893 1144 dolores,
919 1061 979 1130 sed
996 1060 1095 1130 auxi·
1146 1061 1281 1132 cretur?
1313 1059 1462 1152 Propria
1485 1055 1570 1128 haec
1586 1055 1764 1128 Ecclesiae
1786 1059 1958 1148 sapientia
1977 1071 2048 1148 est,
2074 1059 2133 1126 in·

108 1169 194 1237 lium
221 1189 298 1235 nou
321 1175 532 1237 monstrant.
583 1159 681 1232 llaec
697 1162 859 1232 doctrina
875 1165 919 1230 de
936 1161 1010 1230 lilio
1026 1161 1094 1232 Dei
1146 1165 1322 1253 telligere,
1360 1187 1424 1232 cur
1452 1158 1541 1230 banc
1572 1174 1709 1231 sontem
1738 1175 1901 1231 naturam
1933 1155 2134 1244 hominum,

106 1281 280 1338 monstrat
293 1265 480 1336 auxilium.
1146 1263 1241 1336 Deus
1263 1266 1369 1334 tantis
1397 1263 1654 1333 calamitatibus
1687 1264 1877 1332 excruciari
1903 1263 2004 1332 sinat.
2062 1259 2134 1331 Sed

207 1367 280 1440 Sed
305 1363 365 1437 hic
386 1366 559 1436 monendi
582 1379 665 1437 sunt
691 1365 889 1450 auditores,
914 1359 1096 1434 haeceine
1146 1379 1306 1460 expectat
1327 1361 1484 1436 Ecclesia
1505 1389 1627 1455 pacem
1652 1377 1685 1434 et
1712 1363 2005 1457 tranquillitatem
2039 1363 2135 1432 inte·

105 1470 282 1543 exercitiis
303 1469 540 1539 invocationis
570 1493 644 1536 non
667 1467 831 1556 intelllgi.
884 1462 1096 1536 Moveamur
1146 1493 1261 1558 gram,
1288 1493 1367 1537 cum
1390 1467 1483 1536 filius
1506 1464 1575 1536 Dei
1598 1491 1672 1534 eam
1696 1489 1737 1534 ex
1760 1480 1874 1536 morte
1895 1465 2077 1534 revocabit
2095 1465 2134 1532 in

102 1575 214 1664 igitur
239 1571 391 1664 publicis
418 1583 454 1640 et
475 1568 621 1662 privatis
646 1569 815 1652 miseriis,
845 1581 885 1638 ut
914 1567 1093 1636 invocatio
1146 1572 1266 1642 vitam.
1320 1567 1456 1639 Interea
1481 1593 1565 1637 vero
1596 1580 1689 1650 tenet
1710 1567 1747 1638 id
1770 1569 1927 1650 bonum,
1962 1569 2057 1659 quod
2082 1579 2136 1636 est

103 1673 171 1744 Dei
206 1675 246 1742 in
279 1671 385 1741 nobis
411 1671 636 1741 accendatur.
695 1667 750 1739 De
773 1693 843 1763 qua
870 1669 975 1739 etiam
1004 1667 1095 1736 illud
1147 1672 1388 1762 praecipuum,
1414 1671 1480 1740 scit
1494 1667 1609 1739 Deum
1627 1669 1731 1738 nobis
1747 1683 1781 1740 et
1796 1671 1972 1761 placatum
1988 1691 2074 1752 esse,
2101 1681 2136 1738 et

65 1815 75 1830 .
103 1777 216 1846 sciant
232 1773 433 1854 auditores,
457 1785 497 1843 ut
512 1767 677 1843 Christus
695 1794 815 1841 recens
839 1785 964 1855 natus,
991 1770 1095 1837 invo·
1146 1775 1218 1842 illis
1232 1773 1412 1842 aerumnis
1426 1771 1595 1863 opitulari
1611 1772 1714 1840 velle.

102 1879 200 1948 lutus
222 1889 274 1945 est
297 1873 469 1953 fasciolis,
503 1873 553 1944 ita
579 1874 779 1944 doctrinam
803 1874 848 1941 de
870 1871 1096 1940 invocatione
1246 1872 1349 1942 Hanc
1371 1871 1649 1942 consolationem
1669 1873 1785 1942 sciunt
1808 1873 1859 1966 pii
1875 1876 1993 1945 verius
2013 1897 2134 1968 pacem

104 1979 302 2048 involutam
317 1999 389 2044 esse
406 1975 588 2045 doetrinae
605 1971 816 2063 Evangelii,
841 1997 932 2066 quae
949 1969 1017 2042 Dei
1034 1973 1096 2042 be·
1147 1999 1239 2061 esse,
1266 1991 1301 2048 et
1316 1977 1628 2074 tranquillitatem,
1658 2001 1764 2074 quam
1790 1975 1911 2045 inania
1940 1990 1974 2047 et
1997 1975 2136 2065 fugacia

102 2079 230 2149 reficio
247 2090 351 2146 sonat
365 2077 402 2144 ln
416 2075 545 2146 nostris
561 2071 740 2145 Ecclesiis·
1147 2083 1273 2152 mundi
1298 2083 1424 2172 gaudia
1443 2105 1686 2176 quaecunque.
1740 2077 1851 2170 lgitur
1873 2075 1965 2148 lilius
1984 2075 2051 2148 Dei
2072 2101 2137 2169 pa·

201 2177 312 2250 Nulla
327 2191 377 2246 est
392 2172 580 2259 invocatio,
604 2177 674 2246 nisi
690 2177 935 2269 intelligantur
949 2204 989 2251 ea
1006 2204 1096 2275 quae
1148 2209 1221 2254 cem
1246 2185 1347 2255 affert
1373 2184 1410 2253 in
1437 2199 1548 2269 terra,
1575 2197 1608 2254 et
1625 2182 1706 2278 quia
1722 2182 1880 2274 placator
1896 2193 1947 2250 est
1967 2181 2039 2249 irae
2055 2176 2138 2263 Dei,

102 2304 207 2374 saepe
223 2279 416 2371 repetimus
433 2281 477 2346 de
493 2279 582 2362 lide,
608 2304 677 2373 qua
694 2280 732 2350 lit
745 2283 1000 2356 reconciliatio.
1053 2281 1094 2352 si
1148 2301 1181 2357 et
1199 2287 1379 2358 decretum
1395 2287 1486 2356 illud
1503 2285 1637 2356 aeterni
1655 2285 1764 2378 patris
1781 2285 1825 2353 de
1849 2281 2137 2353 reconciliatione

102 2383 183 2476 quis
206 2383 336 2454 retinet
359 2381 604 2473 persuasiones
627 2375 890 2474 philosophicas
915 2398 951 2455 et
972 2379 1095 2475 phari·
1149 2389 1301 2480 profert,
1336 2413 1375 2458 ac
1398 2404 1493 2458 certo
1523 2389 1674 2458 affirmat
1698 2387 1803 2456 nobis
1828 2385 1960 2456 remitti
1985 2396 2137 2474 peccata,

102 2486 235 2570 saicas,
265 2481 387 2578 quales
409 2484 608 2552 defendunt
630 2479 817 2568 monachi,
850 2485 1010 2556 etmulti
1033 2485 1095 2554 alii
1148 2515 1213 2560 nos
1238 2491 1445 2580 ingratiam
1470 2513 1490 2558 a
1518 2489 1593 2560 Deo
1619 2489 1727 2579 recipi
1755 2501 1789 2556 et
1814 2487 1932 2558 vocari
1957 2487 2000 2554 ad
2026 2485 2138 2554 socie-

101 2581 224 2656 hostes
244 2585 334 2656 lucls
355 2580 543 2674 Evangelii
567 2585 677 2674 lugiet
700 2583 835 2670 Deum,
869 2600 902 2658 el
925 2588 1095 2656 adversus
1148 2605 1253 2662 tatem
1269 2608 1431 2663 aeternae
1449 2591 1554 2673 vitae,
1580 2591 1690 2660 immo
1706 2591 1745 2658 in
1761 2587 1833 2658 vita
1849 2611 1915 2662 nos
1931 2581 2061 2655 habere
2075 2610 2138 2656 cu.

101 2712 185 2758 eum
211 2688 357 2771 fremet,
381 2699 421 2756 ut
436 2686 539 2755 multi
557 2685 594 2753 in
619 2687 829 2775 tragoediis,
855 2686 917 2779 qui
935 2689 1095 2756 irascun·
1148 2696 1284 2762 stadem
1299 2707 1334 2762 et
1348 2693 1597 2786 opitulatorem
1614 2688 1743 2764 Deum,

100 2801 159 2859 lut·
176 2785 275 2871 Deo,
300 2811 340 2857 ac
360 2787 475 2878 palam
498 2788 673 2871 satientur,
698 2811 734 2856 se
752 2787 933 2871 dubilate,
959 2812 1005 2856 an
1029 2783 1097 2855 lto·
1249 2791 1321 2864 Nec
1339 2797 1529 2864 obscurum
1548 2809 1598 2864 est
1615 2797 1758 2865 tertium
1780 2794 1982 2864 membrum
1996 2793 2036 2862 in
2053 2815 2136 2861 can-

99 2891 247 2960 minum
261 2889 475 2960 calamllflles
491 2898 611 2958 cernat
625 2885 734 2961 Deus·
781 2883 828 2959 El
844 2911 889 2956 ³1¹
905 2883 1098 2982 lachrymis
1148 2894 1217 2964 tico
1238 2889 1479 2986 Angelorum,
1506 2896 1686 2984 prioribus
1708 2897 1876 2984 cognitis,
1901 2897 1980 2984 piae
2001 2905 2139 2966 mentes

100 3006 135 3062 et
157 2990 257 3061 votis
283 2990 494 3062 miserorum
515 2989 688 3064 flectatur.
741 2987 888 3058 Necesse
912 3003 964 3060 est
989 2990 1098 3079 igitur
1147 2995 1325 3066 laetantur
1347 2995 1528 3086 agnitione
1548 2994 1635 3082 Dei,
1662 2997 1845 3085 beneficiis
1867 2995 1951 3080 lilii,
1977 2996 2139 3066 reconci-

100 3106 198 3164 recte
232 3091 383 3182 intelligi
406 3086 659 3180 Evangelium,
692 3104 727 3161 et
754 3092 908 3160 discerni
938 3087 1096 3162 ethnicas
1147 3095 1313 3182 liatione,
1345 3112 1379 3168 et
1398 3098 1627 3192 acquiescunt
1652 3098 1691 3167 in
1717 3096 1814 3183 Deo,
1846 3099 1982 3168 etiamsi
2011 3119 2138 3188 magna

99 3220 162 3265 seu
187 3189 363 3262 humanas
394 3191 581 3282 opiniones
607 3216 626 3260 a
658 3193 799 3263 decreto
822 3195 866 3264 de
889 3193 1098 3262 reconcilia·
1148 3200 1305 3290 pericula
1328 3213 1600 3293 proponuntur,
1625 3214 1660 3271 et
1680 3201 1842 3270 omnium
1865 3224 2034 3290 generum
2057 3224 2139 3269 cru.

99 3297 224 3379 tione,
250 3295 344 3387 quod
364 3293 458 3363 fitius
474 3289 541 3362 Dei
557 3317 599 3360 ex
622 3291 703 3363 sinu
721 3295 857 3364 aeterni
883 3295 993 3384 patris
1013 3319 1098 3383 pro-
1148 3302 1279 3384 clatus,
1306 3303 1344 3370 in
1359 3304 1614 3393 propagatione
1628 3303 1810 3375 doctrinae
1826 3303 2025 3396 perferendi
2043 3313 2138 3371 sont.

98 3398 207 3481 tulit,
228 3395 324 3490 quod
343 3393 455 3464 literis
475 3394 637 3463 mandari
662 3419 725 3486 per
740 3390 936 3486 Prophetas
951 3412 984 3468 et
997 3396 1097 3487 Apo·
1148 3398 1230 3472 Erit
1247 3417 1364 3472 autem
1389 3405 1525 3492 integra
1547 3405 1701 3490 laeticia,
1725 3401 1805 3476 cum
1821 3401 2042 3498 triumphum
2061 3415 2141 3493 aget

98 3499 216 3569 stolos
239 3495 374 3574 voluit,
401 3496 497 3588 quod
516 3520 580 3565 nos
597 3497 757 3587 quotidie
776 3493 853 3565 Deo
876 3499 1097 3586 gubernante
1147 3503 1244 3573 fitius
1254 3502 1339 3588 Dei,
1367 3518 1529 3576 revocata
1545 3499 1703 3576 Ecclesia
1719 3531 1760 3576 ex
1775 3518 1899 3577 morte.

97 3613 243 3670 mentes
271 3611 305 3668 et
332 3597 473 3684 linguas
496 3608 634 3665 nostras
650 3597 743 3666 bona
760 3597 829 3665 lide
845 3599 947 3666 vobis
964 3623 1096 3690 propo·
1250 3603 1349 3677 Haec
1361 3630 1487 3698 magna
1504 3608 1672 3677 beneficia
1688 3608 1754 3676 lilii
1767 3609 1835 3680 Dei
1850 3621 1983 3678 mount
1999 3603 2140 3698 Angeli,

97 3702 235 3773 nimm-
289 3693 376 3768 Eius
394 3697 575 3768 ἅῠΰῑῐῐΰὸθ
599 3719 736 3768 summa
761 3695 1094 3790 comprehendenda
1148 3731 1188 3777 ac
1215 3706 1415 3796 significant
1438 3703 1632 3778 Ecclesiam
1657 3733 1699 3780 ea
1723 3732 1861 3800 semper
1881 3709 2137 3779 celebraturam

96 3817 169 3884 est,
201 3801 234 3869 si
259 3793 424 3870 volumus
453 3812 488 3867 et
508 3798 677 3868 benelicia
708 3798 773 3867 filii
795 3799 865 3869 Dei
888 3799 1097 3890 intelligere,
1148 3830 1233 3880 ease.
1279 3805 1401 3897 Quare
1416 3823 1451 3880 et
1466 3833 1534 3879 nos
1549 3811 1620 3880 iam
1637 3835 1709 3881 nna
1728 3837 1807 3881 cum
1822 3806 1970 3900 Angelis
1988 3835 2028 3881 ea
2042 3811 2140 3901 cogi.

95 3919 131 3974 et
161 3915 263 3972 recte
290 3923 450 3970 exercere
481 3899 754 3974 invocationem.
815 3899 976 3972 Fortasse
1001 3903 1096 3972 deri·
1147 3921 1261 3978 tamus
1284 3923 1318 3978 er
1337 3909 1589 4004 praedicemus,
1635 3909 1887 3985 Existimemus
1903 3935 1970 3983 no,
1984 3914 2139 3983 wider,

94 4009 187 4076 dent
215 4024 271 4070 me
286 4001 398 4096 aliqui
417 3997 502 4071 haec
523 4017 877 4073 commemorantem:
903 4005 964 4072 sed
991 4005 1095 4075 toties
1147 4013 1192 4080 ad
1210 4034 1330 4094 cunas,
1355 4037 1519 4082 unarum
1535 4011 1665 4093 Maria,
1695 4009 1841 4106 loseph,
1867 4009 2033 4106 Angelis,
2059 4011 2140 4104 Eli-

94 4107 168 4179 iam
195 4102 293 4187 dixi,
317 4126 375 4171 me
399 4102 602 4171 concionari
627 4126 699 4172 non
725 4099 925 4195 Prophanis
949 4117 983 4174 et
1006 4101 1096 4196 Epi·
1147 4106 1294 4197 zabeth,
1319 4110 1516 4199 Zacharia,
1540 4128 1576 4184 et
1597 4139 1874 4186 commemorare
1897 4112 1983 4186 haec
2006 4115 2139 4186 benefi-

95 4207 239 4290 cureis‚
264 4218 326 4273 aut
342 4201 566 4298 Hypocritis,
593 4203 654 4272 sed
670 4205 713 4272 iis
728 4206 789 4299 qui
807 4230 880 4275 non
897 4205 1097 4291 fastidiunt,
1147 4213 1222 4294 eia,
1247 4213 1482 4304 inspectantes
1500 4229 1623 4286 natum
1641 4213 1832 4300 Messiam,
1857 4232 1892 4289 et
1908 4242 2005 4288 nunc
2020 4241 2139 4308 genas,
2246 4237 2248 4242 ⁴

94 4325 129 4382 et
153 4333 236 4379 non
261 4317 494 4376 contemnunt
516 4301 764 4394 Evangelium,
816 4305 884 4377 His
909 4329 1031 4398 spero,
1062 4322 1097 4379 et
1134 4339 1243 4398 ¹rtunc
1258 4315 1433 4400 frontem,
1458 4339 1555 4386 nunc
1573 4319 1702 4389 tenella
1719 4316 1864 4390 brachia
1881 4319 2138 4404 deosculantes,

94 4428 243 4502 gratum
259 4429 343 4490 esse,
370 4421 405 4476 et
418 4405 542 4476 utilem
559 4400 653 4476 hanc
668 4409 769 4500 quasi
783 4409 1095 4479 commonefactio-
1145 4430 1186 4487 ut
1209 4430 1301 4485 certe
1324 4418 1501 4488 faciebant
1525 4417 1663 4502 Mater,
1692 4417 1839 4515 loseph,
1871 4417 2011 4510 Angeli.
2068 4417 2138 4490 His

94 4538 197 4585 nem.
249 4505 323 4577 Nec
341 4531 427 4576 vero
453 4507 550 4578 aliud
583 4503 753 4579 hactenus
777 4510 871 4593 dixi,
904 4509 973 4578 nisi
998 4513 1094 4604 quod
1146 4518 1752 4606 noscogitationibus'accendamus
1777 4526 1822 4594 ad
1843 4524 2078 4594 maximarum
2101 4536 2137 4594 et
2192 4541 2194 4544 ·

94 4615 168 4708 ipsi
186 4607 321 4699 Angeli
337 4625 466 4680 sonant
486 4611 523 4677 in
541 4610 603 4679 illo
620 4634 685 4679 suo
700 4606 854 4706 hymno,
881 4636 987 4706 quem
1006 4614 1096 4682 ceci·
1145 4633 1369 4690 aeternarum
1394 4645 1515 4690 rerum
1541 4621 1782 4710 intellectum,
1812 4639 1847 4696 et
1870 4649 2045 4710 amorem,
2071 4649 2137 4696 nec

93 4727 239 4788 nerunt
253 4711 420 4782 audiente
432 4711 662 4782 multitudine
677 4727 859 4804 pastorum
875 4737 997 4784 recens
1012 4729 1095 4784 nato
1145 4720 1255 4791 simus
1272 4721 1403 4792 similes
1418 4719 1556 4793 Herodi
1570 4737 1604 4796 et
1621 4719 1840 4812 Pharisaeis,
1868 4724 1930 4820 qui
1948 4729 2066 4798 audita
2083 4729 2138 4795 fa-

94 4845 137 4888 ex
164 4812 310 4905 virgine
331 4813 406 4881 lilio
431 4811 515 4883 Dei:
557 4811 683 4883 Gloria
712 4815 750 4883 in
774 4814 917 4884 excelsis
939 4816 1035 4901 Deo,
1063 4831 1097 4887 et
1145 4825 1270 4892 made
1304 4837 1388 4894 nato
1423 4820 1492 4896 hoc
1518 4849 1649 4918 puero,
1684 4827 1902 4898 insidiantur
1927 4830 2002 4900 eius
2032 4831 2135 4904 vitae.

94 4923 133 4990 in
171 4933 271 4988 terra
306 4939 394 5007 pax,
426 4909 634 4985 hominibus
661 4914 809 4986 laeticia.
860 4912 994 5006 Agnito
1021 4919 1095 4987 filio
1144 4921 1226 4993 Non
1242 4941 1509 4996 contemnamus
1525 4927 1638 4998 lilium
1656 4925 1734 5012 Dei,
1754 4943 1795 5004 ut
1809 4931 1924 5001 solent
1939 4928 2055 5016 multi,
2073 4931 2136 5002 alii

92 5019 187 5100 Dei,
225 5033 300 5088 tum
334 5016 476 5086 demum
510 5041 593 5086 vere
627 5018 845 5108 conspicitur
878 5019 991 5107 gloria
1017 5017 1097 5104 Dei,
1144 5025 1225 5093 aliis
1257 5027 1417 5118 occupati
1450 5029 1651 5107 furoribus,
1690 5027 1822 5124 quibus
1850 5032 1985 5104 dictum
2016 5048 2069 5112 est
2097 5032 2136 5119 ip

94 5125 182 5218 quia
221 5116 421 5210 amplitudo
448 5118 710 5216 misericordiae
734 5117 820 5200 Dei,
846 5119 966 5210 patefit
989 5121 1095 5191 nobis
1144 5123 1306 5213 Psalmo,
1330 5124 1396 5197 hos
1420 5131 1516 5220 ipsos
1538 5132 1674 5198 furores
1693 5130 1743 5200 eis
1768 5134 1874 5204 exitio
1897 5133 2136 5214 futurosesse.

94 5227 236 5296 donato
256 5219 353 5291 lilio.¹
1143 5223 1394 5298 Contra·vero
1425 5229 1588 5300 Psalmus
1621 5230 1757 5325 inquit:
1793 5231 1894 5318 Beati
1929 5235 2136 5332 omnesqui

200 5315 356 5392 Etiamsi
379 5321 508 5393 latetur
533 5321 634 5394 Plato
657 5348 791 5392 numen
813 5349 885 5394 esse
901 5339 1095 5414 aeternum,
1117 5407 1121 5418 ⁸
1144 5331 1331 5402 confidunt
1345 5329 1522 5416 Domino,
1549 5331 1612 5426 qui
1629 5327 1864 5426 Evangelium
1881 5317 2039 5409 iudicant
2053 5357 2137 5412 xnon

93 5429 259 5520 sapiens,
290 5423 439 5507 bonum,
462 5426 613 5512 iustum,
638 5425 791 5516 puniens
805 5427 949 5513 scelera,
975 5443 1093 5499 tamen
1144 5454 1217 5500 esse
1246 5433 1446 5503 fabulosum
1481 5447 1542 5505 aut
1576 5437 1862 5508 commenticium
1900 5443 2044 5530 poe'ma,
2076 5440 2137 5507 sed
