4726 5828
108 255 186 330 197
769 257 927 348 nncn.
962 261 1036 342 nn
1073 199 1263 341 scene
1296 255 1487 340 recor.
2059 287 2133 362 rm

106 452 214 514 nere,
239 441 406 516 'etnostra
423 445 526 504 causa
547 430 696 526 scriptas
719 453 810 505 esse:
834 447 869 506 et
895 435 1093 510 firmissima
1145 435 1277 509 navim.
1331 431 1517 509 intucatur
1538 459 1639 512 mens
1660 435 1753 514 hanc
1776 446 2068 539 promissionem,
2094 471 2130 532 ec

104 531 312 621 assensione
327 555 385 601 eas
400 535 669 622 amplectamur,
691 548 860 606 eteorum
881 537 1093 610 testimoniis
1141 536 1212 606 lide
1231 559 1309 604 eam
1334 538 1495 627 amplexa
1521 539 1632 612 dicat:
1667 539 1710 614 ln
1734 555 1769 615 te
1789 544 1945 620 Domine
1976 559 2128 645 speravi,

104 634 302 704 refutemus
317 629 514 724 Epicureos
533 637 673 707 furores
695 649 730 708 et
753 630 928 709 humanas
948 640 1092 713 dubita·
1139 659 1215 707 non
1230 637 1430 711 confundar
1451 639 1490 709 in
1512 653 1706 714 aeternnm.

104 734 235 806 tiones.
672 759 681 770 ’
1241 734 1342 808 Scala
1369 761 1452 808 vero
1476 740 1650 830 significat
1674 745 1911 820 ministerium
1924 747 2124 848 Evangelii,

206 830 346 903 Deinde
362 831 466 905 lacob
481 835 567 926 ipse,
583 839 628 908 ad
645 862 750 932 quern
766 839 805 910 fit
829 841 963 927 concio,
976 863 1087 911 mem-
1137 837 1177 908 in
1201 862 1272 931 quo
1296 838 1527 910 concionator
1548 855 1600 912 est
1620 843 1695 933 ipse
1713 842 1827 932 Deus,
1851 864 1885 921 et
1906 874 2032 941 agmen
2052 861 2122 928 mi-

103 930 215 1004 brnm
230 948 281 1005 est
293 931 481 1020 Ecclesiae,
507 950 541 1007 et
555 941 707 1010 sustinet
721 941 872 1012 aliorum
889 965 1088 1033 personam.
1136 941 1331 1009 nistrorum
1347 939 1423 1007 eius
1439 963 1561 1010 vocem
1578 945 1709 1033 perfert
1726 948 1771 1016 ad
1787 951 1971 1040 populum.
2012 953 2118 1030 Prius

103 1028 307 1122 Singularis
330 1048 448 1104 autem
467 1038 635 1110 beneficia
658 1054 779 1121 erant,
805 1047 901 1135 qnod
925 1039 985 1112 hie
1002 1066 1088 1134 pro·
1136 1039 1244 1127 igitur
1271 1040 1466 1108 ascendunt
1488 1043 1623 1131 angeli,
1648 1044 1749 1134 prius
1765 1049 1945 1140 accipiunt
1961 1053 2119 1128 ministri

102 1135 278 1220 mittitur,
301 1134 457 1206 futuram
480 1160 553 1207 esse
566 1137 758 1210 Ecclesiam
783 1142 968 1214 infamilia
982 1157 1087 1228 certa,
1134 1140 1355 1217 doctrinam,
1380 1138 1556 1232 Spiritum
1577 1157 1757 1230 sanctum,
1784 1160 1819 1219 et
1835 1150 2070 1224 ministerium
2094 1182 2116 1229 a

101 1243 282 1306 etcertam
300 1237 515 1312 sedemfore.
542 1237 833 1329 lngensomnino
850 1245 985 1314 bonum
1002 1257 1086 1330 erat,
1133 1238 1345 1330 Deotprius
1359 1239 1573 1311 erudiuntur
1586 1243 1654 1333 ipsi
1672 1246 1857 1322 divinitus.
1906 1249 2034 1323 Postea
2049 1241 2114 1326 dess

100 1335 191 1405 scire
213 1337 255 1404 in
277 1338 358 1407 sede
381 1353 474 1408 certa
497 1340 560 1410 diu
578 1363 779 1412 mansuram
793 1366 866 1412 esse
880 1341 1085 1428 Ecclesiam,
1133 1342 1324 1423 scendunt,
1360 1356 1529 1430 spargunt
1550 1365 1670 1412 vocem
1696 1345 1894 1429 doctrinae,
1928 1365 1963 1422 et
1993 1354 2137 1432 radios,

100 1437 302 1521 emansit,
321 1451 361 1508 ut
384 1438 498 1524 scitis,
522 1440 561 1508 in
585 1441 719 1514 familia
743 1442 867 1530 lacob,
901 1460 934 1516 et
961 1447 1001 1516 in
1022 1445 1083 1514 illa
1125 1441 1220 1510 lucis
1249 1439 1393 1510 divinae
1424 1441 1463 1508 in
1491 1463 1617 1530 genere
1647 1438 1821 1532 humano,
1851 1462 1885 1518 et
1910 1451 2112 1526 testimonia

99 1555 162 1606 ora
180 1539 318 1616 vicina,
345 1540 458 1608 donec
474 1552 576 1610 uatus
599 1555 650 1612 est
668 1541 825 1614 Messias.
1132 1541 1323 1614 ostendunt
1352 1541 1392 1609 in
1425 1542 1663 1634 confessione,
1702 1544 1796 1616 inter
1835 1571 2022 1622 aerumnas
2052 1554 2111 1624 in-

203 1636 277 1708 Sed
292 1639 331 1706 in
346 1633 411 1708 hac
425 1640 499 1731 ipsa
515 1641 657 1730 regione
674 1645 787 1714 tribus
796 1639 987 1735 Ephraim,
1012 1657 1083 1716 sta·
1133 1654 1265 1732 gentes.

99 1735 165 1806 tim
182 1751 264 1826 post
277 1737 525 1826 Salomonem,
551 1737 982 1815 haecdomusDeiBetbel
995 1741 1082 1816 hor·
1232 1737 1310 1812 Hoc
1335 1741 1571 1814 ministerium
1598 1757 1634 1814 et
1653 1740 1746 1817 banc
1770 1749 1895 1818 scalam
1916 1751 2066 1824 sciamus
2089 1779 2111 1826 a

98 1835 255 1908 ribiliter
275 1833 497 1929 prophanata
529 1856 599 1923 est,
632 1857 666 1914 et
694 1845 783 1914 facta
811 1858 863 1916 est
883 1841 1079 1917 Bethanen.
1115 1840 1206 1912 Deo
1228 1844 1445 1927 conservari,
1471 1843 1607 1912 etiamsi
1631 1847 1734 1916 multi
1755 1861 1928 1918 conantur
1943 1867 2111 1942 evertere,

98 1934 180 2007 Hoc
201 1939 372 2031 templum
395 1940 435 2008 in
457 1965 530 2033 quo
553 1943 624 2012 iam
640 1943 734 2016 Deus
751 1946 825 2036 ipse
838 1947 1081 2032 concionatur,
1130 1944 1275 2027 diaboli,
1299 1942 1498 2026 Pontifices,
1524 1956 1558 2013 et
1572 1943 1783 2016 Pontificum
1799 1949 1976 2037 satellites,
2002 1976 2109 2044 prae-

98 2033 235 2108 ethaeo
251 2051 352 2130 porta
369 2041 469 2122 coeli,
495 2053 534 2111 ut
549 2044 710 2113 nominat
728 2043 851 2132 Iacob,
877 2049 992 2140 coepit
1008 2071 1080 2137 esse
1130 2045 1324 2134 stigiatores
1339 2044 1401 2136 qui
1416 2057 1536 2113 serunt
1549 2043 1636 2114 falsa
1652 2047 1824 2134 dogmata.

97 2151 241 2207 castrum
266 2140 507 2209 diabolorum:
549 2143 632 2234 quia
659 2146 780 2215 multis
802 2149 993 2218 sceleribus
1015 2144 1080 2240 po·
1228 2143 1321 2215 Sunt
1335 2143 1452 2214 autem
1467 2145 1596 2232 gradus
1611 2145 1649 2213 in
1664 2147 1775 2228 scala,
1801 2171 1875 2218 non
1891 2149 2005 2220 solum
2023 2154 2109 2245 quia

98 2241 236 2320 steritas
249 2237 365 2310 Deum
379 2243 648 2328 gubernatorem
663 2248 822 2318 excrrssit.
871 2247 942 2318 Sed
966 2250 1080 2319 disca·
1129 2244 1258 2333 gradus
1281 2259 1363 2315 sunt
1385 2245 1562 2314 donorum
1585 2242 1663 2334 (alii
1686 2261 1770 2318 sunt
1793 2244 2010 2339 Prophetae,
2041 2254 2108 2322 alii

98 2363 196 2426 mus,
220 2364 295 2410 non
312 2341 411 2428 loco,
436 2365 509 2410 non
524 2342 636 2413 titulis
659 2346 839 2436 alligatam
863 2371 935 2420 esse
955 2345 1078 2420 Eccle-
1130 2343 1310 2434 Apostoli,
1331 2344 1396 2412 alii
1417 2357 1593 2435 pastores,
1617 2345 1678 2414 alii
1692 2342 1900 2444 Doctores),
1924 2352 1984 2419 sed
2003 2353 2109 2422 etiam

97 2441 196 2514 siam.
1128 2446 1175 2514 ob
1196 2440 1288 2514 hanc
1311 2467 1469 2524 causam,
1502 2445 1586 2537 qnia
1616 2445 1798 2516 doctrinae
1825 2464 1943 2540 partes
1974 2453 2107 2525 multae

197 2539 350 2629 Deinde,
367 2543 568 2616 communia
583 2544 752 2616 beneficia
771 2545 810 2614 in
826 2542 891 2617 hac
908 2549 1077 2619 concione
1128 2559 1229 2630 sunt,
1256 2569 1343 2638 quas
1358 2555 1495 2636 oportet
1510 2567 1581 2614 esse
1604 2545 1800 2621 continuas.

98 2644 143 2713 ad
158 2666 284 2713 omnes
299 2644 476 2735 pertinere
496 2646 665 2730 sciamus,
690 2661 731 2716 ut
747 2671 826 2716 cum
841 2649 978 2741 inquit,
1004 2645 1077 2718 Ero
1228 2643 1282 2717 Ac
1298 2647 1496 2737 interrupta
1509 2645 1610 2730 serie,
1632 2658 1694 2715 aut
1710 2645 1845 2738 aliquot
1861 2650 2030 2735 gradibus
2045 2674 2106 2719 er·

97 2758 216 2815 custos
239 2756 339 2814 tuns:
365 2739 457 2814 hanc
479 2751 601 2816 voc'em
615 2747 660 2816 ad
679 2769 746 2816 nos
760 2749 864 2815 etiam
879 2769 1078 2836 accommo·
1127 2744 1253 2830 cussis,
1277 2747 1369 2817 scala
1392 2747 1431 2815 fit
1445 2745 1594 2818 inutilis.
1646 2742 1779 2817 Totum
1797 2747 1905 2834 igitur
1919 2750 2103 2820 doctrinae

98 2847 239 2929 demus,
265 2858 305 2915 ut
329 2867 409 2914 cum
423 2845 518 2913 idem
533 2847 761 2915 concionator
772 2845 890 2938 inquit
904 2861 989 2939 aput
1002 2846 1074 2918 Lu·
1127 2865 1253 2933 corpus
1276 2847 1579 2935 complectendum
1602 2857 1674 2928 est,
1699 2858 1734 2914 et
1759 2849 1926 2918 continua
1950 2849 2106 2938 partium

98 2969 186 3026 eam,
212 2943 343 3036 Capilli
358 2945 480 3036 capitis
499 2948 608 3014 vestri
625 2970 750 3016 omnes
765 2947 941 3018 numerati
958 2959 1051 3021 sunt.
1126 2944 1233 3012 series
1256 2946 1440 3015 retinenda
1453 2956 1519 3016 est:
1546 2968 1621 3014 non
1637 2946 1818 3015 mutilatae
1836 2949 2029 3018 sententiae
2044 2971 2105 3018 ex·
2208 2968 2214 2988 ·

195 3041 441 3116 Circumdedit
457 3045 562 3116 nobis
576 3059 685 3118 metas
699 3048 892 3129 doctrinae,
918 3050 994 3119 vult
1010 3072 1075 3118 nos
1125 3047 1339 3134 carpendae,
1364 3059 1405 3116 ut
1418 3045 1560 3116 iniustis
1575 3040 1762 3114 bominum
1776 3047 2028 3136 cupiditatibus
2043 3061 2105 3118 aut

96 3147 193 3215 iuxta
224 3170 301 3216 eam
326 3169 488 3216 normam
514 3147 584 3214 sibi
605 3149 767 3234 obedire,
800 3171 864 3217 nec
888 3150 933 3219 ab
955 3174 994 3218 ea
1018 3150 1074 3217 vel
1125 3144 1221 3212 falsis
1248 3145 1480 3238 opinionibus
1508 3158 1769 3236 praetereatur.
1821 3145 1934 3216 Multi
1962 3147 2105 3236 ignavia

95 3247 252 3318 mollicie
269 3247 325 3316 vel
339 3247 541 3318 curiositate
556 3247 744 3323 discedere.
799 3247 884 3318 Vult
905 3249 1074 3320 lucerein
1125 3260 1286 3335 peccent,
1328 3271 1403 3316 non
1437 3259 1563 3316 curant
1594 3259 1686 3315 recle
1718 3247 1878 3316 discendi
1911 3248 2104 3318 rationem:

94 3349 199 3416 nobis
227 3349 332 3417 tidem
367 3362 399 3417 et
423 3347 702 3433 invocationem,
727 3373 817 3441 quae
849 3362 945 3439 petat
974 3347 1073 3417 ausi·
1125 3344 1230 3413 multi
1243 3345 1402 3416 serviunt
1419 3341 1605 3416 hominum
1619 3346 1833 3428 adfectibus,
1857 3359 1970 3416 astute
1986 3370 2105 3415 excer-

95 3449 181 3516 lium
199 3463 234 3518 ct
249 3448 503 3517 defensionem.
550 3444 646 3515 Haec
663 3461 754 3517 recta
772 3461 806 3517 et
819 3447 966 3538 simplex
982 3449 1074 3518 vitae
1124 3458 1215 3532 punt
1236 3469 1296 3526 ea,
1321 3471 1410 3538 quae
1430 3458 1514 3517 sunt
1528 3445 1749 3535 plausibilia,
1774 3457 1907 3518 caetera
1924 3447 2104 3518 omittunt.

95 3549 218 3638 regula
239 3549 344 3617 nobis
369 3550 407 3617 in
431 3562 618 3638 conspectu
635 3548 695 3616 sit:
723 3561 756 3617 et
773 3543 865 3617 hanc
880 3573 1000 3618 vocem
1016 3549 1074 3616 in·
1124 3541 1219 3614 Haec
1234 3541 1434 3638 Sophistica
1451 3569 1587 3637 semper
1603 3545 1672 3615 fuit
1694 3546 1832 3617 usitata.

94 3649 197 3718 liram
212 3649 412 3739 pectoribus
426 3671 528 3740 saepe
543 3648 745 3736 cogitemus,
761 3643 835 3716 Ero
852 3661 967 3717 custos
982 3661 1074 3717 tuus.
1227 3643 1348 3717 Simus
1371 3648 1479 3734 igitur
1504 3661 1538 3715 et
1564 3645 1683 3713 fideles
1706 3658 1740 3714 et
1761 3645 1948 3732 diligentes
1970 3644 2008 3712 in
2028 3657 2103 3715 toto

197 3749 292 3820 Sunt
314 3749 462 3818 omnino
483 3772 629 3838 magnac
651 3761 690 3818 ot
709 3750 842 3818 multae
859 3749 1074 3819 calamitates
1125 3767 1271 3835 corpore
1307 3748 1489 3817 doctrinae
1517 3748 1758 3836 cognoscendo
1795 3758 1829 3816 et
1857 3746 2105 3835 proponendo.

93 3852 204 3923 totius
226 3852 361 3939 generis
385 3846 550 3919 humani:
576 3849 717 3933 morbi,
742 3873 856 3932 mors,
876 3850 998 3934 exilia,
1023 3851 1074 3919 fa·
1124 3841 1174 3914 Et
1197 3869 1276 3917 cum
1297 3844 1385 3917 baec
1406 3847 1498 3917 scala
1514 3847 1560 3916 sit
1573 3860 1674 3938 porta
1691 3847 1800 3929 coeli,
1821 3845 1859 3915 in
1876 3840 2105 3915 haneomnes

93 3975 187 4031 mes,
226 3951 339 4035 bella,
379 3952 503 4020 ruinae
531 3950 782 4041 imperiorum,
822 3962 857 4020 et
890 3950 1074 4021 domestici
1112 3944 1287 4018 insistite.
1337 3946 1508 4018 Doctores
1524 3959 1616 4018 recte
1630 3949 1798 4029 doceant,
1822 3946 1950 4015 caeteri
1970 3945 2028 4036 pie
2038 3967 2103 4030 au·

93 4072 273 4122 moerores
289 4065 434 4140 propter
447 4051 617 4123 sobolem.
668 4048 765 4119 Haec
788 4051 878 4120 mala
901 4065 1075 4141 vagantur
1126 4045 1226 4118 diant
1242 4049 1458 4120 doctrinam:
1484 4072 1525 4118 ac
1539 4049 1665 4130 sciant,
1691 4070 1765 4116 non
1779 4047 1884 4114 aliam
1901 4045 2007 4128 viam,
2028 4067 2102 4114 non

94 4177 157 4247 per
173 4163 288 4220 totum
303 4174 413 4240 genus
429 4145 637 4224 humanum.
689 4149 759 4222 Sed
776 4175 881 4244 supra
897 4146 983 4222 haec
997 4167 1074 4221 sus·
1124 4145 1212 4216 alias
1227 4151 1353 4236 scalas,
1375 4173 1451 4218 non
1468 4149 1556 4217 alios
1572 4148 1689 4218 aditus
1714 4169 1787 4216 esse
1811 4147 1854 4214 ad
1872 4141 2003 4226 Deum,
2031 4143 2101 4210 nisi

92 4257 185 4322 tinet
202 4247 362 4321 Ecclesia
393 4253 481 4322 alios
511 4273 662 4340 agones,
695 4252 827 4324 iniusta
848 4252 950 4337 odia,
985 4253 1075 4321 insi·
1124 4271 1186 4337 per
1198 4245 1267 4320 boc
1283 4247 1534 4339 Evangelium,
1559 4248 1655 4338 quod
1672 4246 1747 4340 ipse
1773 4245 1877 4316 certis
1896 4243 2104 4314 testimoniis

93 4356 189 4437 dias,
213 4374 335 4438 neces,
361 4354 495 4423 luctum
518 4351 696 4439 ingentem
723 4367 756 4424 et
771 4353 953 4423 doctrinae
971 4352 1075 4421 dissi·
1124 4352 1243 4436 generi
1260 4345 1417 4420 humano
1433 4349 1591 4419 tradidit.

93 4458 169 4525 dia:
206 4475 297 4545 quae
326 4454 417 4524 velle
448 4453 669 4542 extinguere,
702 4467 754 4525 est
783 4451 928 4547 Hydrae
960 4453 1074 4543 capita
1227 4449 1319 4522 Sunt
1340 4453 1378 4520 in
1399 4447 1466 4518 hae
1489 4449 1642 4536 imagine
1661 4461 1696 4518 et
1718 4446 1808 4516 aliae
1830 4443 2102 4536 significationes

91 4553 304 4648 praecidere.
1124 4548 1332 4620 dormientis
1348 4550 1474 4620 lacob:
1501 4561 1535 4618 et
1549 4555 1614 4618 cur
1636 4547 1770 4640 oppido
1789 4569 1920 4617 nomen
1937 4555 2105 4625 mutetur,

196 4653 307 4723 Multi
337 4652 447 4741 igitur
475 4665 573 4724 tanta
597 4653 818 4724 deformitate
840 4652 947 4737 moti,
981 4653 1075 4742 cogi·
1124 4661 1163 4718 ut
1177 4675 1250 4720 non
1266 4652 1335 4720 iam
1350 4649 1582 4744 Amygdalus,
1605 4650 1666 4719 sed
1682 4650 1809 4719 domus
1821 4643 1889 4715 Dei
1904 4643 2052 4715 dicatur.

92 4773 170 4829 tant
195 4752 274 4825 Deo
299 4777 374 4822 non
399 4775 471 4822 esse
493 4777 596 4824 curae
623 4749 688 4823 bos
708 4766 844 4824 coetus:
877 4768 913 4824 et
932 4777 1075 4846 prorsus
1224 4749 1345 4845 Sensit
1361 4750 1485 4834 iacob,
1507 4773 1634 4820 somno
1658 4771 1743 4831 suo,
1769 4759 1803 4816 et
1818 4741 2103 4814 consternatione

91 4857 271 4929 abiiciunt
286 4855 443 4926 studium
462 4855 518 4922 vel
542 4857 821 4944 cognoscendae,
847 4855 902 4924 vel
924 4857 1075 4924 tuendae
1125 4879 1187 4926 sua
1208 4842 1395 4942 significari
1424 4851 1639 4940 singularem
1673 4844 1815 4916 venturi
1837 4841 1989 4912 Messiae
2018 4865 2105 4911 con·

91 4957 288 5027 doctrinae.
339 4951 413 5022 llas
427 4969 565 5026 nostras
580 4955 738 5025 miserias
760 4953 1013 5044 intelligamus:
1039 4967 1078 5025 et
1124 4953 1387 5026 sternationem.
1439 4948 1487 5022 Et
1508 4951 1547 5018 in
1567 4949 1774 5022 universum
1793 4943 2027 5034 significatum
2044 4953 2107 5024 est,

92 5060 249 5130 sciamus
271 5054 376 5123 fidem
403 5077 443 5122 ex
472 5056 695 5125 dubitatione
725 5055 869 5124 eluctari
900 5068 1075 5146 oportere,
1124 5058 1164 5126 in
1179 5054 1358 5144 agnitione
1374 5049 1444 5122 Dei
1457 5051 1604 5121 existere
1618 5048 1659 5118 in
1675 5044 1855 5116 mentibus
1878 5064 2045 5138 pavores,
2070 5053 2106 5108 et

92 5171 247 5230 erectam
263 5150 330 5226 hac
353 5155 614 5240 consolatione,
638 5152 712 5225 Ero
726 5169 842 5226 custos
856 5167 948 5227 tuus.
1124 5155 1224 5247 sequi
1236 5153 1527 5222 consolationem.
2032 5236 2041 5254 ι

195 5254 296 5325 Haec
309 5255 355 5325 sit
371 5249 539 5339 anchora,
564 5278 633 5346 qua
649 5277 716 5325 nos
732 5268 968 5328 sustentemus
982 5255 1076 5324 inter
1225 5253 1362 5324 Deinde
1377 5248 1597 5344 Amygdalus
1611 5243 1735 5339 politia
1757 5256 1831 5329 est,
1856 5256 1890 5314 et
1911 5236 2107 5328 hospitium
2188 5291 2190 5296 .

91 5359 223 5429 flutlut
249 5370 284 5430 θῑ
310 5356 484 5448 procellas
505 5353 665 5449 Undique
687 5370 891 5450 quassantes
918 5367 1074 5480 nostram
1125 5352 1332 5447 Evangelii,
1357 5365 1391 5423 et
1411 5347 1565 5524 aggr'inis
1584 5370 1667 5419 vere
1688 5344 1925 5416 credentium:
1957 5351 1998 5410 ut
2020 5348 2108 5406 tunc
