4726 5828
139 337 141 340 .
186 283 201 372 ‘¹
235 273 285 352 75
666 269 826 344 nucu
878 267 954 344 DE
989 267 1269 345 GEORGIO
1303 271 1549 346 PRlNClP.
1584 271 1841 344 nunaut.
2225 278 2279 347 76

236 443 304 514 stri
318 440 398 512 lesu
413 436 557 510 Christi.
609 431 659 506 Et
674 434 815 524 ignorat
837 434 1069 508 mediatorem
1094 449 1129 506 et
1151 458 1234 526 pro-
1282 435 1455 506 rectiones
1470 447 1710 516 mortuorum‚
1736 449 1771 508 et
1786 436 2031 508 aliamiranda
2046 438 2169 510 iada?
2200 438 2277 510 lam

237 544 442 624 missiones,
474 542 534 610 sed
558 536 721 622 dubitat,
751 561 798 606 au
822 551 857 606 et
879 561 943 606 cur
972 561 1038 608 nos
1069 537 1234 627 indignos
1283 535 1350 608 hoc
1371 537 1615 608 dulcissimum
1637 552 1710 616 est,
1745 542 1841 630 qnod
1859 538 1908 608 ait
1929 561 1965 607 se
1982 532 2172 610 bominum
2190 566 2278 612 con-

239 648 336 720 Ileus
351 643 526 714 exaudiat.
1282 638 1468 710 suetudine
1496 638 1679 709 delectari:
1712 637 1908 708 Nobiscum
1929 640 2045 725 adest,
2078 644 2216 734 colligit
2240 654 2274 712 et

342 745 503 815 Taxabat
533 755 568 810 et
600 741 797 808 doctrinam
830 734 1111 823 Monachorunr,
1144 762 1234 832 quae
1282 754 1398 811 servat
1413 735 1606 809 Ecclesiam
1624 765 1708 810 voce
1724 736 1922 830 Evangelii.

242 851 341 923 iubet
362 847 499 916 adferre
523 842 782 914 dubitationem
805 845 849 909 ad
864 839 999 924 Deum,
1030 841 1120 910 sicut
1137 841 1235 907 adle-
1385 839 1488 910 Talia
1519 855 1619 912 erant
1641 852 1848 930 argumenta
1878 842 2109 915 familiarium
2140 870 2278 916 sermo-

242 964 329 1022 runt
344 941 505 1018 Ethnici.
557 940 707 1013 lubebat
731 966 831 1034 saepe
851 943 1016 1027 recitare,
1040 955 1077 1012 et
1100 964 1237 1031 semper
1285 966 1390 1024 num,
1414 941 1552 1034 quoties
1574 938 1613 1010 hi
1628 944 1698 1012 viri
1719 939 1996 1028 conveniebant,
2022 970 2177 1037 quorum
2201 963 2277 1018 erat

242 1057 282 1123 in
300 1049 524 1118 invocatione
544 1045 696 1134 cogitare
720 1043 991 1134 promissiones,
1016 1043 1099 1137 quia
1116 1066 1235 1110 earum
1283 1041 1459 1114 Ascanius
1481 1057 1650 1136 tanquam
1674 1040 1930 1142 ἀγωνοθέτης,
1958 1069 2023 1116 nec
2046 1063 2122 1118 erat
2142 1044 2278 1143 κωφὸν

245 1152 457 1242 cogitatione
474 1150 558 1216 tides
575 1146 797 1214 accendenda
812 1145 877 1227 sit,
905 1157 939 1214 et
953 1146 1145 1213 damnabat
1161 1139 1241 1211 En--
1284 1138 1497 1240 πρόσωπον,
1524 1147 1585 1214 sed
1601 1168 1704 1214 suum
1724 1146 1896 1216 iudicium
1916 1148 2055 1217 erudite
2072 1151 2116 1217 de
2129 1165 2278 1220 contro-

246 1251 499 1324 thusiastarum
516 1249 663 1332 furores,
689 1247 751 1340 qui
767 1247 950 1316 abducunt
964 1239 1125 1315 homines
1143 1269 1163 1312 a
1178 1269 1237 1312 co-
1287 1247 1408 1317 versiis
1430 1260 1465 1316 et
1487 1249 1531 1316 de
1555 1247 1841 1316 enarrationibus
1864 1249 2035 1334 addebat,
2060 1250 2230 1320 miscebat
2244 1267 2279 1320 et

246 1356 416 1446 gitatione
451 1351 600 1440 scriptae
639 1347 902 1439 promissionis,
946 1348 1084 1416 dicebat
1120 1360 1237 1415 autem
1287 1349 1342 1440 pia
1363 1361 1462 1431 vota,
1488 1372 1527 1417 ac
1545 1347 1621 1416 Deo
1638 1349 1768 1437 gratias
1783 1350 1908 1436 agebat
1929 1373 2007 1418 cum
2025 1375 2088 1442 pro
2112 1352 2191 1420 aliis
2213 1355 2280 1422 bc-

245 1453 339 1526 hanc
370 1455 568 1522 doctrinam
595 1449 755 1542 quotidie
786 1450 823 1516 in
851 1451 989 1518 ardenti
1014 1449 1238 1517 invocatione
1288 1450 1436 1533 neficiis,
1458 1461 1533 1518 tum
1552 1450 1655 1519 etiam
1674 1474 1737 1539 pro
1754 1444 1820 1518 hoc
1836 1451 1969 1540 ingenti
1989 1453 2153 1536 munere,
2178 1457 2279 1544 quod

249 1557 478 1626 exercendam
503 1574 585 1622 esse.
1287 1551 1442 1642 depulsis
1471 1551 1625 1618 tenebris
1655 1549 1850 1640 papisticis,
1883 1577 1972 1643 quae
1999 1567 2084 1623 suut
2115 1549 2279 1623 ethnica-

350 1655 421 1724 Hic
454 1679 534 1723 cum
569 1674 692 1720 rursus
726 1652 959 1739 interrogaret
991 1647 1165 1720 Ascanius
1196 1651 1239 1718 de
1287 1677 1365 1722 rrrm
1382 1651 1531 1734 similes,
1557 1652 1712 1720 reddidit
1738 1653 1841 1719 uobis
1857 1649 2044 1742 Evangelii
2063 1655 2190 1724 lucem.

249 1755 453 1830 discrimine
471 1752 730 1835 Personarum,
758 1777 821 1822 cur
838 1751 928 1821 lilius
952 1744 1059 1849 λόγος
1077 1751 1239 1819 nomine·
1390 1751 1497 1821 lonae
1512 1753 1589 1820 viro
1607 1753 1745 1822 erudito
1762 1754 1800 1820 ia
1816 1755 1977 1822 doctrina
1992 1753 2170 1824 Ecclesiae
2187 1771 2222 1826 et
2239 1759 2280 1825 in

249 1877 327 1942 tur,
355 1857 458 1938 tertia
474 1878 624 1945 persona
638 1853 810 1944 Spiritus,
835 1854 988 1940 graviter
1009 1853 1240 1942 ingemiscens
1287 1857 1368 1928 lure
1382 1856 1529 1936 dixerat,
1551 1854 1664 1922 videri
1681 1853 1748 1922 sibi
1763 1849 2011 1952 cuvcoloylast
2027 1857 2149 1926 esseio
2167 1857 2279 1928 latina

245 1955 427 2032 lantherus
456 1957 641 2046 deplorare
666 1955 881 2025 calamitates
904 1949 1081 2022 Ecclesiae
1112 1953 1241 2044 eoepit,
1289 1954 1579 2046 interpretatione
1598 1955 1847 2024 inconcinnam
1863 1969 1896 2025 et
1913 1957 2120 2039 obscuram,
2145 1959 2184 2026 in
2201 1961 2279 2049 pri-

249 2077 382 2130 veteres
416 2057 672 2127 controversias
705 2055 889 2145 repetivit,
922 2068 955 2124 et
982 2069 1159 2124 execratus
1191 2068 1241 2124 est
1288 2050 1714 2148 maepistolalohannis,
1740 2051 2049 2148 incapiteitertio:
2089 2057 2280 2128 Peccatum

249 2161 443 2230 diabolicos
467 2159 605 2228 furores
628 2155 867 2239 samosateni,
900 2152 981 2224 Arii
1004 2169 1037 2228 et
1057 2155 1242 2238 similium,
1289 2172 1339 2227 est
1360 2156 1539 2248 iniquitas.
1590 2153 1790 2244 Respondit
1815 2154 1918 2226 lonas
1943 2157 2145 2248 interpretis
2163 2163 2279 2250 negli-

250 2289 292 2332 ex
307 2261 436 2356 quibus
451 2273 528 2329 orta
544 2273 595 2329 est
611 2258 738 2327 deinde
759 2254 977 2350 blasphemia
991 2254 1242 2340 Mahometica,
1288 2258 1405 2348 gentia
1416 2255 1940 2327 eruditissimamdelinitionem
1956 2260 2177 2332 obscuratam
2193 2286 2278 2332 esse.

251 2365 380 2432 deiude
396 2376 429 2431 et
444 2362 622 2453 querclam
640 2358 777 2430 addidit
803 2361 847 2428 de
865 2359 1078 2454 negligentia
1093 2357 1243 2448 scripto·
1289 2359 1337 2432 Ut
1353 2359 1447 2428 euim
1463 2357 1677 2448 privationes
1692 2357 1911 2428 deliniuntur
1925 2360 2124 2444 collatione,
2140 2376 2180 2432 ut
2198 2388 2279 2432 cum

252 2489 332 2538 rum
355 2463 567 2546 recentium,
600 2462 812 2552 inquorum
836 2460 1137 2552 disputationibus
1161 2483 1242 2528 vere
1289 2460 1438 2531 dicimus
1463 2459 1627 2530 tenebras
1650 2483 1722 2530 esse
1747 2460 1980 2549 privationem
2003 2461 2111 2543 locis,
2146 2464 2193 2533 ita
2221 2463 2278 2534 lo-

252 2563 319 2635 ltoc
341 2563 486 2647 accidit,
520 2577 559 2632 ut
590 2563 691 2653 plura
717 2556 983 2658 εἰει-πάρεργα
1005 2584 1111 2654 quam
1141 2557 1243 2657 ἔργα.
1289 2559 1442 2632 hannem
1463 2561 1656 2631 rectissime
1673 2561 1839 2639 definire,
1866 2573 2047 2651 peccatum
2064 2585 2149 2644 esse,
2175 2567 2278 2657 quic-

252 2663 327 2750 Est‚
349 2665 468 2757 inquit
488 2664 593 2742 lilius,
617 2664 751 2749 integra
772 2662 887 2750 imago
903 2663 1036 2732 aeterni
1053 2662 1161 2753 patris
1180 2656 1243 2732 scol
1289 2662 1376 2756 quid
1399 2675 1451 2731 est
1473 2663 1688 2733 contrarium
1711 2662 1798 2748 legi,
1830 2656 1853 2752 ἡ
1874 2657 2041 2756 ἁμαρτία
2065 2659 2166 2736 ἐστὶν
2187 2664 2278 2738 ἀνο-

248 2759 497 2862 ὑφισταμένη,
507 2757 633 2860 Λόγος
648 2776 765 2832 autem
783 2764 914 2833 dicitur
928 2785 1001 2832 non
1018 2763 1144 2847 solum,
1159 2763 1242 2856 quia
1288 2759 1367 2856 μία.
1419 2761 1552 2832 Norma
1575 2779 1626 2835 est
1648 2763 1827 2846 insciciae,
1855 2765 1907 2832 lex
1926 2761 2012 2844 Dei,
2040 2782 2198 2858 quaeest
2220 2792 2277 2837 sa-

255 2869 364 2959 patris
388 2889 462 2935 sese
487 2865 659 2934 intuentis
684 2864 898 2954 cogitatione
925 2867 1065 2954 genitus
1086 2877 1156 2948 est,
1182 2865 1241 2932 sed
1289 2864 1419 2956 pientia
1453 2865 1492 2930 in
1520 2863 1593 2932 Deo
1628 2879 1767 2933 aeterna
1799 2876 1832 2932 et
1859 2865 2023 2944 immota,
2056 2867 2157 2936 cuius
2184 2873 2277 2938 radii

253 2970 377 3050 etiam,
410 2966 495 3060 quia
525 2973 588 3056 p'er
615 2989 696 3035 eum
719 2968 920 3049 decretum,
955 2969 999 3034 de
1020 2979 1094 3036 toto
1117 2967 1242 3033 ordine
1290 2964 1455 3035 transfusi
1476 2963 1619 3032 sunt-iu
1645 2965 1835 3032 rationales
1857 2980 2053 3047 creaturas,
2080 2982 2220 3061 etquae
2239 2974 2278 3039 in

255 3069 444 3139 creationis
471 3081 504 3136 et
526 3067 760 3135 restitutionis
789 3063 937 3134 humani
955 3067 1093 3154 generis
1109 3065 1242 3134 dictum
1290 3064 1571 3158 promulgatione
1595 3063 1759 3153 Decalogi
1794 3067 1939 3156 repetita
1968 3061 2032 3138 est.
2088 3066 2276 3142 Contraria

255 3181 324 3242 est:
355 3166 425 3238 Hic
441 3167 783 3255 estJangelusmagni
799 3166 957 3245 consilii,
986 3166 1244 3258 proterensad-
1290 3163 1372 3236 huic
1403 3188 1547 3234 normae
1572 3179 1607 3234 et
1631 3167 1824 3256 sapientiae
1852 3191 1936 3236 suae
1960 3168 2054 3240 Deus
2073 3170 2220 3242 damnat
2243 3190 2278 3244 et

240 3272 459 3342 mirandum
482 3283 516 3337 et
536 3289 702 3336 arcanum
728 3271 927 3351 decretum,
949 3269 994 3336 de
1017 3262 1171 3336 humana
1187 3289 1242 3334 sa·
1289 3281 1424 3359 peccata
1441 3268 1622 3350 nominat,
1649 3292 1688 3336 ac
1705 3281 1849 3358 propter
1865 3294 1904 3338 ea
1927 3270 2087 3339 sontibus
2102 3273 2279 3359 irascitur,

240 3375 340 3450 .lute,'
366 3394 406 3438 ex
422 3369 503 3438 sinu
518 3369 650 3438 aeterni
667 3368 785 3460 patris,
801 3383 904 3439 sonat
920 3393 1041 3438 vocem
1058 3363 1243 3456 Evangelii
1288 3384 1321 3440 et
1340 3392 1400 3437 cos
1416 3369 1576 3442 destruit.
1629 3365 1680 3438 Ac
1695 3372 1838 3458 adparet
1858 3367 2028 3440 loannem
2051 3390 2185 3444 motum
2202 3400 2277 3445 esse

254 3475 300 3542 ad
317 3469 433 3544 Adam
448 3483 482 3540 et
498 3467 656 3553 Hevam,
680 3483 794 3539 servat
811 3493 908 3539 nunc
923 3493 1065 3563 qnoque
1080 3469 1243 3538 ministe-
1288 3471 1428 3540 licentia
1441 3494 1582 3553 eorum,
1609 3471 1726 3562 quiex
1742 3473 1905 3557 gentihus
1921 3475 1965 3540 ad
1980 3470 2174 3544 Ecclesiam
2191 3501 2280 3546 con-

240 3574 348 3652 ,rium
366 3566 573 3660 Evangelii,
603 3585 638 3641 et
661 3581 747 3640 voc'e
767 3567 953 3659 Evangelii
975 3571 1061 3640 dicit
1082 3570 1243 3639 consola·
1289 3571 1380 3641 versi
1405 3583 1524 3655 erant,
1548 3571 1680 3662 quibus
1702 3573 1919 3640 ostendenda
1941 3573 2009 3644 luit
2031 3597 2154 3644 norma
2179 3582 2279 3646 unde

255 3676 390 3744 tionem
406 3674 444 3742 in
458 3673 643 3756 cordibus,
669 3686 842 3742 monstrat
864 3685 1016 3761 patrem,
1042 3671 1160 3739 reddit
1176 3695 1242 3739 no·
1288 3673 1501 3754 iudicarent,
1527 3695 1616 3763 quae
1635 3671 1726 3739 mala
1741 3673 1814 3739 sint
1830 3698 1849 3741 a
1865 3671 1941 3742 Deo
1958 3677 2142 3758 damnata,
2163 3679 2280 3748 dedu-

254 3776 311 3869 bis
332 3775 460 3852 vitam,
486 3787 520 3843 et
540 3777 603 3843 dat
615 3775 790 3864 Spiritum
815 3789 993 3852 sanctum,
1020 3773 1083 3864 qui
1106 3773 1144 3840 in
1163 3796 1241 3841 cor·
1288 3774 1335 3843 cit
1350 3773 1458 3862 igitur
1473 3793 1537 3842 nos
1555 3775 1597 3841 ad
1616 3773 1748 3861 legem,
1775 3797 1882 3865 quam
1900 3789 1992 3844 recte
2009 3775 2085 3844 vult
2102 3779 2266 3868 intelligi.

239 3875 362 3944 dibus
385 3873 579 3957 laeticiam,
610 3875 889 3958 invocationem,
916 3888 950 3944 ct
973 3874 1131 3942 accendit
1153 3874 1241 3942 alios
1280 3949 1283 3956 ,
1389 3870 1637 3944 Delectabatur
1661 3887 1695 3942 et
1715 3874 1950 3945 similitudine
1971 3901 2076 3969 quam
2106 3879 2280 3950 recitabat

254 3976 341 4048 tales
364 3987 501 4059 motus,
527 3974 643 4067 qualis
657 3988 708 4044 est
730 3975 822 4065 ipse,
846 3978 943 4045 unde
958 3988 991 4045 et
1009 3971 1162 4065 Spiritus
1178 3999 1242 4064 ap-
1287 3973 1331 4047 D.
1347 3974 1575 4046 Pomeranus.
1628 3973 1675 4046 Ut
1691 3977 1845 4045 annulus
1860 3995 1988 4066 magno
2003 3977 2220 4063 aestimatur,
2244 3997 2280 4052 et

254 4077 399 4168 pallatio
414 4089 477 4156 est,
503 4075 587 4168 quia
604 4075 705 4145 tertia
719 4098 868 4167 persona
880 4077 938 4146 sic
954 4077 1057 4146 nobis
1072 4076 1239 4166 patefacta
1287 4089 1426 4146 amatur
1439 4090 1587 4170 propter,
1599 4099 1791 4164 gemmam,
1816 4079 2072 4163 Adamantem,
2096 4095 2158 4150 aut
2172 4080 2279 4152 Sma-

255 4191 322 4262 ast,
351 4179 446 4271 quod
461 4177 603 4248 divinos
618 4190 735 4248 motus
752 4178 790 4245 in
807 4181 913 4248 eorde
931 4178 1101 4248 accendit.
1287 4178 1446 4264 ragdum‚
1469 4200 1542 4246 non
1559 4191 1701 4266 propter
1716 4202 1854 4262 aurum,
1881 4181 1930 4248 sic
1944 4182 2089 4251 dicitur:
2116 4179 2205 4252 Fide
2220 4184 2279 4254 iu.

357 4278 400 4348 ln
421 4273 512 4348 hano
526 4278 896 4349 commemorationem
913 4280 1090 4369 ingressus
1105 4272 1240 4348 Lutbe-
1287 4279 1428 4350 stificari
1456 4273 1618 4348 homines
1652 4294 1796 4368 propter
1827 4305 2022 4369 gemmam,
2057 4285 2170 4356 filium
2199 4284 2278 4370 Dei,

250 4403 315 4450 rus
330 4382 443 4452 multa
459 4380 552 4450 dicta
569 4381 773 4464 enarrabat,
798 4375 867 4473 τὴν
883 4377 1003 4475 ἀρχὴν
1018 4375 1074 4453 ὅτι
1089 4374 1154 4452 καὶ
1176 4383 1239 4450 λα·
1287 4377 1378 4450 hanc
1393 4395 1510 4452 autem
1527 4403 1703 4468 gemmam
1717 4381 1784 4450 fide
1802 4384 2059 4472 amplectimur.

252 4485 305 4552 tui
320 4475 425 4575 ὑμῖν.
476 4477 525 4552 Et
536 4481 577 4550 in
593 4479 784 4553 Salomone
798 4482 843 4551 de
858 4483 1048 4576 sapientia:
1074 4481 1144 4553 Fui
1158 4505 1239 4552 eum
1291 4511 1296 4521 ·
1399 4480 1491 4554 Cum
1536 4477 1714 4550 loachimo
1754 4481 1955 4554 Camerario
1996 4487 2190 4561 disserebat
2232 4491 2279 4559 de

254 4607 295 4654 eo
313 4585 457 4668 artifex,
482 4584 609 4654 ludens
626 4585 665 4652 in
681 4586 768 4653 orb'e
783 4597 1009 4670 terraesuae,
1034 4599 1070 4655 ει
1086 4585 1239 4654 delecta·
1285 4585 1447 4659 omnium
1464 4597 1616 4654 aetatum
1642 4579 1818 4666 historiis,
1844 4588 1889 4656 de
1910 4586 2139 4676 imperiorum
2158 4601 2280 4664 muta·

252 4684 365 4754 tiones
380 4697 477 4754 meae
492 4709 572 4754 cum
587 4685 668 4756 liliis
685 4681 885 4756 hominum.
912 4685 1010 4776 Quid
1024 4687 1162 4758 dulcius
1178 4698 1239 4769 est,
1286 4686 1445 4760 tionibus
1461 4698 1495 4754 et
1516 4681 1687 4775 periodis,
1709 4699 1879 4754 eteorum
1898 4689 2030 4770 causis,
2057 4696 2100 4762 de
2120 4690 2280 4766 motibus

252 4785 389 4879 inquit,
423 4783 487 4858 hac
509 4787 699 4868 sententia,
732 4787 776 4856 de
806 4787 878 4856 filio
902 4788 997 4857 enim
1017 4789 1166 4865 dicitur,
1200 4787 1237 4856 in
1285 4787 1496 4868 coelestibus
1520 4786 1619 4855 etde
1643 4787 1808 4878 syderum
1833 4788 2027 4860 effectione.
2093 4795 2210 4870 Multa
2244 4821 2280 4876 et

251 4911 322 4979 quo
344 4889 454 4976 fulget
477 4887 556 4958 idea
582 4888 713 4979 opificii
728 4889 871 4972 mnndi,
894 4889 1001 4982 etqui
1018 4913 1054 4959 se
1075 4889 1239 4981 patefeci-t
1286 4893 1330 4960 de
1355 4884 1475 4978 phrasi
1499 4885 1537 4955 in
1564 4887 1665 4955 libris
1689 4888 1891 4976 apostolicis
1916 4890 2169 4970 sciscitabatur.
2224 4903 2279 4976 At

249 4984 550 5076 generihumano
572 4991 666 5059 edita
683 5012 788 5072 voce,
813 4988 907 5062 ludit
930 4991 1103 5061 mirandis
1119 4992 1238 5082 operi·
1286 5005 1324 5063 ut
1345 4991 1445 5060 aiunt
1460 4986 1645 5059 Platonem
1663 4988 1713 5056 sic
1736 5012 1869 5059 amasse
1888 4995 2172 5092 γνωμολογικὸν
2189 5011 2280 5076 scri.

248 5089 317 5158 hus
331 5091 370 5159 in
384 5088 561 5160 creatione
577 5103 613 5160 et
633 5091 672 5160 in
689 5090 888 5180 colligenda
902 5088 1068 5164 Ecclesia.
1122 5092 1238 5183 Quale
1286 5106 1403 5183 ptum,
1428 5090 1487 5160 cui
1510 5089 1634 5160 titulus
1652 5088 1720 5160 luit
1736 5086 1923 5182 Sophron,
1946 5108 1985 5164 ut
2008 5100 2075 5168 sub
2091 5103 2279 5178 culcitram

247 5190 343 5260 enirn
374 5191 611 5282 spectaculum
643 5205 695 5261 est
719 5188 876 5262 hominis
906 5193 1089 5280 formatio,
1118 5195 1237 5288 qualia
1285 5194 1486 5275 collocarit,
1511 5204 1551 5267 ιιι
1575 5191 1613 5260 in
1639 5191 1728 5260 lecto
1744 5191 1914 5274 etiamad
1934 5219 2078 5266 manum
2095 5220 2201 5292 esset,
2227 5212 2280 5282 sit

245 5294 443 5384 spectacula
458 5305 542 5361 sunt
555 5293 757 5383 adsumptio
772 5307 920 5365 naturae
935 5291 1121 5380 humanae,
1147 5297 1236 5366 libe·
1285 5291 1458 5364 Ascanius
1471 5293 1612 5362 amabat
1629 5291 1861 5362 Solomonem
1874 5307 1911 5372 ‚et
1927 5294 2124 5387 Siraciden,
2149 5321 2182 5377 et
2200 5332 2279 5381 sae.

242 5394 333 5466 ratio
349 5390 472 5464 Nohae
488 5393 527 5462 in
546 5393 693 5480 diluvio,
722 5397 844 5486 populi
860 5397 900 5465 in
917 5394 1091 5491 Aegypto,
1118 5420 1235 5468 resur·
1285 5420 1328 5487 pe
1350 5396 1489 5468 dicebat
1512 5415 1658 5482 gnomas
1681 5415 1754 5464 csse
1778 5395 1944 5479 eximium
1965 5395 2125 5492 ἐφόδιον
2139 5409 2177 5478 in
2192 5414 2281 5498 vita,
