4726 5828
124 271 196 344 tot

724 257 890 338 auct,-
929 259 1005 334 DE
1036 260 1237 336 PARTU
1270 257 1413 332 FlLll
1445 254 1554 332 uua

2086 267 2157 338 102

123 453 167 510 ut
180 451 329 530 propter
343 437 456 508 filium
473 457 611 528 semper
621 431 817 506 Ecclesiam
831 435 869 504 in
886 429 942 504 his
960 433 1115 524 regioni·
1164 431 1367 500 testimonia
1384 455 1464 502 cum
1480 451 1546 498 nec
1561 430 1804 500 commenticia
1824 430 1916 515 sint,
1942 455 2006 503 nec
2027 438 2155 506 olrscsr-

122 543 192 612 bus
207 540 352 628 colligat
368 553 404 610 ct
416 537 609 628 gubernet,
634 550 668 606 et
684 548 843 628 protegat
857 533 1035 606 Ecclesiae
1050 529 1116 605 ho·

120 641 248 734 spitin,
274 655 309 712 et
333 641 372 709 in
395 640 444 710 eis
460 639 704 710 doctrinarum
722 649 757 708 ct
777 636 894 726 legum
919 638 1057 722 studia,
1072 645 1118 706 «et

123 738 312 812 honestam
329 740 554 832 disciplinam
569 752 762 808 conservet.
816 735 910 807 Dixi.

124 1089 192 1162 No.
213 1085 300 1158 144.

339 1277 342 1282 ’
377 1272 453 1358 De
480 1283 625 1384 parta
645 1266 739 1381 filii
764 1271 870 1355 Dei.

193 1446 223 1499 ln
239 1445 330 1502 select.
345 1443 465 1500 Declam.
478 1443 511 1495 Τ.
521 1443 569 1499 lll.
586 1443 671 1512 psas
683 1463 754 1514 sqq„
773 1441 892 1498 Servent.
906 1442 937 1498 T.
954 1443 1001 1499 lll.
1015 1460 1042 1512 p.
1056 1443 1115 1496 fito.

226 1523 252 1569 et
264 1513 391 1568 Richard.
404 1513 436 1567 T.
447 1511 493 1567 lll.
507 1531 532 1585 p.
541 1511 602 1570 307.

910 1087 975 1166 (a.
992 1089 1116 1170 assae)

937 1179 1108 1210 *Ost*

122 1679 253 1746 Oratio
285 1673 330 1745 de
356 1671 657 1746 consideratione
681 1668 787 1767 fideli
816 1673 1002 1744 solutoris
1022 1692 1115 1760 por·

378 1783 442 1846 tue
466 1780 508 1847 in
533 1778 648 1844 tersis
673 1771 746 1869 {titt
771 1775 858 1844 Dei.

121 1913 245 2016 Spero
261 1924 429 2017 equidem
447 1922 622 2012 plurimos
645 1923 689 1988 ad
711 1915 803 1991 hanc
820 1918 1048 2000 concionem,
1075 1917 1111 1985 in

122 2049 194 2120 qua
209 2027 252 2094 de
267 2027 375 2094 rebus
389 2025 544 2105 arcanis,
571 2047 611 2091 ac
628 2023 751 2110 procul
775 2041 880 2112 supra
899 2019 1028 2088 iudicia
1045 2013 1111 2086 hn-

119 2151 228 2196 mana
254 2125 398 2216 positis,
434 2124 593 2194 dicturus
619 2145 715 2206 sum,
754 2123 880 2190 afferre
903 2133 1036 2188 mentes
1063 2121 1110 2188 its

119 2229 346 2300 confirmatas
361 2225 438 2295 lnce
454 2225 594 2307 divina,
620 2237 652 2293 et
667 2223 881 2292 testimoniis
904 2223 1112 2304 illustribus,

79 2372 88 2390 ·
120 2330 253 2424 quibus
277 2325 374 2394 Deus
400 2348 436 2394 se
459 2326 578 2414 generi
597 2320 753 2393 humano
771 2323 951 2416 patefecit,
976 2337 1017 2391 ut
1031 2344 1111 2389 vere

118 2429 361 2502 assentiantur
377 2423 585 2516 Evangelio,
610 2439 645 2496 ct
660 2439 815 2494 statuant
832 2423 1025 2493 Ecclesiam
1044 2421 1110 2491 Dei

119 2555 223 2602 veras
246 2528 438 2599 sententias
460 2530 504 2596 de
519 2527 595 2597 Deo
619 2526 867 2608 circumferre,
894 2547 967 2594 non
990 2521 1110 2594 ethni-

120 2656 242 2704 carum
265 2629 576 2717 mataeologiarum
594 2628 739 2712 similes.
792 2624 844 2697 Ac
861 2625 974 2695 Deum
998 2639 1110 2694 aeter-

119 2760 209 2805 num
234 2745 369 2825 patrem
386 2729 535 2799 Domini
559 2730 671 2796 nostri
695 2727 774 2797 lesu
795 2724 929 2798 Christi
950 2741 1025 2796 toto
1051 2749 1110 2816 pe-

120 2852 220 2908 ctore
236 2858 310 2917 oro,
336 2844 425 2902 utet
440 2855 559 2900 veram
578 2829 691 2899 lucem
708 2828 745 2896 in
763 2829 926 2897 omnium
942 2827 1110 2895 cordibus

120 2939 305 3018 accendat,
330 2948 371 3004 ut
389 2933 504 3023 ipsum
522 2954 604 2999 vere
620 2951 869 3018 agnoscamus,
895 2927 1111 2999 celebremus

119 3055 156 3110 et
172 3040 400 3114 invocemus,
426 3047 460 3102 et
475 3031 672 3102 imbecilles
688 3029 809 3120 erigat,
835 3043 870 3099 et
884 3030 1039 3110 adiuvet,
1065 3053 1110 3100 ne
1130 3084 1133 3099 .

117 3140 287 3210 fluctibus
302 3136 565 3207 dubitationum
580 3133 712 3216 obruti,
735 3133 916 3201 veritatem
935 3133 1111 3201 amittant.

117 3241 209 3312 Nam
234 3232 432 3332 prophanis
462 3227 641 3305 mentibus
668 3235 798 3302 frustra
822 3227 889 3300 hae
917 3233 1110 3301 sententiae

119 3355 392 3434 proponuntur,
419 3339 533 3406 filium
547 3334 614 3404 Dei
634 3328 748 3432 λόγον
761 3330 825 3404 καὶ
845 3328 970 3404 εἰκόνα
985 3329 1110 3404 ἀΐδιον

119 3437 248 3516 ἀϊδίου
279 3435 436 3532 πατρὸς,
470 3461 608 3528 semper
634 3438 727 3527 apud
752 3450 889 3528 patrem
911 3435 1036 3518 fuisse,
1069 3459 1109 3504 ac

118 3559 239 3637 postea
257 3545 423 3611 indutum
440 3531 594 3608 humana
617 3550 765 3620 natura,
790 3537 975 3606 nobiscum
993 3560 1108 3606 versa-

117 3663 197 3718 tum
220 3668 312 3726 esse,
338 3644 470 3711 factum
494 3636 646 3708 hostiam
670 3663 733 3728 pro
758 3639 880 3717 nobis,
907 3650 942 3704 et
965 3662 1108 3707 revoca·

118 3764 197 3818 turn
220 3770 262 3816 ex
288 3757 419 3826 morte,
445 3763 540 3812 nunc
555 3737 750 3810 Ecclesiam
776 3762 875 3807 suam
891 3735 1028 3828 Spiritu
1044 3761 1108 3808 sno

4 3839 5 3842 ¹
117 3872 253 3938 regere.

222 3945 319 4016 llaec
338 3969 418 4014 cum
437 3943 529 4014 Deus
550 3940 773 4010 evidentibus
796 3939 1027 4035 testimoniis,
1053 3964 1109 4008 re·

114 4050 347 4124 suscitatione
370 4061 612 4119 mortuorum,
647 4055 680 4112 et
702 4042 782 4110 aliis
802 4043 931 4131 signis,
966 4064 1047 4109 vera
1075 4054 1110 4108 et

116 4165 216 4224 certa
233 4173 306 4220 esse
324 4147 536 4229 ostenderit,
561 4166 628 4212 nos
651 4144 794 4236 quidem
811 4163 1009 4215 asseverare
1033 4165 1107 4210 uon

116 4254 345 4332 dubitamus,
379 4263 414 4318 et
442 4243 506 4316 hae
539 4246 758 4316 confessione
781 4244 894 4315 Deum
926 4244 1109 4312 celebran-

117 4361 208 4425 dum
224 4375 296 4424 esse
310 4352 451 4420 scimus.

225 4471 295 4543 Sed
330 4465 524 4560 prophanis
557 4461 644 4534 haec
678 4463 887 4533 asseveratio
915 4463 1041 4546 stulta,
1076 4477 1109 4532 et

117 4577 225 4668 plena
249 4571 400 4642 anilium
424 4568 739 4638 deliramentorum
759 4564 917 4649 videtur,
943 4563 1110 4633 adversus

116 4701 211 4772 qnos
243 4699 317 4744 non
349 4671 535 4742 instituam
565 4665 861 4758 disputationem,
901 4666 961 4734 sed
993 4688 1049 4734 me
1076 4679 1110 4735 et

116 4781 211 4850 alios
226 4777 303 4867 pios
318 4770 511 4853 adhortor,
535 4783 577 4840 ut
591 4768 753 4838 miranda
770 4765 837 4836 Dei
852 4768 939 4836 facta
956 4767 1108 4857 plurima

116 4885 165 4952 ad
182 4902 247 4948 nos
271 4871 534 4947 confirmandos
552 4868 778 4959 colligamus,
803 4867 933 4962 quihus
949 4869 1108 4939 testimo·

120 4984 182 5052 nia
202 4981 386 5050 doctrinae
401 4975 559 5046 coelestis
580 4971 672 5041 edita
688 4983 784 5042 suut.

224 5093 360 5168 Eduxit
375 5089 470 5162 Dens
484 5115 525 5162 cx
537 5087 698 5184 Aegypto
717 5084 888 5178 populum
902 5083 997 5155 inter
1011 5098 1109 5156 stan-

1165 557 1224 616 ra,
1249 555 1317 602 uos
1340 533 1567 617 confirment,
1593 543 1633 600 ut
1655 531 1796 603 coelesti
1817 531 2000 604 doctrinae
2014 538 2059 608 de
2080 539 2154 610 filio

1166 631 1235 704 Dei
1256 633 1506 717 assentiamur,
1530 647 1563 706 et
1585 633 1760 702 connatis
1785 633 1915 704 indicia
1932 638 2062 710 mentis
2086 633 2154 712 hu.

1165 759 1292 806 manae
1321 735 1517 818 sternamus,
1551 748 1586 803 et
1616 747 1657 804 ut
1675 732 1808 804 Paulus
1834 735 1966 828 inquit:
2002 737 2154 813 Vincula

1166 837 1368 906 iniiciaurus
1384 836 1563 906 mentibus
1577 835 1615 904 in
1632 835 1842 928 obsequium
1858 833 2004 914 Christi,

1255 935 1353 1006 Haec
1372 936 1604 1028 praemonitio
1626 937 1666 1004 in
1688 932 1847 1006 hocloco
1864 940 1955 1008 etde
1970 935 2153 1014 haccause
2202 1009 2206 1019 ,

1168 1040 1362 1108 necessaria
1376 1051 1438 1124 est,
1457 1049 1496 1107 ut
1514 1033 1716 1128 prophanos
1729 1039 1907 1110 auditores
1923 1023 2154 1128 dimittamus,

1168 1153 1203 1210 et
1217 1141 1394 1233 reliquum
1410 1153 1547 1210 coetum
1563 1141 1702 1230 piorum
1716 1142 2154 1228 exuscitemusnobiseum,

1167 1267 1241 1311 non
1264 1245 1309 1310 ad
1329 1241 1603 1333 disputandum,
1625 1242 1684 1308 sed
1704 1243 1746 1309 ad
1769 1243 1962 1331 gratiarum
1981 1249 2152 1316 actionem

1167 1358 1201 1412 et
1222 1344 1506 1426 invocationem,
1531 1356 1571 1412 ut
1596 1339 1716 1411 Patres
1741 1367 1780 1412 ac
1804 1338 2022 1434 Prophetae,
2050 1371 2152 1438 expe·

1167 1446 1322 1515 tiverunt
1344 1440 1440 1513 hunc
1463 1445 1635 1522 natalem,
1661 1457 1701 1512 ut
1721 1439 1850 1533 Angeli
1868 1459 1902 1514 et
1925 1471 2045 1517 recens
2070 1465 2151 1520 nato

1166 1541 1330 1632 Christo,
1356 1559 1390 1614 et
1405 1569 1500 1614 nunc
1522 1545 1559 1616 in
1582 1540 1638 1613 his
1654 1545 1750 1612 feriis
1768 1539 1835 1614 hoc
1860 1545 1985 1636 ingens
2002 1547 2069 1618 Dei
2092 1553 2152 1620 be-

1166 1647 1330 1716 neficium
1353 1646 1551 1732 celebrant,
1575 1659 1616 1716 ut
1637 1645 1773 1728 Maria,
1799 1641 2007 1730 Zacharias,
2035 1653 2152 1721 etalii

1167 1750 1237 1839 pii,
1262 1747 1338 1820 Deo
1363 1749 1492 1838 gratias
1515 1762 1661 1837 egerrmt
1685 1748 1746 1817 illo
1769 1746 1846 1840 ipso
1870 1762 2046 1838 tempore,
2071 1777 2150 1822 cum

1165 1845 1347 1920 Christum
1371 1849 1561 1930 infantem,
1595 1843 1796 1918 involutum
1825 1850 2000 1935 fasciolis,
2034 1854 2152 1924 intue-

1166 1953 1315 2035 bantur,
1342 1965 1374 2021 et
1391 1951 1604 2020 dulcissimis
1622 1950 1728 2018 basiis
1744 1951 1966 2022 salutabant..

1268 2049 1324 2122 Ad
1352 2047 1449 2120 bunc
1473 2065 1611 2124 coetum
1638 2075 1704 2120 nos
1731 2052 1982 2141 adiungamus,
2014 2053 2151 2124 omissis

1165 2153 1486 2245 disputationibus,
1520 2177 1561 2221 ac
1592 2177 1672 2222 vera
1704 2153 1771 2222 fide
1803 2155 1973 2225 dicamus.
2033 2152 2150 2226 Credo

1164 2251 1256 2326 hanc
1276 2278 1385 2324 unam
1411 2255 1606 2325 doctrinam
1628 2257 1671 2322 de
1688 2251 1763 2323 Deo
1788 2255 1954 2324 traditam
1975 2255 2014 2324 in
2028 2251 2151 2327 Eccle-

1162 2358 1233 2442 sia,
1259 2357 1499 2426 confirmatam
1514 2369 1567 2426 tot
1588 2355 1782 2424 manifestis
1803 2357 2015 2426 testimoniis
2031 2381 2150 2426 veram

1163 2482 1252 2544 esse,
1279 2459 1384 2526 credo
1401 2470 1434 2525 te
1448 2453 1563 2525 Deum
1578 2470 1779 2536 aeternum,
1807 2471 1840 2527 et
1854 2459 2001 2528 unicum
2016 2473 2150 2549 patrem

1162 2557 1311 2630 Domini
1335 2556 1449 2628 nostri
1471 2554 1551 2626 lesu
1572 2551 1727 2640 Christi,
1751 2558 1839 2626 coeli
1864 2571 2048 2653 terraeque
2072 2561 2151 2654 opi-

1163 2664 1280 2746 ficem,
1305 2673 1339 2729 et
1355 2658 1574 2728 conditorem
1593 2654 1769 2726 Ecclesiae
1793 2671 1890 2739 tuae,
1918 2684 2000 2728 vere
2015 2661 2149 2731 misisse

1162 2763 1273 2831 filium
1299 2754 1412 2858 λόγον
1433 2755 1496 2831 καὶ
1516 2751 1642 2830 εἰκόνα
1664 2781 1733 2830 σου
1748 2755 1890 2850 ἀΐδιον,
1916 2774 1957 2830 ut
1971 2779 2150 2854 assumpta

1163 2859 1317 2930 humana
1334 2874 1460 2929 natura
1475 2885 1515 2929 ex
1528 2861 1665 2948 virgine
1687 2859 1820 2941 Maria,
1847 2887 1911 2954 pro
1928 2863 2032 2932 nohis
2047 2863 2149 2934 victi-

1162 2988 1219 3031 ma
1244 2964 1359 3046 fieret,
1385 2976 1417 3031 et
1442 2960 1575 3052 placata
1599 2961 1651 3029 ira
1673 2974 1752 3041 tua,
1778 2964 1883 3033 nobis
1905 2966 2069 3033 redderet
2093 2965 2149 3034 lu·

1162 3089 1257 3146 cem,
1280 3063 1467 3142 iusticiam,
1495 3076 1530 3133 et
1544 3061 1653 3130 vitam
1670 3076 1860 3145 aeternam,
1886 3077 1920 3133 et
1938 3087 2001 3154 pro
2019 3061 2074 3134 his
2092 3067 2149 3134 in-

1160 3165 1326 3255 gentibus
1349 3164 1528 3234 beneficiis
1549 3164 1616 3233 tibi
1639 3163 1769 3253 gratias
1784 3187 1867 3254 ago,
1892 3180 1926 3237 et
1942 3167 2149 3240 ardentibus

1162 3269 1254 3336 votis
1268 3290 1349 3349 oro,
1375 3279 1416 3336 ut
1438 3265 1475 3333 in
1496 3289 1575 3334 meo
1598 3279 1737 3355 pectore
1759 3279 1794 3338 et
1814 3268 1936 3338 multis
1960 3267 2039 3336 aliis
2061 3291 2148 3338 eon-

1162 3371 1278 3437 firmes
1295 3363 1385 3436 hauc
1401 3366 1630 3450 sententiam,
1656 3388 1721 3435 nos
1738 3390 1855 3455 regas,
1881 3382 1921 3438 nt
1938 3382 1972 3438 te
1992 3370 2147 3439 celebre-

1160 3493 1259 3552 mus,
1285 3493 1324 3536 ac
1342 3469 1434 3536 veris
1449 3467 1590 3552 officiis,
1617 3492 1706 3559 qnae
1721 3470 1912 3559 approbas,
1937 3495 2074 3560 semper
2087 3497 2147 3541 co·

1162 3572 1295 3653 lamus,
1322 3584 1355 3640 te
1377 3582 1517 3638 nostrae
1537 3582 1673 3637 mentes
1689 3583 1783 3638 recte
1805 3587 2013 3660 agnoscant,
2039 3585 2073 3642 te
2089 3594 2148 3642 so-

1161 3688 1247 3745 nent
1281 3685 1314 3741 et
1351 3671 1498 3739 landent
1526 3683 1667 3740 nostrae
1696 3670 1837 3759 linguae
1864 3685 1897 3742 et
1931 3673 2072 3753 literae,
2113 3690 2147 3744 et

1161 3775 1363 3842 discernant
1379 3785 1413 3841 te
1432 3795 1554 3840 verum
1568 3768 1695 3854 Deum,
1721 3795 1739 3840 a
1757 3773 2011 3843 commenticiis
2025 3777 2146 3844 nurni-

1161 3876 1268 3944 nibns
1284 3873 1433 3944 aliarum
1453 3873 1630 3961 gentium,
1657 3895 1747 3964 quae
1763 3874 1892 3945 nolunt
1916 3870 2012 3944 huuc.
2027 3875 2145 3946 Deum

1161 3976 1343 4058 invocare,
1370 3974 1484 4066 quise
1500 3975 1583 4044 dato
1599 3971 1795 4062 Evangelio
1818 3975 1855 4044 in
1870 3972 2028 4046 Ecclesia
2047 3991 2146 4069 pate·
2227 4013 2231 4021 ·

1161 4077 1262 4162 fecit,
1294 4091 1327 4145 et
1357 4078 1601 4166 obtemperent
1622 4088 1783 4144 aeternae
1811 4077 1879 4166 legi
1909 4092 2006 4164 tuae,
2040 4103 2145 4172 qnam
2218 4167 2221 4178 ¹

1161 4179 1266 4248 nobis
1285 4176 1483 4260 tradidisti,
1508 4191 1649 4247 nostrae
1672 4176 1872 4248 voluntates
1891 4193 1925 4249 et
1941 4203 2062 4250 sensus
2079 4205 2144 4250 no·
2247 4233 2255 4246 .

1161 4281 1235 4351 stri.
1287 4277 1383 4348 Haec
1407 4301 1488 4347 vere
1512 4277 1632 4348 divina
1655 4279 1748 4346 bona
1769 4301 1789 4348 a
1812 4291 1847 4349 te
1870 4292 2014 4370 propter
2032 4279 2144 4350 hlium

1160 4395 1261 4453 tunm
1283 4378 1479 4449 Dominum
1509 4394 1673 4453 nostrum
1707 4377 1821 4450 lesum
1844 4376 2026 4452 Christum
2055 4383 2145 4471 peti-

1161 4506 1260 4566 mus,
1285 4505 1373 4574 quae
1389 4494 1423 4552 et
1437 4481 1490 4549 vis
1508 4494 1577 4551 ate
1591 4479 1664 4572 peti
1679 4481 1885 4574 praecipue,
1911 4495 1946 4552 et
1961 4483 2057 4552 solus
2075 4483 2145 4552 lar·

1161 4585 1228 4674 girl
1244 4597 1353 4676 potes.

1264 4682 1321 4754 llli
1343 4683 1471 4771 igitur,
1494 4680 1678 4774 inquibus
1702 4679 1788 4754 haec
1810 4685 1896 4755 fides
1916 4707 2058 4755 accensa
2081 4700 2144 4772 est,

1162 4810 1259 4858 nuuc
1270 4785 1439 4856 attentius
1455 4783 1692 4870 considerent,
1719 4780 1785 4856 hoc
1801 4785 2051 4858 admirandum
2070 4789 2146 4858 foe-

1162 4889 1251 4973 dus,
1276 4909 1346 4980 quo
1370 4887 1408 4955 in
1423 4887 1495 4956 lilio
1512 4879 1580 4954 Dei
1595 4888 1758 4979 copulata
1776 4897 1827 4954 est
1848 4881 2003 4958 hnmana
2018 4903 2143 4960 natura

1161 5012 1242 5060 cum
1258 4989 1388 5060 divina.
1440 4981 1558 5057 Etiam
1575 5011 1654 5057 cum
1670 4985 1870 5058 testimonie
1892 4989 2043 5060 illustria
2060 5014 2146 5060 con-

1162 5090 1311 5162 vicerint
1336 5101 1470 5160 mentes
1491 5101 1649 5172 nostras,
1676 5101 1717 5158 ut
1738 5087 1917 5160 fateantur
1932 5115 2004 5161 esse
2024 5091 2147 5172 Deum,

122 5216 173 5272 tes
208 5221 337 5292 aquas,
375 5195 480 5264 scidit
513 5190 673 5281 ingentes
704 5189 887 5278 scopulos,
918 5198 953 5257 et
985 5185 1112 5259 effudit
1163 5207 1199 5262 et
1221 5213 1294 5261 esse
1319 5191 1532 5283 sapientem,
1565 5189 1720 5274 bonnm,
1753 5188 1906 5274 iustum,
1940 5192 2146 5284 punientem

122 5323 251 5392 magna
264 5319 437 5394 aquarum
454 5293 615 5374 flumine,
633 5289 727 5382 pluit
741 5311 850 5379 mana
865 5291 909 5358 de
924 5290 1035 5371 coelo,
1057 5313 1113 5360 rc·
1162 5295 1366 5378 sceleratos,
1390 5305 1425 5361 et
1447 5302 1648 5382 parcentem
1671 5315 1711 5362 sc
1724 5293 1999 5364 benefacientem
2017 5292 2148 5386 aliqui-

122 5399 464 5473 votavitmultosex
480 5406 595 5464 morte
605 5391 755 5460 diversis
768 5391 998 5483 temporibus.
1021 5387 1114 5461 llaec
1166 5398 1232 5468 bus
1255 5392 1546 5475 modestioribus,
1571 5406 1690 5467 tameo
1710 5394 1952 5466 excruciemur
1971 5387 2026 5463 hts
2042 5394 2149 5478 curis,
2193 5451 2199 5460 .

1573 5489 1625 5560 7*
