4706 5818
218 217 293 376 aas
457 285 669 382 senum
694 285 771 364 ru.
796 285 913 362 uun
937 283 1006 363 ao
1031 282 1161 373 msa
1185 280 1331 364 raon
1356 281 1423 360 ur
1446 254 1641 368 anuos.
1667 281 1988 365 senmurum
2178 289 2260 366 aas

221 479 380 559 postores
403 475 487 535 tunc
506 457 704 535 Domitiani
729 472 887 552 tempore
909 461 1020 532 exorti
1042 475 1144 550 snut,
1174 477 1208 536 et
1259 456 1461 531 testimonis
1485 451 1593 529 huius
1612 459 1809 534 doctrinae.
1876 455 2063 532 Discamus
2081 459 2187 532 etiam
2211 487 2256 533 ex

223 581 264 638 ut
287 567 327 637 fit
350 565 389 635 in
412 563 593 643 erroribus
616 577 650 634 et
672 561 968 648 dissensionibus,
999 566 1208 657 suocapite
1261 561 1336 653 ipss
1366 560 1527 631 doctrina
1557 583 1578 630 s
1609 557 1701 640 Deo.
1718 561 1866 647 tradita,
1907 583 2046 655 semper
2075 558 2256 636 horribile

222 663 368 763 Hydrae
389 665 546 758 praeciso
569 677 689 755 postca
712 661 779 733 tria
804 675 886 734 nata
902 677 997 740 sunt.
1047 663 1210 738 Nccsin·
1260 661 1384 733 odium
1415 684 1488 734 esse
1517 660 1556 730 in
1577 656 1740 733 Diabolis
1763 676 1798 733 et
1821 661 1898 732 eius
1918 665 2061 754 organis
2081 666 2257 738 adversus

224 769 389 860 gulorum
418 764 555 836 furores
577 764 743 838 recitabo.
795 763 866 836 Sed
890 761 984 834 hanc
1005 768 1210 839 considera·
1260 759 1472 854 Ecclesiam,
1500 763 1600 833 utin
1623 763 1738 854 prima
1763 765 1933 834 concione
1951 763 2097 836 dicitur:
2125 763 2257 864 inimi-

224 866 499 942 tionemiudico
522 866 645 937 utilem
668 889 758 951 esse,
783 866 980 958 dequibus
1003 883 1211 941 controver-
1261 863 1362 936 eilias
1380 888 1511 958 ponam
1530 864 1624 934 inter
1639 879 1839 957 serpentem
1862 879 1898 938 ct
1919 867 2118 942 mulierem.
2169 865 2256 938 Non

224 972 287 1042 siis
304 968 489 1062 praecipua
505 967 639 1037 fuerint
655 967 845 1036 certamina
861 969 900 1036 iu
916 963 1092 1056 Ecclesia,
1119 995 1209 1065 qno·
1261 967 1371 1058 igitur
1383 966 1562 1036 excutiant
1576 966 1682 1037 nobis
1697 967 1801 1036 fidem
1817 960 1903 1036 haec
1914 967 2028 1038 tristia
2043 970 2258 1060 spectacula.

224 1091 305 1142 rum
326 1067 457 1138 similia
479 1065 644 1159 deinceps
665 1081 761 1139 mota
783 1080 885 1154 sunt,
911 1082 945 1141 et
966 1064 1035 1144 hoc
1053 1086 1211 1166 tempore
1261 1065 1463 1158 Cogitemus
1478 1080 1512 1138 et
1529 1062 1613 1138 hoc:
1639 1063 1729 1138 Cum
1743 1069 1782 1136 in
1799 1066 1862 1137 illo
1878 1067 1966 1137 flore
1978 1065 2156 1140 Ecclesiae
2170 1084 2256 1142 tsn-

177 1245 182 1252 ,
225 1183 422 1243 moventur.
455 1223 458 1230 .
1261 1181 1338 1240 tum
1361 1167 1469 1240 suern
1492 1167 1741 1262 dissidiorum,
1775 1164 1868 1240 hanc
1889 1169 2052 1240 ultimam
2076 1185 2255 1243 senmtsm

231 1291 236 1300 ’
275 1268 439 1360 Qustuor
452 1269 596 1340 fuerunt
612 1271 819 1363 praecipuae
834 1273 1103 1345 controversiae.
1262 1293 1335 1340 non
1352 1269 1429 1340 fore
1442 1270 1725 1364 tranquiliorem.

327 1363 458 1442 Prima
474 1373 518 1441 de
532 1371 607 1440 filio
621 1369 707 1458 Dei,
733 1367 923 1446 Cerinthus
940 1387 974 1445 et
986 1371 1108 1447 Ebion
1122 1401 1211 1447 con·
1364 1369 1458 1462 Quia
1473 1395 1556 1442 vero
1573 1372 1711 1442 easdem
1725 1371 1984 1444 controversias
1991 1369 2136 1445 Diaboli
2149 1395 2256 1468 saepe

226 1473 431 1560 tenderunt,
476 1484 614 1544 tantum
652 1497 726 1542 esse
755 1470 947 1546 humanam
976 1491 1139 1548 naturam
1169 1478 1208 1548 in
1261 1485 1456 1559 renovant,
1479 1472 1633 1565 pertinet
1653 1475 1699 1542 ad
1721 1469 1906 1544 historiam
1926 1474 2015 1545 seire
2038 1475 2255 1569 quifncrint

222 1569 380 1649 Christo.
436 1569 484 1644 Et
516 1569 609 1642 nihil
637 1598 711 1645 esse
737 1571 918 1647 Christum
951 1589 1140 1672 antequam
1169 1603 1210 1649 ex
1261 1577 1457 1646 adsertores
1487 1573 1663 1659 veritatis,
1703 1575 1834 1667 quibus
1855 1574 1910 1646 usi
1932 1575 2004 1646 sint
2022 1575 2252 1647 testimoniis.

223 1677 360 1766 virgine
373 1688 478 1745 natus
494 1688 561 1745 est:
588 1675 679 1747 sicut
695 1689 728 1746 et
747 1689 866 1770 postea
882 1675 1150 1768 samosatenus,
1176 1697 1210 1752 et
1262 1671 1439 1747 lohannes
1459 1676 1626 1747 refutavit
1645 1671 1856 1746 Cerintbum
1877 1688 1910 1745 et
1923 1671 2114 1748 Ebionem.
2166 1675 2255 1750 Fuit

224 1799 346 1849 reeens
363 1775 814 1851 Servetuscontcndernnt.
1260 1777 1403 1847 auditor
1432 1771 1602 1848 Iohannis
1632 1773 1867 1871 Polycarpus,
1899 1769 2097 1871 Episcopus
2124 1775 2256 1874 Smyr-,

324 1871 496 1947 Secunda
520 1880 760 1950 controversia
782 1879 851 1950 fuit
874 1879 1000 1951 similis
1024 1881 1210 1975 anabapti-
1261 1901 1347 1948 uae:
1381 1876 1569 1972 Polycarpi
1598 1875 1760 1964 lreneus,
1794 1879 1895 1948 cuius
1922 1893 2015 1952 estat
2043 1879 2153 1964 liber,
2187 1883 2253 1973 qui

221 1979 363 2064 sticiae,
383 1977 654 2074 utCsrpocratis
667 1994 701 2051 et
715 1982 928 2066 multorum,
952 1981 1015 2075 qui
1030 1983 1209 2058 finxerunt
1261 1979 1445 2072 perspicue
1480 1979 1638 2050 defendit
1673 1973 1767 2049 hauc
1796 1979 2024 2051 sententiam:
2067 1979 2177 2070 Quod
2210 1983 2252 2050 in

222 2077 445 2154 Christianos
473 2095 638 2172 oportere
662 2082 843 2152 facultates
865 2084 1026 2154 conferre
1047 2085 1085 2154 in
1109 2110 1210 2156 com·
1259 2075 1423 2165 Christo,
1447 2093 1531 2150 nato
1549 2104 1589 2150 ex
1607 2080 1745 2170 virgine
1760 2079 1876 2150 Maria
1894 2081 1966 2151 sint
1979 2083 2070 2154 duae
2085 2095 2252 2153 naturae:

222 2205 351 2260 mune,
377 2194 411 2250 et
426 2183 666 2270 probaverunt
682 2183 906 2254 confusiones
921 2183 1125 2259 libidinum.
1260 2175 1385 2280 λόγος,
1420 2194 1454 2272 et
1487 2194 1612 2252 natura
1641 2177 1797 2252 humana
1821 2184 2007 2276 adsumpta
2033 2207 2073 2254 er
2096 2183 2250 2273 virgine.

325 2275 455 2351 Tertia
469 2279 695 2354 fnitEbiouis
708 2298 741 2356 et
754 2285 946 2356 multorum
958 2287 1122 2370 aliorum,
1147 2287 1210 2385 qui
1259 2279 1307 2354 Et
1321 2285 1416 2378 quod
1430 2276 1557 2406 Adpoc
1566 2307 1639 2353 non
1650 2282 1818 2372 significet
1828 2304 2025 2354 sermonem
2035 2307 2252 2356 evanescen-

224 2385 1210 2475 coutenderuntoportereservariceremoniasMosaicas.
1260 2397 1350 2465 tem,
1377 2387 1437 2454 sed
1460 2377 1871 2483 loyov'tiptoseipcevov,
1896 2381 1959 2478 qui
1979 2407 2118 2477 semper
2130 2387 2248 2460 adfuit

326 2478 474 2579 Quarta
489 2485 557 2556 fuit
573 2497 662 2557 tetra
678 2487 838 2557 confusio
855 2501 931 2558 orta
948 2513 989 2558 ex
1005 2491 1210 2584 quaestione
1259 2480 1456 2571 Ecclesiae,
1482 2500 1518 2558 et
1539 2510 1619 2555 cum
1643 2481 1826 2558 Abraham
1850 2497 1886 2556 et
1906 2485 1988 2558 aliis
2011 2487 2173 2579 patribus
2194 2489 2251 2561 lo-

223 2587 268 2656 de
297 2609 400 2656 causa
423 2585 528 2656 Mali.
586 2585 750 2658 Marcion
774 2602 808 2662 et
831 2603 913 2659 ante
936 2613 1015 2659 eum
1036 2589 1209 2663 Basilides
1260 2601 1392 2682 quotus
1414 2602 1476 2658 est.
1527 2584 1646 2658 Huius
1668 2585 1851 2677 scriptoris
1873 2587 2115 2658 testimonium
2138 2593 2250 2680 prod-

223 2702 419 2778 posuerunt
451 2688 524 2758 duo
561 2689 737 2780 principia
775 2688 971 2776 contraria,
1013 2708 1210 2780 coaeterna,
1232 2619 1236 2766 l
1261 2701 1312 2758 est
1330 2689 1375 2758 ad
1391 2688 1667 2758 confirmandam
1684 2689 1865 2758 veritatem
1882 2684 1964 2784 περὶ
1979 2681 2132 2789 Λόγου,
2157 2715 2249 2784 quae

222 2783 364 2858 Bonum
388 2803 422 2859 et
436 2784 595 2873 Malum,
621 2793 703 2886 φῶς
722 2785 786 2863 καὶ
807 2785 953 2872 σκότοςε
981 2807 1014 2863 et
1029 2791 1209 2868 finxerunt
1260 2802 1379 2882 postea
1394 2789 1431 2858 in
1448 2789 1608 2884 symbolo
1622 2786 1758 2859 Niceno
1775 2790 1962 2870 recitatur,
1987 2789 2249 2888 namlrenaeus

224 2889 369 2960 stoicam
394 2891 634 2962 necessitatem
655 2893 694 2961 in
716 2883 820 2963 honis'
836 2907 868 2963 et
883 2893 986 2964 malis
1001 2895 1210 2984 actionibus,
1258 2891 1442 2962 antecessit
1456 2887 1642 2986 Synodum
1656 2887 1825 2961 Nicenam
1842 2891 1915 2960 fere
1930 2891 2091 2962 ducentis
2107 2893 2222 2964 sonis.

224 3002 258 3060 et
270 2990 378 3060 multa
396 3005 598 3081 portentosa
614 2995 844 3068 deliramenta
861 2995 1087 3072 addiderunt.
1361 2989 1495 3063 Scribit
1518 2991 1614 3061 idem
1634 2991 1729 3061 libro
1750 2991 1882 3084 tertio,
1907 2989 2142 3086 Polycarpum
2163 3018 2250 3065 nar-

325 3093 462 3164 Harum
494 3108 649 3188 quatuor
674 3108 848 3165 sectarum
880 3096 1040 3184 contagia
1072 3121 1210 3188 semper
1258 3114 1353 3161 rasse
1375 3087 1558 3162 historiam
1584 3093 1628 3161 de
1653 3105 1766 3162 morte
1781 3087 1953 3167 Cerinthi.
2003 3091 2095 3165 Cum
2112 3090 2248 3166 lohan-

164 3235 166 3246 ι
223 3191 342 3284 postea
365 3187 556 3264 haeserunt
580 3195 617 3264 in
634 3189 801 3264 Ecclesia.
853 3191 992 3266 Omnes
1012 3211 1127 3268 autem
1154 3223 1208 3269 se.
1260 3216 1322 3262 nes
1337 3188 1471 3283 Ephesi
1487 3191 1639 3264 venisset
1654 3191 1693 3260 in
1708 3193 1895 3284 balneum,
1920 3207 1953 3264 el
1970 3194 2021 3264 ihi
2040 3196 2177 3267 videret
2191 3221 2247 3267 se·

223 3307 299 3362 ctae
328 3293 372 3360 de
392 3287 552 3364 Iuslics'a
575 3319 798 3364 communem
820 3319 974 3365 errorem
997 3291 1209 3387 habuerunt,
1231 3329 1235 3378 t
1259 3293 1342 3364 dere
1356 3288 1566 3365 cerinthum
1583 3292 1771 3364 intersunt
1788 3295 2033 3386 applausores,
2059 3296 2248 3390 disputan-

223 3389 386 3464 lromines
408 3419 483 3465 esse
505 3398 615 3466 iustos
630 3411 774 3490 propter
788 3397 931 3490 'propria
946 3424 1071 3489 opera,
1096 3402 1208 3473 etalii
1259 3408 1330 3466 tem
1352 3408 1386 3467 et
1407 3389 1644 3488 blasphemias
1665 3395 1914 3466 contrafilium
1930 3391 1997 3466 Dei
2012 3411 2248 3490 spargentem,

224 3496 434 3584 impostores
459 3496 558 3588 plus,
590 3499 651 3566 alii
675 3498 793 3570 minna
816 3501 1080 3590 praestigiarum
1104 3504 1208 3574 addi-
1259 3495 1346 3569 dixit
1371 3493 1548 3567 lohannes
1568 3519 1632 3566 suo
1657 3496 1858 3582 comitatui,
1882 3495 2135 3586 Discedamns,
2161 3501 2247 3594 quia

223 3600 371 3682 derunt,
396 3612 436 3668 ut
457 3597 657 3668 Menander
677 3600 745 3670 suit
763 3599 905 3690 Magus:
932 3596 1056 3698 Aliqui
1078 3604 1208 3675 imitati
1231 3587 1234 3642 ³
1259 3597 1375 3668 statim
1403 3601 1530 3668 domus
1553 3598 1679 3668 obruet
1702 3609 1885 3668 sonantem
1908 3595 1971 3668 has
1986 3596 2246 3692 blasphemias,

225 3693 471 3788 Theogoniam
493 3697 640 3772 Hesiodi
668 3700 845 3771 finxerunt
876 3724 1036 3790 magnam
1066 3707 1207 3775 turham
1259 3712 1292 3768 et
1311 3699 1500 3768 auditores.
1550 3693 1699 3788 Egresso
1715 3695 1875 3769 Iohanne
1895 3701 2022 3768 domus
2037 3702 2155 3772 statim
2171 3705 2246 3774 col-

222 3796 402 3879 Deorum,
436 3824 543 3893 quam
574 3801 754 3890 allegorici
785 3801 1005 3893 interpretati
1036 3820 1138 3891 sunt,
1168 3820 1208 3879 ut
1231 3787 1233 3800 ’
1259 3798 1353 3891 lapsa
1370 3795 1578 3874 Corinthum
1596 3814 1629 3870 et
1646 3800 1785 3870 turbam
1803 3801 1976 3894 reliquam
1991 3805 2176 3894 oppressit.

224 3897 408 3972 eluderent
435 3901 635 3972 doctrinam
665 3906 709 3970 de
741 3900 815 3972 filio
838 3900 906 3973 Dei
939 3926 973 3975 et
1004 3907 1050 3976 de
1071 3905 1208 4000 Spiritu
1359 3901 1452 3974 Sunt
1481 3905 1575 3992 apud
1605 3899 1789 3972 irenaeum
1820 3915 1854 3971 et
1882 3903 1973 3972 aliae
2004 3905 2247 3990 refutationes,

224 4013 358 4070 sancto.
1257 4002 1372 4081 utiles¹
1394 4003 1524 4074 nostris
1554 4001 1774 4094 temporibus
1802 4003 1970 4074 adversus
1992 3998 2246 4096 Anabaptistas

324 4097 421 4172 Haec
440 4101 593 4194 praefari
617 4103 655 4172 in
676 4126 803 4194 genere
823 4105 938 4193 volui,
963 4108 1046 4202 quia
1068 4107 1206 4180 Diabo.
1230 4117 1233 4150 ²
1257 4117 1292 4174 et
1324 4103 1413 4173 alios
1444 4107 1489 4173 de
1518 4102 1786 4194 Magistratibus
1816 4115 1850 4172 et
1879 4105 2088 4176 ceremoniis
2119 4105 2245 4180 Moisi.

223 4197 277 4271 lus
305 4203 438 4272 similes
465 4202 603 4274 furores
632 4207 799 4275 omnibus
826 4208 1043 4298 temporibus
1064 4212 1206 4302 spargit,
1229 4183 1233 4288 l
1256 4201 1395 4276 Rursus
1410 4220 1526 4274 antem
1543 4202 1633 4273 infra
1651 4206 1695 4272 de
1711 4203 1908 4298 plaerisque
1922 4209 2173 4278 controversiis
2187 4211 2245 4278 di-

222 4302 405 4392 paulnlnm
429 4318 561 4376 mutata
584 4307 708 4399 specie.
758 4305 909 4377 Necesse·
926 4323 978 4382 cst
995 4309 1103 4398 igitur
1118 4337 1206 4381 con-
1228 4295 1232 4344 ¹
1256 4323 1364 4378 cetur.
1416 4305 1512 4377 Haec
1537 4330 1633 4374 rrune
1654 4305 1833 4374 naonuisse
1856 4304 1940 4376 satis
1959 4306 2004 4376 sit
2029 4307 2074 4377 de
2098 4325 2243 4383 contro-

222 4402 376 4474 siderare
399 4406 577 4496 integrum
600 4431 728 4500 corpus
751 4431 853 4478 verae
874 4409 1071 4497 doctrinae,
1097 4429 1131 4484 et
1154 4431 1204 4486 te-
1256 4410 1378 4480 versiis
1393 4423 1591 4502 temporum
1609 4404 1818 4480 Domitiani.

220 4527 306 4576 nere
319 4505 604 4578 confirmationes
617 4521 650 4580 et
665 4510 903 4580 refutationes.
1305 4583 1312 4592 ,

322 4605 484 4678 Primum
509 4622 626 4680 autem
659 4609 915 4685 confirmentur
951 4612 1002 4704 pii
1034 4616 1204 4685 adversus
1303 4612 1547 4685 Aarnomundi
1558 4624 1682 4706 quater
1693 4609 2103 4700 millesimosexagcsimo
2113 4613 2242 4706 primo.

220 4700 289 4775 boc
309 4707 433 4796 ingens
459 4711 662 4782 scandalum
685 4712 865 4797 videlicet,
891 4716 986 4808 qnod
1007 4715 1043 4784 in
1062 4731 1114 4788 tot
1129 4715 1201 4785 dis·
1302 4714 1412 4786 Anno
1447 4712 1585 4786 Romae
1629 4711 1919 4803 octingentesimo
1970 4715 2240 4805 quadragesimo

219 4803 319 4876 sidiis
340 4810 516 4881 dubitatio
537 4811 671 4896 oritur,
696 4814 760 4882 obi
783 4812 828 4884 sit
851 4813 996 4886 veritas:
1022 4831 1056 4886 et
1073 4841 1118 4886 an
1135 4817 1202 4886 ali-
1455 4839 1564 4890 nono.

221 4897 289 4998 dua
310 4907 356 4977 sit
371 4903 526 4982 Ecclesia
542 4913 613 4982 Dei
634 4913 798 4987 distincta
821 4939 840 4984 a
865 4917 1009 4990 caeteris
1026 4919 1200 5004 gentibus.
1302 4914 1410 4987 Anno
1426 4911 1557 4990 Christi
1572 4913 1799 5005 nonagesimo
1815 4936 1931 4985 nono.-

220 5001 314 5077 lluic
333 5011 499 5082 scandalo
521 5038 742 5106 opponamus
758 5016 946 5087 articulum
961 5017 1059 5087 fidei:
1085 5018 1200 5092 Credo

220 5128 293 5177 esse
317 5103 511 5180 Ecclesiam
532 5130 686 5186 sanctam
710 5112 930 5188 catholicam.
982 5115 1028 5189 Et
1051 5145 1199 5216 quaera-

218 5229 314 5292 mus,
340 5235 430 5304 quae
449 5225 482 5282 et
505 5216 567 5282 ubi
588 5217 632 5286 sit
656 5217 717 5287 illa
731 5213 905 5302 Ecclesia,
930 5219 1082 5308 scilicet,
1108 5245 1198 5316 quae
1351 5213 1476 5293 Nerva
1495 5215 1661 5294 Cocceius
1677 5215 1862 5289 lnterfecto
1878 5213 2086 5290 Domitiano
2100 5243 2237 5291 sncces-

216 5307 342 5378 retinet
356 5312 482 5402 scripta
500 5311 701 5404 prophetica
715 5333 747 5388 et
765 5321 954 5411 apostolica
975 5336 1007 5394 et
1023 5324 1197 5416 symbola:
1220 5349 1224 5393 t
1248 5322 1293 5393 sit
1315 5346 1420 5410 agens
1433 5343 1565 5389 armum
1582 5333 1715 5390 scutram
1732 5332 1767 5391 et
1781 5319 2046 5406 sexagesimum.
2099 5319 2233 5391 Tenuit

216 5403 264 5477 Et
293 5407 495 5502 intueamur
520 5416 707 5502 miracula,
744 5443 834 5510 quae
857 5421 953 5494 Deus
981 5423 1093 5496 voluit
1123 5449 1196 5495 esse
1218 5404 1223 5506 i
1247 5423 1436 5514 imperium
1457 5445 1590 5492 annum
1612 5445 1744 5506 unum,
1771 5441 1909 5490 menses
1930 5435 2085 5513 quatuor
2106 5424 2230 5506 etdirs

1650 5069 1819 5140 Nerua.
