4696 5820
78 308 156 381 ιιι
625 293 784 374 naen.
816 295 890 374 nn
925 285 1248 406 ceunomo
1276 288 1570 378 serranz.
2026 306 2103 380 ιιι
2219 226 2221 232 ’

76 473 303 572 Ecclesiam'
289 497 330 544 m
343 471 496 568 publicis
508 469 750 546 concionibus.
801 467 857 541 lbi
873 471 984 541 donec
1006 493 1069 562 ps·
1119 467 1266 542 stamini
1282 466 1469 564 Synodnm
1490 468 1637 556 indixit,
1661 493 1751 566 qnae
1769 473 1923 547 secunda
1936 475 2103 548 nomina-

78 593 134 652 ter
150 568 261 662 vixit,
287 589 322 648 ιι
341 577 563 667 deindepost
583 587 733 645 mortem
749 568 1069 664 patrisEcclesiam
1119 583 1195 651 tur,
1233 570 1278 639 ad
1303 592 1411 690 quam
1438 586 1680 642 convenerunt
1706 569 1875 667 Episcopi
1900 589 2041 652 centurn
2067 591 2104 650 et

77 679 233 751 feliciter
246 677 349 751 rexit.
1119 671 1377 764 quinquaginta
1413 667 1741 766 Constantinopoli,
1791 699 1888 748 anno
1924 701 1946 749 a
1991 677 2102 750 natali

181 777 391 851 Etsiautem
410 776 570 850 Valentis
586 773 814 868 Imperatoris
828 773 971 845 saevitia
987 797 1069 867 pas-
1118 767 1253 844 Christi
1283 772 1526 844 trecentesimo
1560 776 1773 864 octogesimo
1810 779 1925 850 tertio.
1995 774 2103 851 Extat

76 885 145 955 sim
160 905 202 952 ex
218 878 443 951 Ecclesiis'
406 880 459 971 pri
483 877 655 949 Doctores
676 878 918 968 pellebantur,
950 891 1068 948 tamen
1118 869 1349 943 Decretum'
1336 897 1376 942 ιιι
1403 898 1478 978 quo
1502 877 1713 966 profitentur
1733 876 1854 949 Patres
1873 902 1910 950 ss
1938 879 2103 970 amplecti

79 981 277 1073 Gregorius
301 1005 375 1051 non
396 993 448 1051 est
465 981 600 1072 pulsus.
660 974 710 1048 Et
729 978 885 1048 fortassis
902 1000 983 1047 eum
1002 977 1069 1046 ali·-
1118 971 1328 1068 Symbolum
1358 967 1553 1058 Nicenum,
1594 991 1629 1048 ιι
1654 980 1699 1050 ab
1726 1003 1766 1049 ιο
1793 1003 1868 1049 ιιοιι
1889 981 2102 1054 discessuros

76 1109 151 1179 quo
175 1085 285 1154 modo
309 1083 394 1154 texit
415 1077 579 1176 Olympii
597 1079 768 1173 praesidis
787 1079 915 1172 pietas,
937 1079 1067 1172 dequo
1118 1095 1212 1161 esse,
1245 1089 1280 1147 et
1299 1076 1536 1163 damnantur,
1569 1079 1632 1172 qui
1656 1093 1788 1176 negant
1808 1077 1875 1154 τὸν
1897 1073 2009 1180 λόγον
2026 1105 2101 1153 csse

76 1185 240 1257 scribit'
228 1207 322 1276 rpse,
353 1184 533 1254 discedere
557 1205 637 1252 eum
670 1181 929 1275 relinquentem
953 1180 1068 1275 lacry-
1117 1169 1392 1270 ὑφιστάμενον,
1431 1178 1551 1272 etqui
1575 1195 1706 1269 negant
1732 1179 1907 1274 Spiritum
1940 1196 2100 1255 sanctum
2178 1215 2181 1220 ¹

51 1325 61 1342 ·
78 1310 156 1357 mas
167 1285 305 1356 carabus
318 1299 352 1358 et
369 1284 575 1354 memoriam
596 1281 848 1354 beneficiorum
862 1305 937 1351 non
950 1281 989 1350 in
1007 1305 1072 1352 co-·
1118 1298 1192 1347 csse
1211 1271 1478 1373 ὑφιστάμενον
2197 1311 2200 1318 =

77 1387 233 1471 lamnis,
265 1388 395 1456 sedin
417 1387 596 1455 ιιιιιιιίιιιιι
623 1387 822 1470 bonorum,
854 1395 889 1454 et
910 1384 1065 1454 reditum
1216 1376 1271 1449 De
1290 1374 1347 1450 his
1369 1382 1476 1452 tantis
1497 1380 1603 1452 rebus
1619 1406 1699 1453 cum
1715 1386 1851 1456 decreta
1867 1386 1958 1458 lacta
1977 1399 2103 1475 ιιιιιιι,

77 1491 159 1557 eius
179 1501 288 1579 optat.
340 1486 514 1574 Magnum
537 1487 672 1558 bonum
698 1497 768 1572 est,
793 1435 980 1554 cbncordia
996 1481 1068 1555 Pa·
1117 1477 1268 1550 Maximi
1294 1481 1442 1552 ambitio
1474 1506 1610 1554 novum
1643 1499 1819 1557 certamen
1844 1487 1969 1560 movit.
2032 1485 2103 1560 Hic

77 1588 185 1661 storis
207 1600 243 1660 et
262 1589 454 1679 praesidis,
486 1585 558 1658 Sed
579 1583 666 1659 haec
688 1608 761 1656 esse
788 1609 863 1654 non
883 1586 1067 1677 potuisset,
1116 1581 1268 1651 factione
1282 1576 1525 1655 Alexandrina
1539 1585 1688 1677 stipatus
1705 1611 1741 1658 se
1756 1589 1870 1660 voluit
1884 1583 2102 1682 Episcopum

77 1692 107 1760 si
123 1703 187 1760 aut
209 1684 403 1782 Olympius
423 1688 469 1760 ad
493 1701 685 1783 tyrannum
710 1711 747 1758 se
766 1687 977 1773 inflexisset,
1006 1701 1067 1758 aut
1117 1679 1427 1804 Constantinopoli
1460 1685 1582 1760 creari.
1643 1686 1837 1780 Gregorius
1864 1691 2102 1782 placidissime

77 1789 276 1879 Gregorius
297 1791 447 1862 alterurn
463 1791 622 1880 pedem
611 1787 838 1872 mEcclesia,
863 1741 1039 1858 alterrim
1028 1812 1067 1859 m
1116 1783 1251 1876 inquit:
1276 1781 1370 1855 Sa
1341 1808 1371 1854 ιι
1389 1787 1432 1855 ιιι
1446 1786 1607 1859 doctriua
1623 1804 1824 1878 accusetur,
1848 1813 2102 1883 responsurum

75 1891 185 1963 Curia
203 1886 333 1962 habere
348 1891 529 1967 voluisset.
556 1889 772 1961 Laudanda
788 1903 839 1959 est
858 1889 968 1980 igitur
981 1903 1068 1982 pru-
1116 1905 1206 1970 esse,
1248 1899 1282 1959 et
1306 1885 1512 1956 ιιιιιίιίιιιιι
1501 1889 1605 1980 apsis,
1645 1891 1707 1984 qui
1740 1907 1827 1965 tunc
1852 1905 2103 1976 convenerant,

77 1993 201 2063 dentra
210 1989 394 2082 Gregoru,
415 1993 512 2113 quod
527 1991 687 2062 animum
703 1991 875 2082 praesidis
888 2015 964 2062 non
980 1992 1067 2061 alie-
1115 2009 1253 2056 summa
1284 1987 1467 2059 uoluntate
1498 1991 1709 2080 permittere.
1777 1991 1827 2065 At
1860 1996 1905 2063 de
1930 1989 2114 2085 Episcopi·

76 2094 179 2164 navit
200 2085 555 2190 πολυπραγμοσύνῃ.
614 2088 664 2163 Et
683 2094 875 2164 ostendunt
898 2091 1067 2184 epistolae
1116 2087 1287 2178 dignitate
1311 2111 1347 2160 se
1369 2112 1513 2180 prorsus
1537 2091 1629 2161 nihil
1653 2097 1876 2168 contendere.
1925 2093 1996 2166 Sed
2021 2115 2099 2165 ιοιι-

78 2193 247 2313 Gregprii
259 2207 419 2264 mutuam
443 2195 536 2264 inter
550 2194 645 2286 ipsos
661 2193 944 2268 benevolentiam
959 2193 1067 2264 luisse
1115 2189 1168 2278 gis
1180 2200 1316 2281 petere,
1342 2205 1384 2261 ut
1395 2214 1500 2262 senex
1516 2192 1587 2262 iam
1606 2194 1775 2268 liberetur
1789 2195 1951 2267 maximis
1965 2195 2101 2266 labori·

76 2296 257 2366 eximiam.
1116 2290 1199 2375 bus,
1223 2291 1338 2370 curis,
1362 2293 1666 2382 contentionibus,
1691 2320 1778 2390 quas
1792 2297 1964 2367 sustinere
1979 2296 2017 2366 in
2033 2291 2100 2368 hac

178 2394 307 2466 Postea
328 2417 410 2464 cum
424 2389 551 2465 Ariani
575 2394 846 2467 dominarentur
860 2393 1067 2468 Constanti·
1115 2391 1238 2462 aetatis
1258 2391 1497 2463 imbecillitate
1524 2418 1598 2464 nou
1614 2412 1747 2516 posset.
1802 2394 1919 2467 Addit
1941 2397 2045 2468 etiam
2064 2420 2102 2467 se

74 2497 221 2590 napoli,
253 2508 398 2567 vocatus
423 2508 475 2566 est
505 2519 547 2565 eo
576 2493 790 2586 Gregorius,
823 2509 864 2567 ut
894 2493 1066 2591 Episcopi
1116 2493 1221 2561 malle
1244 2505 1285 2564 ut
1302 2489 1424 2563 lenam
1446 2519 1465 2563 e
1487 2496 1571 2564 navi
1592 2497 1690 2583 eiici,
1715 2521 1820 2590 quam
1845 2499 2100 2569 dissensionem

74 2622 226 2670 munere
256 2599 480 2686 fungeretur,
520 2609 556 2666 et
583 2596 738 2668 Arianos
774 2598 953 2669 refutaret.
1010 2597 1066 2668 lbi
1116 2593 1644 2682 designitatediutiusdurare.
1685 2595 1859 2668 Hortatur
1872 2610 1914 2670 ut
1929 2599 2100 2668 idoneum

74 2699 211 2770 rnansit
240 2722 352 2768 annos
376 2697 565 2768 duodecim
595 2698 689 2767 inter
717 2720 845 2788 magna
875 2699 1065 2770 certamina
1116 2693 1268 2783 eligant,
1294 2707 1329 2765 et
1344 2696 1414 2765 sint
1427 2721 1600 2770 memores
1615 2699 1701 2771 dicti
1722 2694 1936 2791 prophetici:
1968 2697 2099 2788 Diligi-

75 2823 262 2893 nunquam
287 2799 406 2868 animo
426 2800 574 2882 fractus,
607 2799 743 2868 etiamsi
772 2800 909 2888 magnis
939 2813 1065 2870 contu·
1115 2807 1148 2864 te
1170 2793 1354 2867 veritatem
1377 2810 1411 2867 ct
1432 2821 1564 2888 pacem.
1621 2799 1712 2872 Nam
1736 2797 1822 2872 haec
1840 2800 1914 2920 ipsa
1932 2801 2039 2872 verba
2059 2801 2099 2869 in

74 2903 195 2972 meliis
210 2901 366 2970 adfectus
382 2912 444 2969 est.
491 2898 683 2969 Ριίιιιιιιιι
672 2924 712 2968 ιιι
728 2901 859 2990 templo
875 2901 1063 2992 praecipuo
1116 2895 1191 2964 eius
1224 2895 1386 2966 oratione
1416 2913 1655 2972 recensentur.
1711 2899 1794 2970 Non
1829 2902 1915 2971 vicit
1950 2900 2098 2972 ambitio

74 3017 115 3072 ut
131 2999 331 3093 Episcopus
346 3000 483 3085 docurt
508 2999 592 3069 inde
612 3000 734 3091 pulsus
759 3000 804 3071 ab
820 2996 983 3090 Arianis,
1011 3002 1064 3070 lo·
1117 2994 1283 3081 Maximi,
1321 3009 1357 3067 et
1385 3001 1526 3068 tandem
1558 3000 1739 3072 severitate
1769 2997 1962 3072 Theodosii
1996 3026 2099 3096 syco-

74 3127 175 3185 cum,
209 3125 284 3172 non
306 3101 458 3172 docendi
479 3124 609 3172 munus
629 3101 791 3196 reliquit,
817 3127 897 3172 cum
921 3104 1063 3195 quidem
1115 3092 1247 3190 phanta
1261 3051 1440 3169 Maximus
1455 3123 1633 3192 repressus
1649 3115 1717 3188 est,
1743 3117 1778 3174 et
1797 3105 1940 3195 piorum
1956 3118 2099 3175 senten·
2181 3109 2186 3117 '

74 3204 257 3296 lapidibus
273 3203 378 3272 etiam
396 3203 545 3272 obrutus
561 3215 666 3282 ιιιιι,
701 3203 796 3272 sed
784 3227 823 3271 ιιι
842 3205 978 3294 private
996 3206 1063 3274 do·
1115 3199 1172 3267 tiis
1187 3213 1323 3271 creatus
1332 3196 1526 3291 Episcopus
1534 3201 1718 3276 Nectarrus
1725 3203 1921 3291 Tarsensis,
1946 3205 2002 3274 vir
2017 3228 2099 3275 eru·

71 3329 133 3375 mo
158 3326 274 3374 annos
292 3303 430 3396 aliquot
451 3294 588 3389 docuit,
613 3305 727 3373 donec
750 3299 974 3375 Theodosius
992 3303 1064 3373 lm·
1109 3295 1210 3369 ditus
1227 3313 1368 3372 etrecte
1388 3304 1553 3376 sentiens.

70 3418 218 3525 perator
237 3403 470 3475 Constantion
475 3404 573 3472 elin
596 3405 705 3474 venit.
763 3400 833 3474 Hic
857 3405 957 3474 duxit
983 3429 1061 3474 eum
1213 3397 1349 3473 Reda
1338 3401 1446 3488 rguur
1460 3427 1498 3470 ιιι
1514 3401 1884 3498 patriamGregorrus‚
1911 3421 1944 3477 et
1959 3406 2009 3477 rbi
2025 3406 2098 3476 ιιιι-

71 3510 112 3576 in
136 3507 309 3597 templum
332 3528 508 3596 repressis
525 3503 691 3590 Arianis,
720 3504 785 3576 ubi
806 3504 973 3597 deinceps
996 3506 1063 3575 do·
1113 3501 1243 3571 cordiis
1267 3501 1395 3570 sedatis
1416 3525 1648 3574 successorem
1671 3506 1754 3596 eligi
1784 3522 1884 3578 curat
1904 3503 2098 3582 Eulalium.

70 3608 164 3694 cuit,
190 3609 303 3677 donec
318 3606 370 3676 ibi
386 3607 527 3681 mansit.
1115 3601 1192 3695 lpse
1212 3603 1340 3672 secedit
1363 3602 1401 3671 in
1424 3604 1606 3694 praedium
1628 3619 1816 3698 paternum
1835 3605 2007 3693 Arianza,
2032 3608 2098 3678 ubi

174 3706 267 3779 Cum
289 3719 405 3778 autem
431 3703 560 3778 Ariani
582 3731 656 3777 non
672 3706 870 3798 potuissent
890 3731 971 3776 eum
986 3708 1063 3799 pel
1114 3703 1271 3774 consiliis
1291 3717 1325 3774 et
1344 3704 1457 3774 literis
1480 3706 1611 3776 multos
1634 3706 1735 3781 rexit.
1787 3705 1858 3778 Sed
1881 3720 2026 3779 vocatus
2051 3710 2099 3779 ad
2158 3777 2162 3784 .

70 3812 166 3894 lere,
210 3810 367 3879 exoritur
395 3808 464 3878 alia
494 3808 602 3900 pestis
635 3810 681 3878 ad
715 3832 794 3878 eum
828 3809 1062 3900 perdendum.
1113 3803 1275 3898 Synodos
1297 3827 1373 3874 non
1391 3807 1534 3877 accessit
1556 3807 1602 3876 ad
1626 3831 1682 3877 cas
1696 3830 1782 3877 usus
1797 3809 2020 3878 excusatione
2034 3833 2099 3880 va-

71 3908 272 4000 Gregorius
296 3907 429 4005 Cynico
460 3909 600 3980 cuidam
622 3909 768 3979 nomine
790 3907 949 3978 Maximo
981 3933 1062 3999 per·
1112 3905 1298 3990 letudinis,
1322 3906 1576 3978 utostendit'
1545 3929 1621 3978 erus
1642 3907 1807 4001 epistola,
1832 3933 1937 4004 quam
1954 3911 2099 4004 prodest

71 4024 249 4096 suaserat,
279 4024 320 4080 ut
347 4010 544 4080 doctrinam
573 4007 751 4080 Ecclesiae
782 4012 1062 4101 amplecteretur,
1112 4019 1234 4075 notam
1258 4028 1351 4092 esse,
1382 4021 1424 4078 ut
1444 4007 1703 4097 consideretur,
1728 4034 1836 4105 quam
1859 4012 2098 4104 periculosum

70 4134 227 4205 eumque
249 4112 293 4179 ad
317 4107 518 4203 Presbyteri
540 4125 574 4181 et
593 4109 753 4182 Lectoris
772 4134 903 4181 munus
932 4105 1060 4185 evehit.
1111 4107 1156 4177 sit
1170 4106 1333 4200 Synodos
1349 4131 1561 4192 convocare,
1594 4113 1716 4183 autad
1733 4134 1792 4182 eas
1811 4114 1987 4185 accedere.
2038 4107 2097 4182 Aa

70 4211 142 4284 Hie
157 4225 199 4283 ut
214 4207 368 4304 Cynicus
390 4223 424 4281 et
442 4206 599 4282 humana
625 4225 658 4282 et
678 4212 801 4282 divina
823 4213 900 4282 iura
917 4213 1060 4303 oblitus,
1110 4206 1328 4299 Procopium
1347 4208 1397 4279 sic
1419 4210 1558 4281 scribit:
1592 4209 1652 4282 Sic
1672 4213 1829 4284 adlectus
1851 4237 1950 4298 sum,
1983 4214 2014 4284 si
2033 4237 2097 4282 ve-

71 4317 204 4385 ardens
218 4310 412 4382 ambitione
426 4312 589 4400 adiungit
605 4334 641 4382 se
663 4313 829 4398 sectioni,
855 4335 944 4406 quae
965 4310 1057 4382 Gre·
1110 4327 1190 4378 rum
1201 4308 1426 4380 scribendum
1441 4323 1503 4393 est,
1523 4326 1563 4383 ut
1576 4309 1965 4406 omnesEpiscoporum
1977 4312 2096 4410 Syno-

72 4416 175 4504 gorio
197 4427 271 4484 erat
292 4411 457 4496 inimica,
488 4425 523 4483 et
541 4425 700 4484 excutere
716 4435 852 4497 senem
878 4429 912 4484 et
933 4438 972 4482 ιιι
987 4436 1067 4482 ιιιι
1110 4411 1173 4478 dos
1188 4411 1308 4500 fugere
1322 4411 1446 4492 rchm
1470 4435 1553 4506 qura
1568 4414 1704 4484 nullius
1716 4413 1854 4508 Synodr
1871 4417 2002 4486 exitum
2020 4414 2096 4482 vidi

69 4515 262 4589 transferre
285 4466 457 4605 Episcopi
486 4514 692 4604 dignitatem
720 4525 884 4597 conatur,
925 4528 1058 4605 pugnat
1108 4511 1262 4596 bonum,
1296 4524 1358 4582 aut
1378 4512 1490 4602 magis
1511 4514 1612 4584 linire
1634 4537 1689 4585 eas
1710 4515 1874 4602 dissidia,
1905 4539 2012 4610 quam
2037 4538 2096 4584 ac·

70 4617 246 4698 factione,
283 4626 318 4684 et
345 4613 511 4706 pecunia,
543 4629 577 4687 et
603 4615 778 4704 profectus
806 4567 1057 4684 Aleiandriam
1107 4611 1269 4681 rendere.
1319 4609 1411 4681 Nam
1432 4612 1604 4730 cupiditas
1625 4615 1863 4688 contentionis
1881 4631 1914 4688 et
1930 4615 2095 4685 domina-

69 4715 259 4788 calumniis
281 4711 671 4808 accenditEpiscopum
693 4727 815 4786 contra
824 4711 1057 4804 Gregorium.
1107 4712 1215 4782 tionis
1240 4712 1391 4784 vincunt
1421 4714 1607 4791 rationem.
1665 4715 1739 4786 Nec
1769 4730 1888 4788 tamen
1918 4716 2095 4788 existimes

70 4817 139 4888 Sed
156 4837 295 4907 praeses
309 4818 366 4886 cui
382 4829 466 4890 uota
481 4831 555 4888 erat
570 4817 752 4906 integritas
766 4814 951 4905 Gregorii,
976 4841 1055 4886 eum
1107 4808 1192 4884 haec
1206 4837 1262 4882 ιιιι
1279 4814 1363 4884 odio
1379 4815 1543 4888 scribere.
1594 4812 1649 4886 Αι
1663 4817 1767 4887 citius
1779 4816 1910 4910 aliquis
1923 4819 2095 4901 iudicans,

69 4919 155 4988 inde
174 4917 288 5008 pellit.
337 4914 449 4990 Redit
470 4927 594 4989 tamen
610 4932 764 5014 armatus
785 4919 831 4988 ab
844 4913 1056 4988 Alexandri·
1106 4914 1328 4985 accusabitur
1341 4916 1434 5004 ipse,
1458 4939 1564 5009 quam
1581 4917 1732 4994 aliorum
1748 4930 1925 4987 certamen
1940 4920 2095 4990 dirimet.

69 5041 133 5103 ιιο,
161 5031 195 5088 et
217 5039 363 5106 magnus
384 5020 558 5090 tumultus
588 5017 668 5094 ciet.
727 5018 865 5090 Interea
888 5014 1057 5088 Theodo-
1106 5014 1190 5086 ldeo
1214 5039 1271 5084 me
1292 5015 1332 5084 in
1352 5010 1421 5086 hoc
1442 5039 1577 5088 secessu
1600 5019 1783 5103 contineo,
1815 5034 1910 5090 etne
1932 5024 2095 5092 turbetur

69 5120 142 5188 sius
164 5117 320 5209 optimus
342 5115 538 5209 Imperator
559 5143 639 5190 cum
668 5120 853 5190 seditiosos
875 5134 908 5191 et
935 5133 1056 5214 tyran·
1104 5116 1278 5210 precatio,
1304 5117 1600 5210 tranquillitatem
1617 5119 1709 5189 tueri
1723 5122 1858 5190 studeo.
1910 5119 2014 5191 Nunc
2028 5146 2093 5191 au-

67 5243 134 5290 ιιοι
149 5220 187 5288 in
202 5217 349 5308 Europa
365 5219 504 5309 magnis
517 5219 659 5310 praeliis
673 5222 870 5304 delevisset,
896 5233 929 5290 et
941 5222 1055 5290 victor
1104 5231 1173 5288 tem
1188 5218 1388 5308 etcorporis
1402 5219 1587 5288 infirmitas
1601 5243 1658 5288 me
1673 5235 1826 5306 excusat,
1843 5221 1988 5298 assidue
1996 5223 2091 5290 enim

69 5321 139 5388 iam
155 5335 316 5412 pacatum
338 5318 529 5412 imperium
543 5329 693 5407 teneret,
717 5323 843 5393 tollere
858 5323 962 5392 etiam
981 5323 1055 5390 dis-
1103 5318 1200 5388 velut
1215 5329 1409 5389 extremum
1426 5314 1577 5390 halitum
1593 5320 1708 5412 spiro,
1732 5335 1769 5393 et
1780 5345 1860 5392 meo
1876 5344 2022 5412 corpore
2038 5322 2091 5390 uti
2161 5325 2166 5334 '

66 5421 155 5492 sidia
180 5420 410 5495 ecelesiastica
429 5435 575 5497 conatus
595 5433 656 5498 est.
707 5420 756 5496 Et
778 5424 936 5518 exempto
957 5421 1053 5514 Con·¹
1101 5442 1176 5492 ιιοιι
1189 5441 1347 5517 possum.
1400 5417 1485 5493 ldeo
1498 5434 1533 5494 te
1546 5445 1629 5512 οιο,
1652 5436 1691 5497 ut
1706 5435 1741 5496 ct
1752 5437 1792 5498 tu
1809 5417 1900 5492 mihi
1920 5422 2093 5510 ignoscas,
