4606 5822
55 311 152 388 err.
482 316 488 330 ·
687 253 1431 388 entuttrrunuantnonts
1710 277 1715 290 '
2003 299 2079 378 sn

54 481 177 556 titiam
189 489 227 556 et
239 477 520 567 insontion‘er'n,
543 473 593 552 it'a
609 481 823 576 etdeinceps
842 493 959 554 servat
973 475 1044 554 Ec·
1092 480 1311 554 tutissimus
1336 478 1444 568 iusti,
1470 459 1514 550 'id
1538 491 1609 566 est,
1637 475 1810 552 habentes
1831 473 2077 549 remissionem

54 582 219 667 clesiam,
252 583 351 653 adest
372 581 427 668 ei,
456 593 491 652 et
512 593 565 653 est
595 584 715 654 efficax
743 607 829 656 voce
846 579 1043 675 Evangelii.
1092 595 1127 653 et
1155 582 1428 675 imputationem
1456 580 1634 666 iusticias,
1665 579 1753 666 fide,
1783 580 1916 666 idest,
1947 575 2078 647 fiducia

53 681 292 756 herrandus
323 695 376 754 est
405 692 523 753 autem
552 705 653 753 error
673 681 944 770 Steuckeleldii,
979 684 1044 777 qui
1091 682 1353 754 misericordiae
1384 681 1575 775 promissae
1606 689 1752 774 propter
1781 679 1919 766 filium,
1957 675 2078 768 gratis,

49 781 204 856 abducit
226 776 391 854 homines
405 783 457 852 'ab
477 796 622 856 externa
645 807 751 871 voce,
791 798 827 856 et
849 786 1043 867 contendit,
1092 783 1183 856 sicut
1210 781 1346 855 Paulus
1371 784 1506 879 inquit:
1538 780 1724 853 Iustilicati
1749 778 1921 871 sanguine
1951 776 2077 870 ipsius.

48 882 175 958 Deum
189 883 266 954 sine
280 897 421 956 externa
438 905 523 954 voce
537 879 942 961 sanctificarehomines.
1092 882 1197 957 ltemt
1230 880 1301 955 Per
1320 885 1558 958 obedientiam
1580 881 1689 955 unius
1707 882 1793 954 iusti
1815 879 2077 954 constituentur

157 980 221 1056 25.
253 980 430 1054 Dominus
452 983 552 1055 iubet
571 986 766 1078 praedicari
786 983 1042 1077 poenitentiam
1091 983 1207 1056 multi.

49 1084 347 1159 etremissionem
366 1093 589 1175 peccatorum
604 1083 644 1154 in
658 1087 804 1159 nomine
825 1109 901 1162 suo.
951 1083 1043 1159 Cum
1193 1084 1256 1160 aa.
1287 1081 1464 1158 Aetemus
1485 1098 1585 1178 pater
1605 1109 1670 1177 per
1684 1083 1799 1155 filium
1814 1107 1900 1154 voce
1915 1077 2079 1170 Evangess

48 1189 167 1276 igitur
184 1185 292 1256 corda
307 1185 552 1276 perterrefacta
574 1187 837 1279 praedicatione
856 1187 1044 1279 poeniten·
1091 1187 1134 1257 lii
1155 1186 1396 1258 consolantem
1413 1189 1521 1258 corda
1537 1189 1596 1256 dat
1613 1185 1786 1279 Spiritum
1803 1197 1974 1258 sanctum.
2024 1181 2079 1254 lta

49 1290 146 1372 tiae,
171 1287 324 1356 audiunt
344 1284 634 1378 promissionem,
667 1288 757 1360 etei
780 1311 863 1358 vere
884 1291 1045 1373 credunt,
1092 1310 1174 1359 vere
1204 1281 1344 1359 habitat
1363 1285 1533 1360 divinitas
1555 1289 1595 1356 in
1619 1287 1862 1370 credentibus,
1895 1298 1931 1356 et
1953 1305 2081 1354 accen·

50 1383 123 1458 hac
144 1388 216 1456 lide
236 1383 345 1478 gratis
359 1399 505 1478 propter
521 1386 635 1456 filium
651 1384 719 1458 Dei
740 1389 969 1460 mediatorem
987 1389 1045 1459 iu·
1093 1390 1148 1460 dit
1172 1410 1283 1459 novas
1302 1389 1478 1460 actiones:
1532 1384 1582 1458 Et
1601 1402 1720 1459 tamen
1741 1382 1799 1456 his
1818 1381 2017 1458 actionibus
2040 1383 2082 1452 in

50 1489 273 1573 stilicantur,
298 1487 337 1556 id
359 1500 431 1572 est,
455 1487 634 1579 accipiunt
652 1489 897 1560 remissionem
919 1513 1044 1581 pecca·
1092 1487 1273 1560 inlinitum
1294 1490 1520 1560 anteferenda
1538 1500 1590 1558 est
1605 1487 1810 1558 obedientia
1825 1501 1862 1558 et
1876 1484 2082 1556 intercessio

50 1604 196 1672 torum,
221 1601 256 1658 et
269 1587 539 1680 imputationem
555 1588 714 1660 iusticiae
728 1613 770 1661 ac
786 1589 1046 1662 reconciliatio-
1093 1589 1160 1661 lilii
1172 1589 1253 1674 Dei.¹
1300 1587 1404 1660 Hanc
1426 1612 1565 1682 semper
1585 1588 1787 1659 immediate
1809 1590 1969 1659 intuetur
1983 1586 2083 1669 fides,

49 1713 137 1760 nem
144 1737 158 1773 ,
193 1700 230 1758 et
250 1687 475 1760 vivificantur
494 1711 559 1780 per
577 1689 690 1760 tilium
706 1687 792 1776 Dei,
824 1692 888 1785 qui
908 1705 943 1762 et
960 1714 1046 1761 voce
1091 1703 1129 1762 et
1146 1689 1305 1780 agnoscit
1318 1693 1549 1763 mediatorem
1567 1712 1641 1761 esse
1655 1688 1904 1760 umbraculum
1920 1703 1954 1759 et
1966 1687 2081 1758 inter·

49 1787 245 1878 Evangelii
257 1787 344 1859 dicit
357 1789 396 1858 in
412 1789 580 1859 cordibus
595 1790 814 1862 credentium
830 1791 1046 1863 consolatio·
1094 1813 1264 1882 cessorem
1289 1791 1384 1862 inter
1395 1804 1532 1884 patrem
1548 1803 1584 1862 et
1597 1813 1682 1880 nos,
1709 1803 1743 1860 et
1757 1790 1885 1883 accipit
1899 1787 2082 1858 remissio·

50 1913 156 1969 nem,
184 1902 219 1959 et
234 1889 390 1960 effundit
404 1889 444 1957 in
460 1913 500 1958 ea
515 1888 691 1982 Spiritum
705 1905 884 1973 sanctum,
907 1905 943 1964 et
955 1892 1045 1988 ¹iacit
1094 1915 1175 1964 nero
1195 1905 1417 1983 pcccatorum
1441 1905 1477 1963 et
1489 1892 1760 1986 imputationem
1775 1889 1944 1962 iusticias.
1986 1883 2083 1958 Vera

51 2013 114 2062 eos
130 1985 303 2060 haeredes
315 1990 409 2060 vitae
421 2003 596 2066 aeternae.
1094 2006 1147 2066 est
1177 1993 1287 2084 igitur
1317 1993 1531 2084 propositio:
1573 1991 1724 2085 Propter
1749 1989 1988 2063 obedientiam
2015 1985 2083 2056 tilii
2182 2039 2186 2052 ,

155 2088 221 2160 26.
259 2089 422 2181 Papistae
445 2104 678 2183 corrumpunt
705 2093 904 2165 doctrinam
927 2092 1046 2180 Pauli,
1093 2092 1184 2179 Dei,
1214 2093 1290 2164 sola
1310 2093 1379 2164 tide
1401 2113 1525 2170 sumus
1546 2093 1651 2179 iusti,
1669 2093 1716 2174 „id
1737 2105 1807 2174 est,
1832 2088 2001 2168 habentes
2023 2111 2082 2157 re-

51 2213 136 2260 cum
151 2189 217 2260 aits
258 2187 347 2259 Fide
363 2187 611 2276 iustificamur,
637 2191 720 2284 quia
735 2195 859 2268 dicunt
875 2197 1046 2289 synecdo-
1093 2194 1299 2266 missionem
1327 2207 1551 2286 peccatorum
1573 2207 1607 2264 et
1627 2193 1898 2286 imputationem
1922 2188 2083 2262 iusticias

51 2286 147 2360 chen
166 2311 256 2375 esse,
281 2303 317 2361 et
331 2290 622 2382 interpretantur,
646 2294 716 2364 tide
728 2319 982 2387 praeparamur
999 2297 1044 2366 ad
1094 2309 1128 2368 et
1148 2294 1439 2386 vivificationem,
1469 2295 1561 2366 sicut
1582 2295 1752 2386 scriptum
1774 2307 1840 2366 est:
1866 2289 1990 2388 ‘Iustus
2013 2289 2082 2360 tide

51 2389 252 2462 iusticiam:
292 2386 342 2460 Et
362 2391 448 2462 iusti
471 2413 611 2477 sumus,
643 2394 775 2480 idest,
813 2397 946 2488 accepti
966 2392 1044 2466 Deo
1094 2396 1279 2472 suavivet.

51 2502 202 2580 propter
221 2489 390 2565 noticiam
406 2485 575 2565 historiae
595 2505 631 2564 et
653 2495 879 2568 dilectionem
902 2511 937 2568 et
957 2498 1045 2570 alias
1197 2495 1262 2568 84.
1295 2493 1339 2568 ln
1359 2493 1426 2568 hac
1445 2498 1521 2591 ipsa
1542 2485 1785 2570 consolatione
1806 2521 1886 2568 cum
1904 2495 2085 2585 erigimur,
2159 2585 2163 2594 ⁸

51 2591 220 2662 virtutes·
306 2621 311 2632 ⁴
684 2603 693 2614 '
1094 2600 1189 2670 tilius
1206 2594 1278 2670 Dei
1298 2621 1379 2670 vere
1400 2611 1452 2670 est
1474 2599 1595 2672 efficax
1618 2599 1659 2667 iu
1681 2600 1865 2680 credente,
1898 2609 1934 2668 et
1955 2595 2085 2666 liberat

155 2692 220 2764 27.
257 2687 409 2762 Addunt
432 2703 467 2762 et
487 2687 577 2777 hoc,
609 2687 794 2764 hominem
819 2719 956 2790 semper
980 2699 1045 2770 de-
1094 2697 1409 2772 eumadolorihus
1421 2699 1639 2781 inferorum,
1661 2700 1752 2770 sicut
1765 2698 1898 2790 inquit:
1926 2690 2086 2778 Omors,
2169 2765 2177 2774 ,

52 2793 137 2862 bere
152 2791 336 2876 dubitare,
360 2815 405 2862 an
422 2792 469 2863 sit
481 2793 521 2862 in
536 2792 668 2882 gratia,
692 2808 729 2866 et
741 2790 832 2867 hanc
848 2800 1044 2872 dubitatio-
1094 2825 1155 2873 ero
1172 2812 1268 2870 ¹nrcsrs
1284 2812 1364 2880 tua,
1389 2801 1586 2886 oinlerne,
1611 2823 1673 2870 ero
1687 2799 1795 2892 pestis
1813 2811 1886 2874 tua.
1937 2791 2085 2869 Etsau·

54 2915 136 2964 nem
155 2913 233 2960 ¹¹⁰ss
247 2914 320 2960 0⁸⁸²
337 2905 528 2983 peccalum·
1094 2901 1258 2976 ctiticatio
1272 2894 1479 2986 inchoatur,
1502 2923 1572 2994 qua
1587 2901 1702 2990 imago
1718 2901 1788 2974 Dei
1803 2900 1843 2968 in
1859 2897 2084 2974 credentibus

152 2991 216 3066 28.
247 2989 345 3063 Haec
361 2993 472 3084 impia
486 2992 718 3068 deliramenta
732 3011 817 3071 sunt
837 3003 1043 3076 execranda.
1093 3015 1303 3088 renovator,
1336 3014 1372 3075 et
1399 3000 1612 3072 adsimilatio
1637 3002 1683 3072 sit
1703 3001 1749 3070 ad
1771 3001 1906 3084 tilium,
1934 3012 1975 3070 ut
1995 3019 2106 3066 con-·

55 3091 107 3164 Ac
121 3091 306 3163 sciendum
322 3099 374 3164 est
393 3093 498 3163 tidem
519 3117 592 3164 non
614 3108 751 3170 tantum
774 3123 847 3172 esse
873 3103 1043 3176 noticiam
1093 3116 1222 3196 gruunt
1239 3125 1341 3172 meus
1357 3116 1392 3173 et
1408 3102 1575 3176 voluntas
1589 3123 1734 3174 accensa
1749 3099 1887 3194 Spiritu
1900 3111 2020 3170 sancto
2036 3097 2084 3167 ad

53 3187 240 3276 historiae,
264 3215 345 3261 curn
361 3191 492 3265 Paulus
512 3195 651 3288 inquit:
683 3195 864 3274 iustificati
886 3204 954 3276 lide
977 3228 1044 3296 pn·
1092 3206 1240 3278 verbum
1255 3202 1417 3276 etlilium
1430 3200 1514 3278 Dei.

55 3316 126 3362 tem
147 3287 333 3366 hebetum·
1193 3299 1256 3380 86.
1288 3302 1415 3376 Manet
1436 3306 1525 3375 ordo
1541 3303 1580 3375 in
1594 3318 1666 3376 tota
1680 3302 1903 3385 aeternitate,
1929 3315 1970 3374 ut
1985 3321 2085 3372 crea-

156 3390 223 3464 29.
263 3389 334 3462 Sed
349 3387 452 3473 fides,
484 3391 531 3458 de
545 3413 614 3486 qua
630 3391 764 3465 Paulus
780 3401 959 3490 loquitor,
990 3419 1044 3471 est
1091 3419 1172 3476 tura
1191 3402 1269 3475 Deo
1295 3404 1641 3498 obediat,'ideoque
1662 3407 1757 3476 filius
1779 3402 1848 3475 Dei
1869 3404 1995 3474 missus
2020 3409 2086 3488 est,

56 3492 227 3565 adsentiri
242 3491 342 3561 omni
357 3490 466 3559 verbo
481 3486 551 3564 Dei
567 3494 673 3565 nobis
695 3495 847 3583 tradito,
870 3512 976 3593 atque
992 3500 1041 3572 ita
1091 3513 1133 3572 ut
1154 3497 1355 3578 obedientia
1376 3503 1416 3568 in
1436 3503 1541 3571 nobis
1556 3505 1779 3588 restituatur,
1803 3528 1878 3574 non
1893 3519 1934 3576 ut
1950 3503 2083 3573 confir-

55 3592 282 3684 promissioni
300 3589 449 3681 gratiae,
474 3602 509 3662 et
529 3608 581 3665 est
603 3595 731 3666 fiducia
754 3598 978 3691 acquiescens
1002 3602 1041 3671 in
1091 3615 1209 3672 metur
1237 3613 1428 3693 peccatum.
1496 3599 1580 3672 Non
1609 3602 1689 3674 ideo
1719 3602 1813 3673 lilius
1842 3600 1910 3674 Dei
1941 3600 2082 3675 sudavit

55 3692 129 3766 Deo
146 3706 292 3786 propter
307 3689 556 3781 mediatorem,
581 3709 615 3765 et
629 3696 784 3770 clamans
798 3696 902 3772 Abba
916 3715 1027 3795 pater.
1091 3701 1318 3794 sauguinem,
1345 3715 1380 3772 et
1400 3701 1587 3772 crucifixus
1609 3717 1680 3788 est,
1706 3717 1746 3776 ut
1768 3699 1956 3774 horrendis
1979 3701 2082 3771 luro-'

155 3795 218 3868 30.
250 3790 315 3864 Ait
328 3805 363 3864 et
377 3785 559 3866 Osiander
579 3796 683 3866 tidem
707 3821 780 3869 esse
801 3806 1041 3893 praeparatio·
1090 3805 1191 3874 ribus
1212 3801 1354 3874 licentia
1374 3803 1597 3874 concedatur.
1648 3803 1719 3876 Sed
1738 3816 1780 3874 ut
1796 3799 1951 3876 Ecclesia
1974 3801 2082 3872 colli·
2152 3885 2157 3902 ι

56 3919 136 3966 nem
161 3897 207 3966 acl
232 3894 428 3976 iusticiam,
468 3896 552 3986 quia
577 3895 646 3967 fide
666 3900 839 3990 accipitur
861 3905 1041 3992 divinitas,
1090 3918 1192 3994 gatur
1213 3904 1252 3972 in
1273 3925 1401 3992 genere
1421 3896 1599 3987 humano,
1624 3906 1681 3976 cui
1696 3899 1794 3976 Deus
1815 3929 1913 3976 suam
1937 3903 2081 3995 sapien-

56 4021 142 4090 quae
158 4007 279 4086 postea
294 4005 412 4064 movet
426 3995 472 4063 ad
495 3996 779 4072 iusta'lacienda.
833 4001 886 4076 lta
910 4008 1040 4100 reipsa
1089 4007 1193 4091 tiarn,
1217 4004 1393 4074 iusticiam
1408 4017 1443 4074 et
1455 4003 1626 4077 laetitiam
1640 4005 1678 4074 in
1693 4021 1767 4079 tota
1778 4006 1986 4080 aeternitate
2002 4003 2080 4074 vult
2216 4001 2240 4068 .’

55 4091 119 4168 hoc
134 4097 243 4176 dicit,
268 4089 452 4166 hominem
466 4099 622 4170 novitate
637 4099 769 4172 iustum
789 4127 882 4192 esse,
907 4109 1041 4182 scilicet
1088 4105 1368 4186 communicare,
1392 4105 1432 4174 in
1455 4129 1523 4200 qua
1545 4108 1613 4178 erit
1635 4103 1733 4178 Deus
1755 4109 1875 4178 omnia
1894 4108 1935 4174 in
1960 4105 2080 4174 omni·

56 4198 134 4290 quia
156 4196 329 4270 divinitas
353 4195 393 4265 in
413 4218 455 4266 eo
478 4221 590 4270 novas
612 4201 769 4274 actiones
790 4207 905 4280 elficit.
956 4209 1039 4284 Non
1089 4209 1167 4284 bus.
1216 4203 1308 4278 Cum
1330 4206 1439 4296 igitur
1459 4206 1604 4280 dicitur:
1630 4205 1713 4278 Non
1737 4207 1819 4280 estis
1841 4205 2014 4293 sublege,
2038 4201 2078 4273 id

56 4300 145 4370 enim
159 4298 233 4368 iam
245 4298 313 4368 alia
329 4297 537 4374 absurdiora
552 4299 757 4386 recitamus,
780 4330 870 4400 quae
885 4311 1019 4387 scribit.
1088 4309 1173 4380 solis
1202 4309 1380 4400 conversis
1409 4309 1455 4376 ad
1475 4305 1592 4378 Deum
1617 4322 1653 4379 et
1672 4309 1743 4379 fide
1767 4305 1926 4378 liberatis
1944 4329 1963 4374 a
1987 4293 2077 4374 con'·

151 4400 214 4472 st.
247 4396 426 4470 Ecclesiae
440 4413 582 4472 nostrae
598 4424 678 4473 cum
689 4397 878 4499 Prophetis
890 4423 925 4482 et
939 4408 1039 4504 Apo-
1088 4411 1315 4482 demnatione
1337 4407 1481 4482 dicitur.
1532 4405 1605 4478 Nee
1626 4409 1765 4482 deletur
1787 4409 1843 4478 lex
1865 4407 2075 4500 ipsa,‘quae

55 4502 151 4573 stolis
175 4501 317 4584 dicunt,
342 4523 418 4570 non
441 4521 516 4570 esse
538 4497 721 4575 hominem
745 4508 897 4597 iustum,
922 4512 1039 4601 idest,
1087 4524 1141 4582 est
1160 4525 1303 4582 aeterna
1322 4507 1492 4598 sapientia
1513 4503 1601 4597 Dei,
1630 4509 1691 4580 scd
1714 4511 1780 4581 sub
1802 4510 1878 4600 lege
1899 4528 1990 4598 esse,
2023 4517 2075 4577 est

56 4595 242 4674 habentem
257 4599 513 4687 remissionem,
539 4616 574 4674 et
587 4620 766 4697 acceptum
774 4604 851 4682 Deo
867 4613 913 4682 ad
929 4615 1037 4685 vitam
1087 4613 1361 4686 condemnatum
1376 4631 1449 4678 esse
1465 4609 1550 4698 lege.

56 4717 234 4775 aeternam
245 4715 392 4795 propter
408 4704 590 4795 propriam
606 4704 850 4797 dilectionem,
876 4728 937 4786 aut
951 4741 1036 4808 pro-
1189 4711 1250 4785 86.
1282 4705 1330 4780 Ει
1351 4722 1470 4780 tamen
1493 4733 1574 4781 cum
1598 4733 1735 4803 semper
1757 4711 1796 4780 in
1817 4706 1883 4780 hac
1901 4709 1973 4779 vita
1988 4706 2074 4777 reli-

54 4818 127 4890 pter
142 4804 339 4876 novitatem
354 4805 548 4896 propriam,
574 4806 658 4899 quia
674 4811 928 4903 scriptumest:
955 4816 1038 4890 Non
1087 4836 1198 4908 quum
1226 4813 1273 4884 sit
1297 4826 1475 4902 peccatum
1498 4811 1537 4881 in
1559 4813 1708 4893 renatis,
1738 4811 1807 4880 lide
1829 4823 1912 4882 sunt
1934 4809 2018 4880 iusti
2039 4824 2074 4882 ct

55 4903 295 4980 iustificabitur
309 4903 349 4972 in
366 4919 556 4996 conspectu
578 4921 642 4980 tuo
664 4913 782 4986 omnis
804 4915 938 4994 vivens.
988 4917 1038 4990 Et
1086 4915 1229 4986 liberati
1251 4912 1385 5003 alege,
1410 4912 1539 4994 idest,
1565 4936 1584 4982 a
1605 4911 1901 4985 condemnatione
1918 4924 1953 4982 et
1969 4911 2074 4983 dolo-

55 4999 115 5078 lob
129 5003 305 5112 havere
319 5003 410 5088 scio,
434 5007 534 5100 quod
550 5002 658 5082 homo
676 5035 752 5086 non
770 5030 824 5089 est
844 5019 1037 5095 iustusso-
1086 5019 1186 5090 ribus
1202 5017 1418 5100 inferorum,
1442 5026 1587 5109 propter
1602 5013 1806 5084 mediatoris
1820 5014 2071 5085 obedientiam.

56 5127 124 5176 ram
139 5103 230 5180 Deo.
1086 5117 1254 5190 Hacfide
1277 5116 1449 5188 secedunt
1462 5108 1660 5206 Prophetae
1681 5115 1725 5184 ad
1742 5113 1882 5199 Deum,
1908 5115 1997 5186 sicut
2014 5116 2073 5183 in-

147 5210 210 5286 di.
245 5205 317 5282 Sed
332 5229 539 5302 quanquam
566 5211 605 5281 in
626 5213 759 5287 renatis
783 5210 919 5290 habitat
941 5223 1034 5294 divi·
1087 5221 1165 5315 quit
1186 5215 1333 5289 Daniel:
1365 5215 1448 5288 Non
1467 5209 1506 5284 in
1527 5214 1666 5287 iusticia
1687 5230 1829 5304 nostra,
1851 5217 1913 5288 sed
1933 5214 2072 5287 miseri·

55 5304 157 5395 nitas,
193 5323 313 5382 tamen
344 5331 482 5402 semper
508 5327 649 5402 oportet
675 5339 741 5386 nos
772 5320 925 5392 retinere
944 5321 1036 5398 banc
1087 5322 1206 5392 cordia
1225 5333 1305 5405 tua,
1329 5329 1474 5409 propter
1489 5314 1685 5389 Dominum
1705 5319 1831 5389 eraudi
1845 5341 1921 5387 nos.
1971 5312 2071 5386 litio

56 5411 342 5498 consolationem,
364 5413 623 5507 quodpropter
638 5415 883 5494 obedientiam
901 5426 1035 5500 media.
1087 5419 1154 5495 boc
1169 5423 1245 5517 ipso
1261 5419 1365 5518 Pauli
1381 5419 1489 5504 dicto,
1515 5414 1610 5494 listis
1624 5421 1689 5494 sub
1703 5420 1826 5510 gratia,
1852 5418 1945 5488 idem
1960 5417 2071 5508 signi-⁴

1365 5761 1484 5805 A
2086 5748 2201 5798 -
