4696 5820
90 252 171 328 ess
574 249 738 328 noct,
769 249 845 330 nu
877 251 1110 330 sununs
1141 203 1263 328 vor.
1295 203 1647 325 russosoru
2050 245 2127 324 eso

92 423 274 518 aptissime
306 422 487 510 distincti,
502 437 553 496 et
578 439 759 500 ruensmua
788 427 986 500 sanatione
1007 425 1084 498 Lu·
1134 447 1280 511 narum,
1304 435 1340 496 ct
1355 436 1502 495 naturae
1518 421 1654 514 impetu
1670 432 1706 490 et
1719 416 1883 488 acumine
1894 415 2121 508 ingeniorum
2249 417 2253 424 ’

91 549 178 612 nae,
203 528 318 621 deque
335 539 552 597 caeterarum
571 527 754 600 stellarum
775 541 858 601 ortu
879 529 1008 620 cogitet
1028 541 1083 600 st·
1133 527 1372 618 penetrando,
1397 525 1501 617 plura
1520 523 1671 614 mgnum
1686 544 1728 592 ex
1743 541 1800 601 se,
1824 519 1979 611 plurima
1994 519 2065 592 alia
2078 545 2120 592 cx

90 649 163 722 quc
177 613 334 709 occasu,
352 627 426 697 imo
446 642 486 699 ut
509 628 568 698 vix
589 621 749 701 attendat
764 626 837 726 ὅπη
857 624 989 729 ζόφος,
1015 624 1083 724 ἥδε
1135 623 1192 698 his
1211 627 1395 700 elementis
1415 625 1617 719 procudunt
1636 647 1677 693 ac
1697 635 1901 694 contexunt.
1958 620 2119 694 Multum

90 725 166 823 ὅπη
185 720 280 823 ἠώς,
307 743 348 801 ut
370 729 463 820 apud
480 726 677 802 Homerum
696 732 847 814 dicitur,
873 736 970 827 quod
987 731 1083 803 mul-
1133 742 1252 800 tamen
1280 742 1321 800 ut
1348 729 1388 797 in
1411 725 1556 798 caeteris
1578 725 1712 796 artibus
1735 721 1919 812 diligentia
1941 729 1975 794 et
1997 723 2118 796 studio

89 831 139 903 tis
159 853 229 902 usu
252 830 361 902 venit.
410 825 489 900 Etsi
513 853 633 901 causas
651 833 877 905 mediocriter
895 833 1080 923 intelligat,
1134 832 1239 902 etiam
1265 829 1456 900 mediocria
1486 827 1628 918 ingenia
1658 837 1792 894 navant
1819 835 1925 920 atque
1948 825 2118 911 efficiunt,

89 956 168 1002 non
194 932 392 1002 consideret
418 943 537 1001 tamen
563 955 583 1002 e
608 935 740 1027 quibus
764 933 849 1006 illae
876 937 1082 1028 desumptae
1133 944 1169 1004 ct
1182 933 1286 1022 longe
1299 931 1411 1002 maior
1425 942 1477 1000 est
1488 950 1657 998 numerus
1666 939 1875 997 naturarum
1883 924 2119 998 mediocrium

88 1035 166 1103 sint
189 1033 368 1120 fontibus,
406 1031 579 1128 quibusve
601 1036 764 1107 nitantur
786 1051 891 1130 atque
916 1036 1081 1108 insistant
1133 1057 1241 1128 quam
1255 1031 1518 1112 excellentium,
1543 1051 1694 1124 quarum
1710 1049 1814 1122 opera
1829 1049 1947 1098 carere
1962 1051 2037 1099 non
2051 1051 2119 1119 po-

88 1135 355 1221 fundamentis,
379 1148 414 1206 et
432 1158 478 1204 an
496 1135 690 1223 sufficiant,
715 1159 805 1231 quae
828 1138 858 1208 si
879 1161 953 1209 non
973 1137 1080 1207 simul
1132 1148 1198 1208 test
1211 1135 1410 1206 communis
1425 1133 1510 1203 vita.
1962 1167 1967 1174 ·

90 1230 460 1328 comprehendantur,
493 1250 527 1306 et
548 1237 719 1308 mediocri
742 1261 806 1310 ceu
831 1240 1080 1310 communian-
1233 1234 1310 1309 lmo
1334 1236 1365 1307 si
1388 1234 1544 1328 quinon
1565 1243 1661 1306 totos
1684 1225 1819 1310 sehuic
1836 1230 1955 1302 studio
1971 1231 2117 1317 dedent,

89 1352 152 1410 tur
177 1337 480 1423 consideratione,
518 1337 697 1433 reliquum
721 1362 827 1410 omne
850 1338 1079 1436 quantumvis
1132 1330 1188 1406 bis
1209 1335 1296 1429 ipsis
1316 1351 1434 1408 tamen
1449 1358 1524 1406 non
1541 1356 1667 1428 parum
1683 1331 1872 1425 profuerit,
1898 1355 1981 1403 cum
1997 1334 2041 1404 ad
2057 1356 2118 1404 ex-

89 1461 222 1528 magno
239 1451 394 1530 'partum
426 1439 708 1533 acquisitumque
739 1441 862 1513 labore
894 1441 1079 1513 confestim
1132 1437 1273 1510 citanda
1294 1439 1482 1510 formanda
1506 1449 1540 1507 et
1560 1435 1717 1506 acuenda
1741 1433 1873 1504 iudicia
1895 1457 1937 1504 ac
1956 1429 2117 1507 methodi
2202 1467 2207 1477 ¹

88 1540 233 1612 excidit.
363 1569 369 1580 ·
1132 1535 1208 1609 vias
1232 1540 1438 1625 discendas,
1468 1550 1546 1609 tom
1569 1537 1612 1608 ad
1637 1535 1886 1624 intelligendas
1907 1549 1998 1608 artes
2017 1535 2116 1622 alias,

194 1639 240 1710 ln
260 1636 318 1711 his
338 1640 440 1734 prius
459 1641 612 1733 experiri
632 1643 768 1733 ingenii
781 1644 875 1716 vires
888 1646 1079 1718 convenie-
1131 1652 1166 1711 et
1181 1655 1345 1714 autorum
1361 1640 1508 1732 scripta,
1534 1636 1690 1710 exerceri
1706 1636 1968 1729 aliquantulum
1984 1636 2023 1708 in
2039 1633 2118 1710 Eu·

86 1745 149 1815 bat
162 1737 411 1824 scholasticos,
436 1766 544 1837 quam
559 1744 617 1815 vel
631 1746 789 1817 desidiae
801 1746 1078 1820 imbecillitatem
1131 1743 1255 1815 clideis
1271 1739 1487 1828 Eumeneia,
1511 1753 1546 1812 et
1567 1741 1613 1812 ad
1634 1750 1776 1829 argutos
1789 1761 1829 1807 ac
1843 1738 2115 1810 variosratioci-

85 1858 239 1917 naturae
258 1843 551 1936 praetenderent,
584 1847 642 1916 vel
661 1862 898 1939 quererentur
917 1850 962 1920 de
984 1850 1079 1921 difli-
1130 1847 1315 1917 nationum
1336 1845 1482 1924 modos,
1512 1864 1667 1936 qnorum
1691 1839 1730 1910 iu
1752 1840 2115 1914 demonstrationibus

86 1947 232 2018 cultate.
283 1941 374 2014 Nam
391 1957 425 2015 ct
442 1969 506 2037 per
520 1968 557 2015 se
572 1947 835 2042 iniquissimum
850 1965 902 2024 est
915 1973 1078 2042 pronun·
1129 1969 1215 2019 usus
1229 1959 1300 2033 est,
1323 1943 1519 2016 adsuelieri.

86 2048 181 2119 ciare
195 2045 406 2140 priusquam
421 2046 632 2136 inspexeris,
655 2063 690 2122 et
704 2063 858 2122 extrema
871 2052 1011 2140 ignavia
1026 2067 1079 2126 est
1230 2047 1298 2119 His
1320 2047 1417 2118 enim
1440 2045 1479 2114 in
1500 2043 1692 2116 tractmdis
1714 2041 1794 2112 aliis
1815 2042 1972 2114 materiis
1992 2041 2115 2135 appri-

86 2147 244 2218 abiiccre
269 2169 309 2216 ac
330 2147 502 2216 damnare
523 2158 637 2219 totum
661 2151 837 2238 studium,
871 2153 1078 2249 priusquam
1129 2175 1186 2220 me
1215 2147 1442 2222 invehantur.
1508 2144 1770 2218 Elementarem
1801 2165 1885 2232 ergo
1914 2145 2114 2216 doctrinam

84 2251 142 2319 vel
167 2246 297 2319 leviter
316 2247 510 2336 degustatis
532 2249 716 2323 elementis
732 2252 929 2344 periculum
944 2257 1079 2342 feceris,
1128 2253 1344 2346 requirimus
1372 2251 1418 2320 ab
1440 2247 1625 2333 omnibus,
1656 2243 1778 2342 quiin
1800 2240 1932 2316 scholis
1954 2245 2114 2316 discendi

84 2365 119 2424 et
139 2347 256 2420 animi
279 2362 332 2420 est
352 2348 527 2419 mollicies
547 2349 698 2440 iniusta,
721 2348 815 2424 nibil
834 2355 969 2427 laboris
986 2357 1078 2430 velle
1128 2353 1238 2445 gratia
1258 2364 1454 2423 versantur.
1507 2345 1611 2418 Hanc
1631 2360 1673 2419 ut
1693 2347 1863 2418 mediocri
1880 2348 2024 2434 labore,
2048 2348 2114 2417 ad-

83 2451 292 2543 suscipere,
308 2445 403 2519 nibil
417 2449 572 2542 perferre
587 2453 830 2526 molestiarum
844 2456 884 2527 in
898 2458 1078 2546 discendo,
1128 2454 1342 2528 suefactione
1369 2465 1404 2523 et
1427 2448 1674 2522 exercitatione
1697 2447 1867 2542 consequi
1889 2471 1931 2518 ac
1951 2471 2114 2541 compre-

84 2550 1076 2744 ttsttltttilti²mttfttt³tt²t²tll⁵“⁶‘’
1128 2552 1287 2730 ¹¹²th
1306 2548 2113 2746 “ti‘titttttttltttffltttll

88 2731 90 2736 ,
979 2685 1077 2732 com-
1280 2710 1297 2748 ,
1907 2703 1917 2734 s

83 2753 285 2837 mendant,
309 2775 399 2846 quas
417 2752 510 2824 tueri
526 2753 603 2824 sine
616 2757 785 2828 acerrima
800 2759 911 2828 animi
927 2774 1076 2832 conteu-
1126 2683 1220 2831 licto
1236 2757 1370 2843 statuit,
1395 2755 1638 2847 turpissimum
1653 2767 1715 2828 est.
1764 2749 2030 2824 Praestantibus
2046 2771 2111 2820 na·

83 2855 184 2926 tione
207 2852 409 2947 nequimus.
459 2851 565 2924 Falso
587 2855 692 2927 etiam
717 2857 906 2930 difficultas
920 2861 1076 2932 clemen-
1126 2860 1235 2948 turis,
1259 2858 1390 2953 quibus
1413 2855 1605 2949 peculiaria
1628 2855 1830 2926 adiumenta
1846 2855 1892 2922 ad
1909 2853 2110 2924 instauran-

82 2956 224 3028 taribns
240 2955 604 3028 demonstrationibus
621 2958 818 3050 affingitur,
842 2959 881 3034 in
896 2962 1027 3056 quibus
1040 2977 1076 3036 et
1126 2964 1189 3032 das
1211 2962 1268 3031 vel
1291 2959 1514 3029 exornandas
1538 2951 1603 3025 has
1626 2968 1720 3027 artes
1741 2957 1842 3027 Deus
1861 2953 2029 3045 largitur,
2053 2975 2111 3023 re-

82 3055 393 3127 commodissimus
407 3057 515 3142 ordo,
540 3081 612 3151 quo
627 3059 710 3130 illae
724 3061 818 3133 inter
832 3083 906 3134 sese
923 3063 1074 3136 velutin
1128 3063 1323 3157 linquimus
1352 3072 1387 3131 et
1415 3058 1705 3131 commendamus
1733 3069 1811 3129 tum
1834 3057 2108 3128 extruendamsn

81 3153 237 3230 cathena
259 3156 386 3227 annuli
406 3181 585 3228 connexae
606 3161 859 3257 devinctasque
873 3159 1076 3254 cohaerent,
1125 3189 1168 3236 ex
1198 3159 1256 3235 his
1284 3161 1398 3233 initiis
1423 3173 1639 3232 caeterarum
1661 3157 1791 3231 artium
1818 3156 2013 3229 amuratius
2034 3169 2109 3228 stu·

82 3261 174 3330 adeo
195 3271 238 3329 ut
259 3257 359 3328 nulla
373 3257 477 3328 eximi
493 3261 667 3350 penenisi
685 3275 757 3334 tota
774 3265 863 3336 serie
877 3265 1073 3358 interrupta
1125 3267 1244 3347 dium,
1278 3278 1354 3337 tum
1385 3261 1687 3334 observandorum
1718 3259 1855 3331 erudita
1885 3259 2111 3330 animadver·
2177 3271 2179 3278 ’

82 3383 124 3430 ac
147 3358 320 3430 dissoluta
336 3359 466 3451 possit,
492 3374 526 3431 et
540 3362 776 3456 syllogisticae
792 3365 1074 3439 ratiocinationis
1126 3368 1226 3438 sione
1242 3379 1405 3435 motuum
1422 3363 1648 3443 coelestium,
1672 3374 1708 3433 at
1758 3361 2110 3432 eaccommodanda·

82 3459 265 3531 evidentia
284 3459 382 3530 vela
404 3460 529 3551 primis
549 3463 696 3533 ordiens
717 3465 920 3559 principiis,
950 3469 1008 3538 vel
1027 3471 1071 3540 ad
1124 3491 1205 3539 rum
1217 3468 1296 3543 cois
1309 3457 1832 3561 φαινομενοιςκαὶτηρησεσιν
1846 3456 2109 3556 hypothesium,

81 3585 122 3632 ea
139 3585 217 3631 sese
232 3560 436 3646 revolvens,
461 3563 555 3632 levat
570 3563 747 3653 laborem,
771 3589 811 3638 ac
825 3569 977 3641 multum
991 3593 1073 3662 per-
1124 3582 1159 3641 et
1171 3569 1410 3640 ostendendae
1437 3558 1688 3660 hypothesium
1722 3565 1767 3633 ad
1788 3559 2000 3659 φαινόμενα
2020 3583 2108 3630 con-

81 3662 283 3754 spicuitatis
302 3661 423 3746 addit,
445 3665 651 3753 praesertim
672 3665 702 3735 si
725 3669 968 3740 consideretur
982 3696 1073 3766 quae
1124 3669 1306 3762 gmentiae
1315 3691 1435 3739 curam
1448 3663 1998 3757 impensioremetdifficiliorem.
2034 3659 2109 3730 Vos
2230 3715 2232 3722 .

79 3765 120 3834 in
154 3761 282 3857 quavis
312 3763 616 3837 demonstratione
644 3763 736 3840 καθ’
765 3761 953 3845 ὑπόθεσιν
973 3795 1073 3845 assu·
1124 3772 1280 3843 inventis
1300 3765 1357 3838 his
1377 3766 1568 3851 fruamini,
1592 3789 1632 3836 sc
1648 3763 1879 3835 memineritis
1891 3764 1973 3835 ideo
1986 3762 2026 3832 in
2043 3756 2110 3832 hac

78 3879 245 3950 mantne,
269 3886 361 3957 quac
378 3867 597 3938 ostendenda
611 3884 860 3962 proponantur
872 3874 1073 3965 praemissis
1124 3897 1188 3946 vos
1209 3870 1359 3943 statione
1383 3869 1571 3940 collocatos
1594 3888 1688 3952 esse,
1710 3880 1752 3939 ut
1768 3865 1967 3938 doctrinam
1982 3863 2106 3934 utilem

77 3989 119 4036 ac
133 3989 202 4036 cen
215 3965 390 4036 conceuis
402 3966 630 4060 quibusdam,
653 3971 1071 4069 deniqneexquibusde-
1123 3975 1244 4066 generi
1265 3969 1424 4043 humano
1440 3969 1592 4040 diceudo
1609 3967 1849 4062 discendoque
1864 3966 2049 4051 excolatis,
2073 3977 2106 4034 ct

34 4105 37 4112 ·
79 4069 237 4138 ducatur
252 4077 288 4136 et
302 4066 511 4139 conficiatur
524 4061 709 4154 ἀπόδειξις
722 4075 929 4168 principiis,
947 4091 986 4166 et
999 4101 1071 4172 quo
1123 4100 1205 4148 cum
1226 4099 1246 4146 a
1268 4073 1463 4146 maioribus
1486 4083 1645 4162 accepta,
1671 4085 1746 4143 tum
1760 4083 1859 4161 parta
1876 4093 1895 4139 a
1914 4066 2107 4138 vobismet-

77 4165 332 4260 progrediatnr
347 4168 486 4242 ordine.
531 4167 730 4268 *Elementis
745 4199 829 4247 vero
846 4178 1072 4250 mediocriter
1123 4177 1210 4270 ipsis
1242 4177 1380 4249 tradere
1410 4171 1562 4268 posteris
1590 4169 1823 4258 annitamini,
1868 4193 1909 4241 ac
1936 4167 2013 4241 Deo
2043 4187 2106 4236 vot

77 4268 277 4362 perceptis,
301 4271 452 4362 quaein
473 4271 622 4365 reliquis
641 4275 777 4348 artibus
803 4279 887 4349 inde
901 4291 1072 4371 petuntur
1123 4275 1193 4351 boc
1220 4277 1326 4350 officii
1355 4277 1501 4359 debere,
1532 4284 1574 4344 ut
1600 4272 1707 4344 solidi
1735 4271 1872 4367 aliquid
1896 4295 1936 4341 ac
1959 4265 2105 4362 perfecti

78 4384 115 4442 et
135 4369 431 4452 exaedificantur‚
457 4372 776 4448 demonstrationes
794 4381 884 4450 adeo
906 4401 943 4450 ee
960 4393 994 4452 et
1009 4401 1070 4452 co-
1123 4379 1292 4474 expetatis
1320 4378 1360 4448 in
1388 4373 1578 4458 doctrinis,
1610 4375 1707 4469 quod
1739 4373 1852 4465 prosit
1871 4367 2049 4441 Ecclesiae
2070 4383 2106 4438 et
2195 4463 2199 4472 υ

77 4471 182 4561 gnitu
201 4469 323 4542 faciles
339 4483 375 4541 et
387 4472 576 4564 explicatas
592 4479 780 4568 praebent,
801 4491 842 4552 nt
856 4481 1070 4555 dulcescant.
1120 4480 1373 4575 Reipublicae,
1395 4502 1470 4548 non
1484 4474 1632 4570 captetis
1647 4474 1814 4545 evanidas
1830 4473 1977 4545 umbras
1992 4468 2107 4561 turpis

80 4569 313 4662 ingeniorum
326 4572 653 4648 dissimilitudinem
667 4601 742 4650 non
756 4603 901 4673 parvam
915 4583 1071 4656 esnaei-
1122 4584 1233 4670 lucri,
1264 4595 1324 4654 aut
1355 4579 1482 4651 stultae
1513 4575 1761 4649 ostentationis
1792 4597 1912 4659 causa,
1945 4595 2035 4666 quae
2064 4583 2104 4641 ut

76 4697 169 4746 mus.
229 4669 431 4746 Generosae
460 4689 495 4748 et
523 4671 687 4750 heroicae
713 4695 880 4766 naturae,
912 4705 1003 4777 quae
1023 4687 1069 4757 ad
1120 4699 1205 4757 sunt
1235 4685 1335 4755 velut
1365 4675 1465 4754 caios
1492 4677 1532 4753 fr
1553 4673 1667 4753 ὕδασι
1688 4674 1753 4752 καὶ
1773 4665 2107 4773 ἀμφισβητήσιμον

76 4775 158 4844 illas
178 4796 337 4844 summas
356 4789 450 4847 artes
469 4776 594 4850 divino
608 4781 732 4878 aliquo
747 4784 868 4858 afflatu
883 4798 918 4857 et
933 4783 1070 4861 sveso-
1121 4783 1235 4884 ὄναρ,
1261 4786 1310 4858 ita
1324 4781 1494 4878 depositis
1509 4779 1611 4851 libris
1627 4780 1777 4852 effluunt
1795 4799 1836 4848 ex
1854 4775 1983 4848 animis
1998 4787 2106 4870 atque

75 4878 230 4972 αιασμῷ
248 4878 456 4970 rapiuntur,
476 4892 517 4949 ut
539 4881 680 4952 avidius
696 4877 784 4956 haec
801 4899 993 4978 appetunt,
1017 4889 1069 4960 sic
1120 4887 1274 4964 avolant
1321 4883 1562 4958 Memineritis
1577 4882 1683 4954 etiam
1697 4874 1943 4951 fortitudinem
1958 4872 2105 4950 hisstu·

74 4977 255 5070 arripiunt
278 4978 437 5066 facilius,
467 4982 622 5073 perinde
636 4997 678 5056 ut
697 4979 756 5073 hi,
787 4989 851 5080 qui
874 5001 1000 5062 natura
1023 4993 1067 5062 ad
1119 4989 1190 5059 diis
1211 4987 1496 5077 coniungendam
1514 5005 1607 5069 esse,
1630 5005 1720 5078 quae
1736 5001 1799 5076 per
1813 4981 1938 5052 obvias
1951 4978 2107 5050 difficul-

75 5079 306 5150 seribendum
330 5103 474 5150 mrmen
497 5085 698 5174 ducuntur,
726 5089 831 5160 citius
851 5089 1069 5186 syllabarum
1119 5103 1208 5163 tates
1229 5089 1288 5161 via
1309 5089 1346 5159 vi
1368 5090 1460 5159 facta
1480 5093 1685 5178 perrumpat
1699 5095 1805 5177 atque
1823 5083 2014 5168 eluctetur,
2039 5101 2106 5152 nec

75 5181 260 5274 etl³“¹¹¹¹¹²
270 5185 682 5280 mmmfssftlpfuul·
864 5235 868 5242 ·
1120 5193 1170 5264 ob
1194 5194 1351 5263 firmatos
1377 5187 1516 5260 animos
1545 5197 1681 5256 vestros
1707 5185 1802 5256 sinat
1822 5183 1879 5254 vel
1901 5181 2034 5254 inflecti
2058 5182 2103 5250 ad

176 5278 262 5354 Non
277 5295 412 5354 autem
437 5283 477 5353 in
506 5279 564 5356 his
584 5288 756 5362 resistunt
779 5290 909 5379 initiis,
942 5294 1068 5365 sedin
1119 5293 1307 5385 segniciem
1338 5304 1445 5386 atque
1473 5283 1692 5370 socordiam,
1728 5287 1787 5358 vel
1813 5284 1930 5376 frangi
1961 5301 2106 5375 prorsus

75 5381 296 5456 thimiun
322 5385 507 5481 magisque
535 5390 720 5465 recondita
748 5388 878 5468 hrum
906 5395 1070 5492 discipli·
1092 5469 1096 5484 ,
1119 5391 1430 5471 advmaationibus
1456 5383 1742 5488 hypocritarum,
1783 5401 1848 5459 ant
1878 5382 2017 5458 turbari
2047 5405 2109 5454 ca-

1323 5723 1445 5784 A
2137 5766 2235 5782 ,-
