4604 5804
59 327 123 406 ast
725 321 753 398 1.
793 245 1087 396 canonican
1112 305 1360 388 cnutonis.
1983 315 2059 396 768

140 495 338 568 Constituto
353 507 469 566 autem
483 517 604 584 regno,
624 495 735 565 multa
753 493 918 582 deinceps
933 513 1020 560 con·
1043 503 1048 573 t
1071 487 1207 580 politiis
1233 485 1516 571 etiam'tribuat,
1550 483 1757 560 ardentibus
1774 485 1868 558 votis
1887 499 2060 580 petamus.
2176 555 2183 569 ,

58 598 223 669 sideranda
240 613 338 678 sunt,
363 599 457 666 bona
472 610 505 667 et
520 595 624 670 mala.
675 594 863 666 Summum
884 596 1019 662 bonurn
1043 577 1047 654 ἕ
1070 587 1118 662 Ει
1133 590 1363 672 ubi'dantur,
1391 609 1621 677 agnoscamus
1640 613 1680 660 ca
1697 610 1772 660 ease
1786 585 1855 658 Dei
1869 613 1997 682 opera,
2021 607 2057 664 et

57 701 89 769 in
100 701 250 792 qualibet
261 699 530 788 congregatione
543 710 594 767 cst
602 696 821 766 conservatio
839 716 940 763 verae
953 695 1020 762 do·
1070 690 1160 782 grati
1179 688 1295 760 Deum
1319 682 1478 760 autorem
1500 702 1536 763 et
1556 691 1737 763 custodem
1760 690 1997 781 celebremus,
2020 705 2056 766 et

56 802 173 872 ctriuae
204 801 249 869 de
268 796 343 869 Deo
371 813 406 870 et
436 797 625 869 Ecclesiae.
676 796 769 882 Quia
792 792 955 864 homines
972 797 1017 863 ed
1069 794 1222 864 retinere
1239 815 1279 860 ea
1299 792 1513 864 studeamus·

54 903 253 991 agnitionem
269 901 361 986 Dei,
386 912 421 970 et
436 902 481 969 ad
496 914 656 970 aeternae
672 893 848 966 Ecclesiae
871 896 1018 966 societu-
1170 891 1220 965 Ut
1234 905 1352 964 autem
1366 905 1501 964 caetera
1517 893 1639 965 diviua
1655 917 1762 987 opera
1775 891 1953 969 Diabolus
1969 897 2053 970 odio

54 1015 132 1089 tem,
155 1025 227 1072 uon
242 1015 379 1074 tantum
396 1002 441 1071 ad
457 993 565 1070 huius
580 1001 673 1069 vitae
685 999 844 1069 mortalis
857 997 1018 1086 ingentes
1069 992 1136 1066 Dei
1164 1017 1390 1088 corrumpere
1412 1009 1578 1081 conatur,
1611 1009 1652 1067 ut
1673 998 1711 1066 iu
1736 997 1812 1088 ipsa
1830 1013 1958 1071 natura
1982 993 2053 1090 hug·

53 1125 222 1174 aemmnas
240 1101 375 1173 conditi
388 1115 491 1186 sunt,
516 1100 606 1172 sicut
620 1099 752 1169 dicitur
761 1093 934 1170 Matthaei
951 1097 1016 1167 16:
1067 1119 1173 1167 mana
1190 1097 1426 1169 tristissimam
1446 1095 1721 1168 destructionem
1742 1101 1843 1173 feeit:
1869 1099 1930 1172 Sic
1941 1113 1976 1174 et
1990 1123 2052 1171 or·

53 1203 136 1292 Quid
150 1207 293 1295 prodest
304 1197 462 1288 homini,
488 1203 518 1272 si
534 1213 648 1272 totum
662 1202 837 1271 mundum
850 1201 1017 1285 lucretur,
1067 1199 1189 1268 dinem
1207 1200 1246 1268 in
1262 1198 1519 1288 gubernatione
1534 1198 1642 1269 variis
1658 1201 1840 1273 furoribus
1854 1203 1991 1286 turbat,
2016 1217 2052 1274 et

52 1307 190 1375 animam
216 1327 300 1375 vero
327 1303 488 1375 amittat?
533 1301 639 1372 Item:
674 1299 833 1371 Primum
859 1300 1016 1396 quaerite
1067 1299 1254 1372 infirmitas
1270 1295 1447 1370 humanae
1459 1315 1605 1372 naturae
1620 1323 1684 1390 per
1697 1323 1772 1371 sese
1788 1305 1891 1374 lacile
1906 1302 2050 1385 labitur,

51 1427 182 1497 regnum
198 1405 290 1492 Dei,
317 1419 352 1476 ει
367 1416 499 1475 caetera
515 1403 727 1473 adiicientur
742 1403 856 1473 vobis.
1067 1413 1101 1471 ει
1117 1415 1213 1474 extra
1229 1403 1394 1472 ordinem
1411 1402 1497 1475 ruit.
1547 1399 1623 1470 Hae
1638 1416 1723 1474 sunt
1743 1425 1867 1475 causae
1884 1405 2051 1476 innume*

135 1505 318 1577 Laudatur
330 1527 413 1595 ergo
427 1528 448 1575 a
464 1503 581 1575 Moise
598 1517 632 1574 et
652 1503 731 1573 aliis
746 1498 935 1596 Prophetis
950 1527 1015 1596 po-
1067 1503 1235 1574 rabilium
1250 1503 1426 1574 viciorum
1448 1515 1484 1574 ει
1499 1503 1738 1576 calamitatum
1759 1504 1801 1574 in
1819 1507 2050 1596 gubernatio-

52 1605 113 1677 litia
130 1605 256 1692 lsrail,
280 1607 431 1700 quadiu
449 1606 523 1697 ipsa
546 1606 659 1676 luceat
674 1627 757 1675 vcra
774 1605 957 1684 doctrina,
982 1620 1017 1677 et
1067 1627 1122 1674 ne.
1173 1601 1296 1699 ltaque
1319 1618 1354 1675 et
1373 1603 1413 1673 in
1436 1627 1546 1693 regno
1565 1605 1689 1697 populi
1706 1605 1777 1678 Dei
1792 1608 1903 1678 multa
1921 1607 2050 1698 magnit

51 1709 130 1799 quod
144 1707 195 1779 ibi
211 1709 256 1778 sit
272 1721 366 1778 certo
379 1703 535 1776 Ecclesia
546 1705 625 1780 Dei.
666 1704 750 1775 Ideo
767 1707 1015 1778 diciturDeu-
1066 1705 1158 1775 mala
1171 1720 1390 1778 accesserunt
1404 1707 1449 1776 ad
1464 1705 1586 1776 divina
1602 1705 1782 1795 beneficia.
1835 1701 1996 1781 Ambitio
2012 1723 2049 1779 et

50 1811 220 1880 teronomii
237 1809 292 1882 h:
317 1807 390 1878 Nec
407 1822 460 1879 est
475 1807 676 1893 alienatio,
703 1829 792 1900 quae
809 1802 1015 1898 habeatap-
1066 1808 1254 1879 aemulatio
1281 1809 1438 1900 primum
1465 1829 1582 1898 regem
1611 1802 1803 1877 Saulem
1825 1809 1970 1900 impulit
1999 1813 2048 1880 ad

51 1911 333 2003 propinquantem
356 1909 425 1979 sibi
442 1909 581 1990 Deum,
608 1906 698 1978 sicut
720 1909 818 1979 adest
833 1907 929 1980 Deus
947 1933 1014 1979 no-
1065 1907 1308 1982 cmdelitatem
1336 1922 1371 1980 et
1397 1909 1634 2003 tyrannidem.
1686 1904 1850 1978 David
1871 1911 2049 2002 voluptati

50 2011 255 2083 stereunctis
269 2009 573 2081 obsecrationibus
588 2008 730 2080 nostris.
781 2006 839 2081 Aa
855 2005 919 2081 has
935 2011 1014 2081 lau·
1065 2007 1231 2096 indulsit,
1263 2010 1343 2080 idco
1374 2033 1439 2102 per
1467 2009 1674 2079 seditionem
1698 2033 1719 2080 a
1739 2011 1814 2080 lilio
1836 2013 1960 2103 pulsus
1983 2027 2047 2086 eat.

50 2109 98 2179 des
110 2112 261 2201 pertinet
282 2122 376 2182 totus
399 2110 490 2180 liber
504 2107 723 2196 Salomonis,
749 2111 807 2182 cui
821 2111 947 2185 titulus
963 2124 1014 2182 est
1065 2107 1235 2183 Salomon
1257 2113 1300 2180 ad
1325 2111 1523 2204 voluptates
1545 2111 1683 2181 addidit
1704 2112 1838 2182 cultum
1854 2113 2048 2197 idolorum,

49 2199 290 2286 Canticum.
1064 2209 1144 2280 idco
1170 2225 1288 2304 postea
1313 2213 1541 2283 dilaceratum
1564 2225 1614 2282 est
1630 2234 1789 2302 regnum.
1838 2209 1934 2284 Haec
1950 2215 2047 2284 dila-

132 2309 210 2384 Hoc
231 2312 343 2402 igitur
370 2313 408 2383 iu
432 2312 530 2404 regio
556 2325 649 2383 statu
671 2313 805 2384 bonum
819 2326 889 2397 est,
915 2312 1011 2406 quod
1064 2313 1193 2384 ceratio
1210 2313 1345 2406 peperit
1359 2314 1507 2383 adsidua
1528 2313 1622 2383 bella
1640 2315 1778 2395 civilia,
1803 2315 1994 2386 seditiones
2011 2329 2047 2386 et

50 2413 151 2506 aliquo
181 2417 290 2484 modo
315 2413 457 2506 piorum
478 2436 600 2504 regum
630 2413 733 2483 labor
756 2409 839 2482 Deo
868 2413 1012 2483 iuvante
1063 2412 1243 2485 idolorum
1264 2415 1392 2486 cultus.
1451 2411 1500 2485 Et
1521 2426 1602 2505 post
1623 2437 1737 2485 anuos
1758 2416 1804 2485 ab
1825 2415 1929 2486 initio
1948 2414 2046 2486 leru-

48 2516 164 2601 proiuit
185 2517 229 2586 ad
255 2517 438 2585 doctrinae
466 2503 787 2600 conservationem,
818 2527 859 2585 ut
883 2511 1012 2598 David,
1062 2516 1167 2584 boam
1183 2517 1353 2586 ducentos
1368 2514 1601 2608 quadraginta
1618 2529 1781 2607 quatuor,
1806 2517 2046 2587 tristissimam

48 2611 217 2701 Salomon,
248 2611 431 2706 iosaphat,
456 2609 647 2700 Ezechias,
673 2613 783 2687 losias
805 2616 921 2686 studia
944 2616 1007 2684 do·
1062 2616 1327 2708 dissipationem
1350 2617 1470 2687 decem
1497 2616 1678 2702 tribuum,
1712 2638 1803 2709 quae
1830 2617 2045 2708 posteritatis

10 2793 11 2802 ἵ
49 2716 163 2786 ctrinae
176 2731 212 2788 et
228 2739 333 2786 veros
350 2719 465 2786 cultus
479 2717 703 2790 adiuverunt.
1063 2715 1168 2787 lacob
1189 2741 1271 2810 pars
1291 2718 1443 2787 maxima
1457 2717 1543 2802 luit,
1565 2741 1605 2785 ac
1620 2741 1842 2810 nequaquam
1864 2715 2046 2788 existima·
2175 2744 2183 2754 ·

130 2815 333 2890 Secundum
349 2817 483 2886 bonum
506 2817 592 2906 regii
614 2829 725 2887 status
739 2813 825 2900 luit,
851 2813 1008 2908 quadiu
1061 2819 1112 2886 vit
1135 2820 1316 2902 loturum,
1347 2831 1387 2888 ut
1412 2842 1452 2887 ex
1472 2812 1537 2886 hac
1560 2819 1641 2888 sede
1665 2819 1866 2904 eiiceretur‚
1899 2842 1989 2913 quae
2009 2833 2044 2891 ει

46 2937 148 3006 regom
180 2919 339 2990 victoriis
369 2917 465 2990 Deus
499 2917 650 2988 illustria
687 2915 889 2987 testimonia
926 2938 1009 2985 suae
1061 2918 1232 2992 divinitus
1255 2918 1425 3010 promissa
1454 2929 1546 3002 erat,
1577 2932 1611 2989 ει
1635 2919 1839 3008 ingentibus
1861 2921 2044 2991 miraculis

45 3021 243 3104 praescntiae
261 3020 299 3087 in
314 3014 382 3089 hoc
398 3017 530 3112 populo
544 3016 716 3098 ostendit,
742 3040 816 3088 sese
837 3015 1009 3109 patefecit,
1061 3021 1188 3090 tradita
1205 3020 1537 3092 etdeiensafuerat.
1589 3017 1659 3090 Sed
1685 3015 1753 3089 hoc
1770 3022 2043 3112 exemplomul-

48 3131 73 3186 et
91 3122 285 3192 testimonia
310 3121 491 3191 doctrinae
516 3133 550 3190 et
571 3115 750 3190 Ecclesiae
771 3115 949 3204 exhibuit,
975 3131 1008 3189 et
1059 3131 1094 3190 ta
1116 3119 1212 3192 Deos
1233 3134 1365 3192 monet.
1417 3115 1588 3192 Ostendit
1611 3121 1883 3210 promissionem
1905 3123 2044 3215 praeci-

46 3211 219 3310 Prophetas
234 3221 378 3312 regibus
393 3222 564 3292 adiunxit.
605 3219 1008 3310 Summametiampro-
1059 3247 1165 3314 puam
1194 3247 1268 3293 non
1297 3245 1370 3292 esse
1400 3223 1444 3292 de
1473 3217 1542 3290 hoc
1569 3222 1715 3312 politico
1745 3245 1874 3314 reguo,
1908 3226 1968 3292 sed
1997 3226 2043 3294 de

46 3317 228 3392 missionem
254 3325 298 3392 de
320 3317 506 3390 Messio
529 3321 710 3411 repetivit,
736 3333 769 3390 et
795 3323 839 3390 ad
861 3322 1005 3408 stirpem
1058 3326 1210 3394 aeternis
1232 3325 1348 3396 bonis.
1405 3319 1453 3391 Et
1475 3323 1588 3392 voluit
1610 3323 1647 3391 in
1670 3325 1794 3414 poenis
1809 3325 1897 3394 disci
1915 3317 2043 3394 diceri-¹

44 3411 232 3492 Doridis
266 3421 443 3512 alligavit,
482 3432 524 3492 ut
548 3431 643 3488 certo
674 3421 841 3504 sciretur,
882 3420 943 3486 uhi
972 3433 1005 3488 ct
1059 3441 1140 3492 men
1170 3423 1444 3512 promissionum
1475 3435 1696 3491 aeternarum
1726 3437 1761 3494 et
1782 3426 2042 3514 temporalium
2142 3445 2145 3452 '

46 3522 325 3607 quandoMessias
337 3539 507 3593 venturus
521 3533 607 3590 erat.
640 3514 688 3591 Et
699 3515 783 3589 huic
798 3517 1005 3612 promissio·
1059 3521 1110 3594 Ac
1126 3523 1282 3614 prolecto
1298 3520 1457 3611 oportuit
1472 3541 1546 3588 esse
1562 3520 1786 3590 excellentem
1802 3525 2054 3593 cruditionem
2149 3595 2153 3607 ,

44 3615 140 3691 nihoc
155 3625 289 3694 bonum
304 3621 597 3706 adiunctumfuit,
620 3621 823 3714 qarodcerto
839 3621 1006 3707 sciebant,
1057 3625 1296 3707 sacerdotum,
1334 3621 1396 3716 qui
1428 3621 1625 3692 docueruut
1655 3635 1790 3693 rectum
1819 3624 2040 3695 intellectum

45 3716 124 3790 illam
139 3727 297 3816 politiam
314 3729 520 3795 duraturam
538 3745 630 3808 esso,
652 3723 765 3791 donec
777 3721 927 3792 Messias
945 3746 1005 3792 er·
1057 3725 1351 3820 promissionum,
1387 3719 1436 3796 Et
1461 3723 1509 3791 ob
1541 3717 1634 3792 haue
1665 3745 1806 3794 causam
1840 3721 2039 3819 Prophetae

45 3809 160 3893 hibitus
179 3839 279 3897 esset·
329 3824 426 3895 Haec
447 3827 542 3895 bone
567 3847 642 3894 non
662 3824 861 3896 lucrantia
886 3817 1005 3893 ethni·
1055 3828 1152 3897 missi
1177 3837 1272 3900 sunt.

44 3917 84 3987 tis
105 3923 267 4016 imperiis.
319 3925 403 3996 ldeo
425 3920 494 3997 hoc
510 3945 659 4014 regnum
681 3925 787 4015 longe
799 3925 1004 3996 antecelluit
1155 3925 1280 3997 Postea
1312 3917 1421 3994 huius
1451 3924 1553 4015 regni
1586 3927 1755 4020 exemplis
1786 3941 1908 4002 monet
1940 3925 2044 4004 Deus·

43 4017 72 4085 in
85 4033 149 4094 toto
169 4049 296 4120 genere
311 4021 480 4100 humano.
534 4025 586 4098 Ac
604 4027 825 4099 interiectum
841 4026 909 4098 luit
924 4026 1003 4096 aliis
1054 4051 1176 4101 omues
1188 4022 1371 4111 homiues,
1395 4036 1436 4094 ut
1451 4038 1653 4098 reverenter
1672 4030 1776 4101 donis
1790 4027 1859 4102 Dei
1878 4045 2037 4117 utantur,

43 4125 157 4218 agnis,
192 4127 387 4224 Aegyptio,
418 4126 624 4222 Assyriaco,
656 4123 833 4200 Chaldaeo
861 4141 896 4200 et
915 4126 1003 4197 Per·
1053 4145 1087 4202 et
1101 4129 1256 4220 cogitent
1269 4129 1314 4198 de
1327 4126 1460 4197 iudicio
1473 4127 1559 4213 Dei,
1585 4143 1619 4199 et
1634 4152 1707 4200 sese
1720 4133 1765 4201 ad
1778 4133 2034 4224 poenitentiam

44 4220 119 4307 tiro,
141 4243 178 4298 ut
194 4230 278 4298 incle
299 4229 431 4318 agnitio
454 4230 528 4298 veri
547 4227 613 4299 Dei
628 4243 879 4323 propagaretur
895 4229 999 4300 etiarn
1053 4246 1088 4305 et
1109 4253 1225 4302 verum
1246 4227 1509 4301 invocationem
1527 4230 1731 4302 exuscitent.
1783 4227 1837 4303 Ac
1854 4233 2034 4322 magnitu-

44 4321 78 4388 ad
91 4330 209 4400 multas
225 4331 312 4399 alias
328 4344 457 4421 gentes.
1052 4336 1098 4404 do
1114 4355 1311 4425 poenarum
1328 4343 1509 4422 utrunque
1525 4331 1697 4416 ostendit,
1723 4332 1811 4402 iram
1821 4333 1897 4404 Dei
1906 4333 2033 4402 adver-

126 4425 286 4502 Tertium
308 4433 444 4502 bonurn
467 4429 536 4521 luit
559 4427 646 4518 regii
669 4442 797 4514 status,
823 4430 919 4523 quod
941 4443 1000 4499 ut·
1051 4459 1109 4507 sus
1127 4448 1325 4527 peccatum,
1349 4444 1384 4501 et
1399 4452 1522 4501 rursus
1539 4433 1771 4523 praesentiam
1785 4431 1871 4517 Dei,
1896 4435 2032 4524 potenti

44 4541 161 4620 cunque
189 4531 323 4624 proluit
354 4533 399 4602 ad
433 4531 656 4602 durationem
690 4531 847 4622 politiae.
907 4528 1001 4602 Sunt
1051 4539 1170 4607 dextra
1195 4535 1290 4606 inter
1317 4541 1432 4602 tantae
1464 4531 1689 4604 confusiones
1713 4535 1884 4605 servantis
1910 4549 2030 4607 tamen

43 4622 119 4693 enim
134 4653 152 4698 a
167 4635 341 4725 principio
356 4631 502 4703 Davidis
521 4653 634 4724 usque
657 4633 702 4701 ad
720 4645 869 4702 mortem
887 4630 999 4703 Sede·
1050 4635 1149 4726 regni
1165 4649 1320 4729 partem,
1344 4644 1519 4725 quatenus
1535 4647 1710 4718 servatur,
1734 4635 1825 4707 sicut
1840 4632 2031 4730 iuquitle-
2068 4673 2069 4676 ¹

10 4713 132 4829 (chiae
148 4736 231 4804 anui
257 4735 505 4828 quadringenti
534 4732 713 4823 sexaginta
749 4747 894 4826 septem.
950 4727 999 4805 Et
1049 4738 1207 4808 remisse
1231 4733 1500 4808 Misericordiae
1528 4733 1677 4809 Domini
1709 4737 1806 4832 quod
1834 4759 1909 4807 non
1942 4760 2029 4812 con·

44 4827 140 4897 tamen
163 4849 279 4923 postea
304 4859 445 4930 quoque
468 4846 548 4928 post
570 4835 724 4905 reditum
750 4857 793 4906 ex
814 4833 999 4930 Babylone
1049 4839 1181 4932 sumpti
1206 4858 1338 4911 sumus.

46 4917 132 4998 duces
150 4933 292 5008 tuemur
318 4961 358 5006 ex
386 4939 494 5029 stirpe
514 4933 632 5006 David
654 4960 766 5031 usque
792 4937 837 5006 ad
856 4935 996 5009 Macca-
1150 4937 1332 5012 lntuentes
1345 4935 1463 5032 itaque
1472 4932 1654 5010 historiam
1667 4939 1791 5032 populi
1801 4935 1921 5026 lsrael,
1936 4943 2026 5012 scia-

44 5015 145 5110 b²²⁰³s
167 5055 277 5107 eunus
289 5051 465 5108 trecentos
479 5037 698 5129 septuaginta
712 5052 793 5109 tres.
1047 5061 1126 5112 mus
1156 5043 1296 5111 nos'de
1316 5041 1440 5111 multis
1460 5041 1597 5131 magnis
1624 5041 1730 5112 rebus
1755 5043 2025 5116 commooefieri.

104 5127 217 5241 'llaec
237 5139 332 5210 bona
350 5136 457 5208 fuisse
479 5157 606 5226 magna
627 5152 662 5210 ct
684 5139 874 5230 singularia
889 5161 995 5232 opera
1047 5138 1101 5213 Ac
1115 5141 1220 5214 initio
1235 5137 1341 5214 huius
1354 5136 1527 5214 Chronici
1543 5140 1715 5228 diximus,
1738 5167 1779 5213 ex
1797 5141 1852 5214 his
1868 5139 2025 5214 historiis

46 5211 126 5307 Det,
149 5242 403 5324 agnoscendum
423 5249 493 5324 est,
518 5239 608 5310 sicut
632 5239 800 5330 scripturn
820 5255 884 5310 est:
916 5239 996 5310 Nisi
1046 5265 1122 5315 nou
1143 5256 1281 5316 tantum
1303 5242 1458 5334 exempla
1482 5240 1645 5333 politicae
1664 5245 1934 5334 gubernationis
1961 5265 2024 5334 pe-

45 5309 208 5406 Dominus
220 5339 425 5411 custodierit
437 5338 633 5424 civitatem,
655 5341 785 5413 frustra
799 5343 920 5435 vigilat
932 5341 995 5436 qui
1045 5346 1151 5416 tenda
1166 5369 1258 5432 esse,
1283 5343 1400 5440 qualia
1416 5343 1587 5436 praebent
1601 5366 1657 5415 res
1669 5359 1784 5436 gestae
1799 5347 1837 5415 iu
1860 5345 1939 5414 aliis
1954 5343 2024 5411 im·
2108 5407 2113 5436 ,

46 5433 174 5506 custodit
195 5462 281 5516 eam.
329 5436 378 5512 Et
404 5451 445 5514 ot
465 5435 550 5512 haec
578 5461 725 5513 somma*
740 5443 834 5516 bona
864 5443 996 5516 nostris
1044 5446 1171 5540 pariis:
1200 5449 1261 5521 scd
1275 5446 1388 5518 multo
1402 5444 1512 5535 magia
1527 5445 1726 5518 testimonia
1748 5445 2023 5539 patefactionem
