4726 5828
88 263 168 344 m
266 339 272 344 .

84 437 157 512 No.
177 433 263 510 152.

92 532 270 580 *mv

906 455 956 498 sn.
972 433 1068 499 1556.

901 521 1073 556 Μ

242 669 320 756 Dc
348 678 487 781 copto
517 661 929 786 Gomontioopoli.

161 851 197 906 In
215 849 308 905 select.
327 843 406 902 Deci·
425 843 459 900 T.
473 842 522 898 lV.
540 861 567 914 p.
582 842 629 896 161
644 859 719 913 sqq,
750 838 880 898 Riebsrd.
896 837 928 894 T.
941 837 962 894 Ι.
979 857 1006 908 p.
1019 837 1081 893 682.

195 928 222 970 et
253 916 372 972 Servcst.
397 912 428 966 T.
443 911 493 966 tv,
517 931 544 985 p.
557 911 615 966 lii.
645 938 682 951 -
726 907 814 964 Etiam
840 907 983 980 separatim
1009 907 1081 962 edita

197 983 310 1040 theb.
330 981 406 1038 1556.
435 981 461 1036 8.

92 1183 223 1254 Oratio
247 1173 294 1247 de
311 1181 428 1264 copto
444 1172 785 1264 constantinopol&
810 1173 1015 1241 recitatae
1030 1167 1080 1242 D.

281 1269 476 1370 Georgia
501 1277 681 1345 Maiore
705 1294 766 1344 oo.
784 1269 894 1344 1556.

90 1435 228 1516 Annus
258 1433 316 1507 hic
344 1449 397 1506 est
423 1435 633 1505 centesimus
661 1447 695 1502 ct
721 1433 862 1516 tertius,
896 1444 1080 1524 postquam

92 1543 206 1613 Turci
228 1541 289 1610 die
309 1535 401 1608 Maii
428 1536 593 1606 vicesimo
617 1557 713 1604 nono
732 1530 1081 1622 Constantinopolin,

90 1669 166 1713 nou
189 1641 307 1711 solum
329 1659 444 1707 arcem
469 1635 778 1725 Graeciimperii,
804 1633 990 1703 sedetiam
1015 1633 1081 1700 do-

90 1745 289 1816 ctrinarum
312 1749 347 1808 et
370 1751 468 1807 vetus
483 1733 660 1806 Ecclesiae
679 1730 895 1825 hospicium,
921 1746 1001 1825 post
1014 1733 1079 1802 ob-

91 1845 270 1913 sidionem
285 1840 423 1909 dicrum
442 1850 594 1929 quatuor
607 1851 643 1905 et
656 1835 912 1928 quinquaginta
929 1834 965 1901 vi
980 1855 1080 1923 cepe-

91 1958 196 2028 runt,
219 1944 310 2010 iacta
334 1942 438 2007 caede
461 1938 704 2007 crudelissima
727 1934 967 2025 imperatoris,
993 1956 1081 2003 con-

92 2045 205 2132 iugis,
230 2041 384 2108 filiarum
407 2049 442 2106 et
463 2037 636 2122 filiorum,
662 2049 695 2104 et
719 2036 952 2126 plurimarum
976 2033 1081 2104 nobi-

91 2146 183 2214 lium
198 2140 415 2210 familiarum
432 2151 467 2205 et
483 2137 615 2227 populi.
667 2135 747 2224 Qua
762 2147 859 2204 tanta
872 2136 916 2204 de
931 2159 981 2221 re,
999 2157 1078 2204 cum

91 2269 149 2314 me
164 2243 243 2311 dies
259 2236 517 2322 admonuisset,
543 2261 694 2328 curaque
710 2259 930 2324 magnorum
946 2236 1080 2320 dolore,

92 2359 128 2416 et
149 2358 285 2414 veteres
306 2336 484 2408 Ecclesiae
509 2337 721 2408 calamitates
742 2351 777 2406 et
797 2349 998 2426 praesentes
1021 2338 1079 2404 in-

92 2461 232 2528 tuerer,
261 2455 297 2511 et
318 2463 401 2508 vero
426 2439 660 2530 prospicerem
681 2439 837 2521 suturas,
860 2461 935 2506 non
952 2435 1079 2507 eliade

92 2571 132 2618 re
149 2537 268 2638 potitis
284 2537 342 2610 hic
358 2539 547 2608 dicendum
565 2561 638 2607 esse
651 2538 781 2610 censui.

196 2644 289 2714 Nam
318 2655 352 2711 et
381 2641 472 2710 illud
492 2663 616 2708 verum
640 2652 709 2723 est,
742 2633 837 2708 ὅπσυ
859 2633 980 2735 ἀλγεῖ,
1010 2636 1083 2708 ἐκεῖ

90 2749 202 2842 χεῖρα
225 2743 308 2833 ἔχει.
359 2738 408 2810 Et
431 2742 524 2830 apud
549 2739 706 2807 iuniores
731 2758 869 2806 necesse
891 2752 942 2808 est
966 2749 1080 2808 tantas

93 2845 331 2936 imperiorum
362 2854 396 2910 et
419 2840 598 2910 Ecclesiae
621 2839 833 2909 mutationes
859 2860 961 2929 saepe
984 2861 1080 2906 com-

92 2945 306 3022 memorari,
339 2943 379 3009 in
408 2941 536 3033 quibus
562 2963 641 3007 cum
666 2962 797 3029 poenae
819 2939 988 3008 scelernm
1012 2932 1080 3008 hu-

92 3068 286 3120 manorum
311 3042 595 3132 conspiciuntur,
620 3040 732 3134 aliqui
748 3052 840 3109 certe
853 3039 1082 3108 modestiores

92 3154 185 3222 liunt
207 3160 243 3216 et
265 3137 473 3227 moventur,
497 3164 581 3212 cura
603 3163 685 3211 suae
708 3140 832 3210 salutis
855 3152 887 3209 et
904 3135 1081 3209 Ecclesiae

12 3269 13 3274 ’
93 3251 205 3341 magis
220 3245 433 3317 afficiantur.

171 3415 176 3424 .
197 3349 251 3420 lta
268 3344 446 3417 Siracides
467 3342 566 3413 iubet
588 3340 720 3411 intueri
734 3340 885 3411 aliomm
902 3338 1081 3408 calamita-

95 3469 165 3538 tes,
189 3464 233 3520 ut
256 3445 438 3515 communi
461 3444 536 3532 lege
557 3441 663 3511 nobis
687 3442 817 3512 similia
839 3442 985 3509 serenda
1008 3463 1081 3508 esse

97 3554 312 3644 cogitemus:
346 3543 464 3614 Hodie
478 3540 595 3627 mihi,
614 3565 691 3611 cras
707 3542 784 3612 tibi.

11 3713 13 3736 ‚
199 3647 350 3736 Scripsit
359 3643 530 3737 Polybius
544 3666 581 3712 se
595 3643 744 3712 astitisse
753 3638 912 3730 Scipioni
928 3639 1081 3710 intuenti

11 3775 12 3784 ³
94 3749 322 3840 Carthaginis
338 3744 541 3814 incendium
556 3768 596 3812 ac
610 3737 856 3836 lachrymanti,
882 3763 984 3832 quem
1001 3764 1080 3810 cum

94 3862 364 3940 interrogasset,
390 3871 454 3916 cur
474 3838 712 3938 lachrymaret
734 3843 847 3913 victor
870 3853 966 3911 tanto
988 3842 1081 3912 bello

94 3951 275 4049 perfecto?
326 3947 421 4016 Tum
443 3945 504 4014 ille
526 3968 667 4034 gemeus
684 3943 884 4034 respondit,
909 3965 984 4011 non
1006 3944 1082 4012 sine

95 4053 234 4147 ingenti
250 4046 554 4120 commiseratione
569 4069 605 4115 se
622 4044 835 4114 clarissimae
850 4044 967 4124 urbis,
992 4067 1082 4136 qaae

97 4167 167 4232 iam
200 4175 315 4224 annos
342 4149 580 4239 septingentos
599 4146 767 4230 stetisset,
799 4144 982 4236 interitum
1003 4167 1082 4234 spe-

96 4277 191 4334 ctare
213 4275 331 4346 posse,
359 4274 423 4318 nec
442 4249 518 4317 sine
537 4242 666 4336 magno
688 4247 810 4316 dolore
825 4247 868 4314 de
882 4245 998 4314 ruinis
1013 4246 1081 4314 im-

96 4361 280 4455 periorum
302 4361 482 4433 veterum,
515 4362 549 4419 ct
572 4348 691 4417 futuro
714 4348 895 4440 aliquanto
919 4359 996 4436 post
1018 4369 1082 4416 ur-

96 4467 151 4536 bis
174 4455 315 4528 Romae
338 4451 491 4531 excidio,
522 4450 620 4518 etde
647 4447 815 4516 immensa
839 4445 1081 4516 communium

96 4576 350 4638 aerumnarum
380 4549 517 4641 generis
546 4545 696 4640 humani
719 4548 812 4618 mole
840 4547 1009 4638 cogitare,
1043 4573 1082 4618 ac

95 4659 288 4739 subiecisse
301 4648 368 4724 hos
382 4673 517 4722 versos:

172 4767 312 4844 Tempus
326 4765 382 4822 erit
396 4759 517 4843 quando
533 4760 684 4820 ruiturum
699 4769 743 4818 est
758 4753 839 4818 llion
854 4759 961 4819 ultum·

176 4867 318 4948 Cumque
333 4866 424 4923 simul
440 4861 527 4922 tortis
541 4859 677 4922 Priamus
691 4863 883 4942 populusque
896 4861 1014 4939 peribit.

98 4970 273 5038 Videmus
302 4970 440 5040 autem,
472 4968 514 5026 ut
541 4953 691 5025 dealiis
717 4953 819 5023 malis
849 4975 921 5021 non
955 4954 1081 5037 dicam,

97 5090 194 5140 nunc
208 5062 349 5132 Turcos
363 5080 437 5127 non
453 5051 640 5126 Thraciam
657 5067 718 5125 aut
734 5051 918 5122 Graeciam
937 5069 1081 5137 vastare,

99 5173 156 5240 sed
177 5183 344 5257 oppressa
361 5156 564 5238 Pannonia,
589 5155 659 5224 iam
675 5154 861 5246 aliquoties
876 5154 913 5220 in
929 5151 1081 5222 Germa-

100 5273 195 5341 niam
218 5267 396 5348 ingressos
419 5281 502 5328 esse.
554 5252 675 5343 Quare
697 5269 893 5325 metuamus
910 5275 975 5324 nos
991 5277 1079 5347 qno-

100 5398 166 5466 que
190 5381 225 5441 et
247 5361 400 5435 Tuccica
420 5370 454 5429 et
474 5359 544 5430 alia
566 5355 677 5442 bella,
701 5371 734 5427 et
756 5357 948 5428 emendatis
970 5355 1079 5425 mori-

544 253 701 336 DECL.
741 251 818 332 DE
857 249 1051 332 CAPTA
1091 247 1674 331 CONSTANTINOPOLI.

2042 255 2117 331 154

1132 427 1199 496 bus
1226 447 1290 497 suo
1320 425 1471 520 qnisqne
1498 425 1578 495 loco
1602 425 1732 497 rectius
1757 425 1861 497 saciat
1889 449 2036 497 monera
2056 429 2113 498 sni

1132 527 1264 615 officii,
1290 540 1324 598 et
1340 527 1490 598 assiduis
1509 527 1697 615 gemitibus
1711 541 1745 597 et
1758 529 1849 597 votis
1860 540 2040 617 petamus,
2066 550 2113 597 oe
2157 597 2160 603 i

1090 631 1095 652 '
1132 627 1226 699 sinat
1239 626 1337 698 Deus
1353 624 1527 698 Ecclesiae
1548 627 1676 713 deleri,
1701 628 1832 698 etheri
1857 629 1963 699 talem
1984 627 2113 699 barba·

1133 731 1220 800 riem
1244 745 1278 800 et
1299 729 1517 814 vastitatem,
1542 728 1656 822 qualis
1679 744 1729 800 est
1744 729 1783 798 in
1796 749 1923 819 magna
1940 741 2038 819 parte
2052 752 2113 818 ge·

1132 831 1229 901 neris
1246 825 1417 915 humani,
1441 855 1482 899 ac
1497 830 1702 921 praesertim
1718 853 1824 924 quam
1839 831 1908 901 late
1923 823 2114 900 Mahome-

1132 933 1200 1004 tiea
1214 931 1375 1027 tyrannis
1390 931 1610 1003 dominatur.

1234 1031 1287 1102 Ac
1308 1034 1352 1102 de
1368 1029 1497 1102 Turcis
1514 1045 1666 1122 augeant
1680 1033 1784 1103 nobis
1797 1043 1931 1102 metum
1946 1031 2113 1103 vaticinia

1133 1133 1171 1202 in
1185 1127 1371 1203 Ezechiele
1393 1133 1436 1202 de
1453 1131 1533 1222 Gog
1553 1147 1587 1202 et
1601 1132 1741 1222 Magog.
1789 1131 1929 1203 Deinde
1945 1145 1980 1202 et
1991 1155 2114 1203 recen-

1133 1247 1185 1305 tes
1208 1235 1379 1325 quaedam
1400 1234 1653 1324 praedictiones
1667 1233 1819 1308 Hiltenii
1841 1235 1911 1304 viri
1932 1257 2006 1303 non
2027 1257 2114 1303 con·

1133 1334 1334 1418 temnendi,
1358 1335 1421 1426 qui
1439 1335 1507 1405 fuit
1520 1330 1775 1405 Franciscanus
1792 1336 1833 1404 in
1852 1335 1999 1424 collegio
2016 1331 2114 1404 isen-

1132 1435 1293 1520 nacensi,
1325 1448 1459 1506 etcum
1483 1436 1551 1504 alia
1575 1436 1765 1526 praedixit,
1799 1459 1889 1528 quae
1912 1447 2116 1520 evenerunt,

1132 1551 1209 1608 tum
1233 1550 1268 1608 et
1289 1529 1359 1605 hoc
1381 1535 1611 1620 vaticinatur,
1643 1531 1737 1606 a'nno
1761 1537 1948 1605 millesimo
1971 1557 2115 1605 sexcen-
2201 1539 2203 1542 ’

1132 1639 1257 1710 tesimo
1281 1635 1420 1707 'furcos
1448 1637 1486 1705 io
1509 1635 1701 1707 Germania
1729 1648 1763 1707 et
1787 1633 1890 1706 ltalia
1910 1649 2116 1726 regnaturos

1133 1761 1217 1813 esse.

1235 1835 1277 1907 ld
1300 1837 1338 1905 in
1359 1835 1466 1907 tantis
1491 1860 1612 1926 regum
1637 1853 1672 1908 ct
1694 1837 1896 1930 principum
1919 1838 2118 1924 discordiis,

1132 1952 1166 2009 et
1199 1939 1437 2008 crescentibus
1473 1940 1640 2028 peccatis,
1687 1939 1889 2010 defensione
1926 1938 2116 2023 idolorum,

1132 2039 1331 2133 parricidiis
1349 2052 1383 2108 et
1400 2038 1479 2107 aliis
1492 2039 1683 2110 sceleribus
1698 2063 1799 2131 posse
1814 2039 1981 2124 accidere,
2004 2040 2115 2109 ratiu-

1132 2141 1243 2211 cinari
1256 2139 1359 2208 facile
1373 2151 1435 2209 est.
1485 2137 1539 2208 Ac
1552 2141 1623 2211 lere
1640 2144 1772 2232 ubique
1788 2152 2005 2211 attraxerunt
2018 2138 2115 2210 Tur·

1133 2265 1191 2312 cos
1205 2240 1416 2312 domesticae
1430 2239 1627 2313 discordiae
1642 2257 1677 2314 et
1690 2241 1760 2313 alia
1773 2241 1915 2312 scelera.

1235 2441 1332 2512 Haec
1351 2435 1504 2512 cumbis
1520 2441 1644 2507 diebus
1661 2444 1865 2533 cogitarem,
1890 2444 1997 2512 simul
2012 2442 2116 2512 ctiam

1132 2541 1303 2634 inquisivi
1333 2542 1506 2611 excidium
1529 2535 1769 2628 Athenarum,
1804 2567 1892 2638 quae
1922 2545 2116 2613 abeodem

1132 2657 1302 2736 tyranno,
1345 2643 1408 2735 qui
1437 2641 1647 2735 Byzantium
1683 2644 1818 2735 coepit,
1860 2644 1994 2715 deletae
2022 2654 2116 2714 sunt.

1133 2741 1203 2813 Sed
1218 2767 1337 2812 causas
1353 2743 1470 2812 videte
1485 2740 1597 2810 divini
1616 2742 1751 2818 indicii.
2063 2797 2066 2806 .

1228 2840 1457 2912 Florentinus
1468 2842 1612 2934 quidam
1623 2841 1748 2912 Nerius
1759 2844 1995 2936 principatum
2004 2837 2116 2913 Athe-

1133 2965 1261 3012 narum
1282 2945 1430 3033 adeptus
1453 2955 1545 3026 erat,
1570 2941 1600 3008 is
1621 2966 1701 3010 cum
1719 2946 1889 3024 moritur,
1910 2943 2017 3012 vidua
2035 2965 2116 3012 cum

1133 3043 1282 3136 parvulo
1308 3044 1382 3114 filio
1406 3042 1546 3126 relicta,
1583 3041 1747 3132 impetrat
1772 3044 1921 3137 pecunia
1942 3067 1962 3112 a
1984 3039 2117 3112 Maho-

1133 3158 1247 3230 meto,
1279 3159 1320 3216 ut
1349 3145 1424 3235 ipsa
1451 3144 1489 3212 in
1519 3143 1739 3234 possessione
1764 3144 1983 3238 principatus
2004 3142 2116 3213 Attici

1134 3257 1282 3314 maneat.
1331 3244 1429 3314 Haec
1452 3259 1570 3335 postca
1594 3245 1722 3316 exarsit
1741 3270 1861 3315 amore
1873 3243 2000 3316 Veneti
2022 3266 2117 3312 mer-

1133 3346 1279 3428 catoris,
1313 3344 1375 3438 qui
1398 3343 1558 3412 Venetiis
1579 3367 1723 3414 uxorem
1744 3342 1913 3428 habebat;
1946 3369 2027 3414 cum
2048 3340 2117 3412 hoc

1134 3445 1340 3535 paciscitur,
1362 3445 1397 3526 ,si
1413 3443 1607 3513 divortium
1625 3445 1729 3516 iaciat
1745 3471 1824 3516 cum
1841 3469 1967 3524 uxore,
1994 3468 2030 3512 se
2047 3443 2115 3534 ipsi

1133 3559 1325 3638 nupturam
1352 3567 1444 3631 esse,
1475 3557 1510 3614 et
1539 3542 1791 3616 collocaturum
1815 3569 1895 3616 eum
1918 3545 1958 3612 in
1980 3543 2115 3636 priuci-

1133 3661 1268 3740 patum.

1236 3745 1393 3818 Venetus
1421 3748 1587 3842 incensus
1615 3747 1807 3839 cupiditate
1834 3748 1980 3818 domum
2010 3747 2116 3828 redit,

1133 3861 1168 3918 et
1184 3849 1369 3937 coniugem
1388 3849 1649 3921 veneno‘tollit.
1699 3847 1822 3920 Postea
1838 3850 1931 3918 redit
1947 3843 2116 3934 Athenas,

1134 3962 1169 4021 et
1198 3950 1303 4019 ducta
1334 3949 1442 4020 vidua
1469 3949 1670 4040 principatu
1690 3950 1842 4038 potitur,
1872 3963 1906 4020 et
1928 3950 2115 4020 saeviciam

1134 4062 1270 4119 exercet
1295 4050 1333 4118 in
1355 4049 1452 4119 viros
1473 4049 1621 4122 nobiles.
1674 4044 1909 4121 Athenienses
1923 4064 2116 4144 tyrannum

1134 4151 1303 4231 aversati,
1329 4162 1492 4221 accusant
1508 4171 1590 4217 eum
1604 4151 1697 4240 apud
1715 4145 1972 4224 Mahometum.
2022 4147 2115 4219 Cum

1133 4253 1176 4320 ad
1200 4245 1297 4320 hunc
1320 4251 1494 4342 profectus
1509 4261 1614 4334 esset,
1639 4263 1680 4320 ut
1694 4275 1773 4320 eum
1789 4253 1937 4344 pecunia
1952 4251 2116 4341 placaret,

1133 4346 1361 4421 Mahometus
1375 4373 1455 4419 eum
1469 4349 1617 4419 interfici
1633 4350 1743 4422 iubet.

1235 4448 1288 4520 Ita
1302 4451 1455 4542 primum
1472 4451 1547 4539 ipse
1560 4450 1731 4520 scelernm
1744 4475 1873 4541 poenas
1889 4453 1998 4523 dedit.
2044 4448 2115 4520 Po-

1134 4564 1205 4621 stea
1220 4575 1299 4620 cum
1315 4546 1542 4622 Mahometus
1557 4552 1658 4641 parvi
1672 4546 1833 4622 haeredis
1850 4568 1997 4642 cognato
2014 4551 2115 4642 prin·
2145 4551 2148 4556 ’

1134 4653 1285 4740 cipatum
1310 4651 1531 4736 tradidisset,
1564 4649 1595 4719 is
1618 4653 1823 4738 mulierem,
1857 4677 1946 4745 quae
1971 4667 2115 4743 propter

1135 4752 1322 4822 libidinem
1335 4752 1449 4843 specie
1462 4751 1618 4840 coniugii
1632 4753 1866 4844 principatum
1882 4755 1924 4821 ad
1941 4752 2114 4825 Venatum

1133 4867 1323 4922 amatorem
1347 4853 1593 4938 transtulerat,
1618 4853 1789 4922 inclusam
1812 4857 1939 4922 carcesi
1962 4853 2115 4945 Megaris

1134 4953 1310 5024 interficit.
1364 4951 1414 5024 lta
1432 4969 1467 5025 et
1480 4953 1609 5024 mulier
1625 4954 1797 5023 divinitus
1812 4957 1935 5044 punita
1950 4970 2013 5030 est.

1234 5052 1366 5152 Haeret
1397 5069 1510 5125 matre
1536 5055 1698 5135 orbatus,
1732 5077 1811 5122 cum
1839 5056 1906 5123 sibi
1933 5081 2113 5150 quoquea

1133 5155 1278 5242 cognato
1308 5155 1397 5246 cripi
1428 5155 1667 5247 principatum
1692 5153 1844 5240 videret,
1874 5170 2012 5227 accusat
2033 5151 2113 5226 eum

1132 5256 1224 5342 apud
1238 5250 1484 5326 Mahometum
1499 5256 1543 5323 de
1559 5276 1645 5322 nece
1660 5255 1793 5325 matris.
1842 5253 1992 5325 Mandat
2007 5257 2114 5345 igitur

1132 5352 1376 5439 Mahometus,
1404 5355 1529 5427 videns
1543 5374 1619 5427 non
1635 5377 1707 5429 esse
1722 5357 1827 5426 mem
1842 5356 2114 5446 parricidiorum
