4604 5804
92 337 95 342 -
236 289 313 370 ns
477 277 937 400 sententiantes
959 277 1030 360 m
1055 278 1187 380 incr.
1209 273 1357 360 uuor.
1381 273 1450 358 ur
1474 275 1670 368 runos,
1694 271 2056 368 scurranum
2164 295 2228 370 ns

230 460 428 544 metuebat,
460 465 507 532 ne
536 455 661 532 ludaei
690 480 729 532 se
756 435 944 552 Aegyptiis
972 455 1220 548 adiungerent.
1271 451 1376 528 citate
1394 452 1435 527 in
1449 454 1557 535 rebus
1570 458 1735 550 ‘mandis
1748 459 1932 536 instruxit:
1957 475 2073 536 mea
2086 457 2228 537 boclam

229 569 284 640 lta
299 561 403 636 novis
425 561 584 636 consiliis
597 559 764 633 diabolus
785 555 973 653 impedivit
986 558 1141 632 reditum
1156 559 1220 632 iu-
1270 579 1313 647 ge
1327 555 1442 628 maius
1462 557 1599 632 bouum
1620 561 1708 645 init,
1733 565 1832 658 quod
1847 579 1971 657 pectus
1991 565 2064 638 eius
2082 569 2123 638 sd
2143 569 2229 659 agni·

77 755 78 758 Ἴ
194 671 418 748 .daeorum,
450 678 486 737 et
502 661 681 736 Ecclesiae
702 661 1009 738 instaurationem.
1057 658 1221 735 Fuerunt
1270 658 1405 732 tionem
1419 671 1456 732 et
1475 659 1737 736 invocationem
1752 665 1831 738 veri
1842 667 1912 739 Dei
1926 665 2119 741 etMessise
2136 669 2227 756 lieris,

119 790 124 798 ·
229 772 350 865 itaque
370 767 410 838 in
435 767 534 840 lucto
557 765 629 860 pii,
657 763 865 860 praesertim
894 776 1083 860 postquam
1102 760 1219 861 Cyrus
1269 759 1401 834 eteius
1423 760 1614 856 imperium
1642 765 1756 840 voluit
1782 791 1857 840 esse
1887 770 2038 842 salutare
2064 768 2227 844 Ecclesiae.

73 875 77 884 '
228 871 435 948 interiectus
448 882 514 942 est.
1269 859 1367 936 Haec
1385 876 1471 936 sunt
1488 887 1631 944 summa
1652 869 1746 940 bons
1768 871 2031 962 gubernatoris,
2054 873 2131 968 quia
2151 873 2227 966 poli-

338 969 545 1049 Hemdotus
575 967 718 1056 scribit,
757 965 940 1044 Persicum
974 965 1165 1040 exercitum
1196 989 1218 1038 a
1270 965 1342 1038 tiae
1355 964 1487 1038 debent
1501 990 1576 1038 esse
1590 965 1747 1063 hospitia
1761 967 1951 1061 Ecclesiae,
1967 987 2003 1047 ct
2016 974 2228 1046 ministerium

227 1073 437 1166 Massagetis
458 1071 596 1164 ingenti
616 1071 751 1165 praelio
773 1070 909 1146 victum
933 1092 1027 1157 esse,
1052 1081 1089 1142 et
1109 1066 1219 1142 simul
1268 1061 1457 1159 Evangelii
1469 1079 1506 1142 et
1517 1070 1744 1163 disciplinam
1757 1074 1869 1161 tueri,
1889 1075 1985 1148 iuxta
2003 1076 2146 1148 dictum:
2167 1073 2228 1148 lie·

226 1179 267 1250 in
287 1178 361 1252 acie
380 1173 516 1273 Cyrum
525 1217 532 1257 ρ
540 1175 763 1250 interiectu
787 1195 882 1260 esse,
906 1195 947 1243 ac
964 1185 1087 1265 postea
1113 1171 1219 1243 cada
1269 1191 1329 1260 ges
1361 1182 1467 1242 erunt
1497 1173 1692 1248 nutritores
1723 1175 1791 1249 sni.
1842 1172 1892 1251 Et
1928 1177 2086 1250 psalmus
2114 1177 2228 1270 inquit:
2279 1199 2280 1202 ¹

226 1279 305 1352 veri
325 1291 432 1376 caput
442 1276 644 1371 praecisum
661 1299 754 1368 esse,
784 1276 883 1371 quod
901 1271 1071 1370 Tomyris
1094 1271 1217 1365 regina
1269 1267 1416 1366 Aperite
1448 1285 1569 1366 portas
1597 1289 1632 1350 et
1651 1275 1838 1372 Principes
1860 1293 2013 1367 vestras,
2044 1275 2229 1374 ”tutamini
2279 1289 2280 1296 ,

226 1383 268 1452 in
289 1395 407 1456 utrem
429 1380 576 1474 plenum
601 1378 773 1472 sanguine
799 1375 970 1462 coniecit,
999 1375 1123 1450 addim
1149 1370 1217 1448 hoc
1269 1386 1392 1466 portae
1404 1375 1544 1451 mun&

226 1483 338 1556 verbo
354 1480 669 1556 cumcontumelis
685 1494 720 1553 et
733 1479 1006 1574 exprobratione
1024 1477 1219 1550 erudelita-
1369 1469 1715 1568 Optandnmautem
1727 1494 1814 1570 arat,
1837 1481 1943 1578 plura
1957 1485 2003 1554 de
2017 1479 2107 1579 Cyro
2120 1482 2156 1552 iu
2168 1476 2229 1552 nc-

226 1585 289 1658 tis:
309 1582 405 1676 Quia
418 1583 626 1676 sanguinem
639 1583 794 1664 sitiisset,
809 1576 1217 1670 ibihumanosanguine
1267 1574 1363 1648 niele
1380 1593 1518 1668 extare,
1539 1583 1602 1656 sed
1625 1583 1783 1675 legamus
1802 1599 1977 1680 quantum
1992 1583 2134 1658 tradidit
2151 1581 2230 1653 mti·
2279 1649 2280 1654 ,

227 1699 454 1760 saturaretur.
487 1681 606 1759 Antea
619 1685 717 1756 enim
730 1681 846 1780 Cyrno
861 1693 896 1756 et
912 1682 1103 1754 exercitum
1117 1680 1217 1754 Mas-
1267 1679 1404 1774 quites,
1426 1693 1464 1754 et
1483 1682 1634 1757 virtuter
1647 1683 1734 1782 Cyri
1754 1687 1945 1780 diligenter
1961 1687 2000 1758 in
2015 1679 2228 1777 Xenophonte

225 1803 425 1881 maclarum
450 1785 710 1876 trucidaverat,
748 1783 926 1860 etlilium
957 1783 1101 1877 regium
1134 1807 1217 1856 coe-
1267 1783 1558 1876 contemplemur.
1608 1785 1791 1884 Nusquam
1808 1789 1974 1861 irascitur
1992 1789 2030 1860 iu
2046 1801 2114 1862 tota
2136 1783 2228 1858 histo·

68 1929 70 1934 ·
211 1895 337 1985 perat.
1267 1882 1341 1970 ria,
1365 1907 1440 1956 non
1461 1899 1572 1960 cernt
1601 1889 1816 1973 ambitione,
1840 1891 1935 1963 cedit
1957 1889 2120 1987 Cyasari,
2141 1887 2186 1958 ait
2199 1905 2229 1954 se

327 1991 408 2068 Etsi
420 2002 540 2065 sutem
554 1989 674 2086 inquit
686 1987 914 2075 Herodotus,
938 1989 1128 2062 dissimiles
1141 2009 1216 2061 esse
1267 2007 1343 2056 non
1357 1985 1466 2060 affine
1483 1987 1650 2061 laetatum
1664 2013 1751 2080 esse,
1778 1987 2132 2089 ondsdqqatemlm
2144 1987 2230 2060 isme-

226 2117 407 2175 sermones
421 2097 467 2167 de
482 2091 571 2190 Cyri
585 2105 718 2180 morte,
743 2107 862 2166 tamen
883 2091 1053 2186 utrinque
1069 2111 1216 2184 magnos
1266 2081 1472 2181 πταμένως.
1528 2085 1724 2184 Diligentia
1752 2105 1850 2164 tanta
1871 2095 1964 2182 fuit,
1995 2108 2125 2167 utnon
2145 2092 2229 2159 daret

227 2199 401 2272 exercitus
430 2196 626 2290 trucidatos
650 2217 725 2266 csse
751 2203 1029 2268 consentaneum
1055 2207 1119 2266 est.
1166 2187 1217 2268 Et
1266 2192 1434 2262 mndata
1452 2191 1609 2279 incastis,
1632 2206 1674 2266 ut
1690 2196 1871 2286 negligens
1887 2195 2132 2289 paterfamilias
2143 2188 2228 2263 dicit:

225 2301 305 2374 lieri
327 2311 459 2394 potest,
483 2311 525 2370 nt
538 2293 653 2393 Cyrus
666 2293 783 2368 Deum
802 2311 896 2374 recte
918 2293 1153 2382 invocaverit,
1180 2306 1216 2366 et
1265 2287 1333 2363 Eut
1349 2292 1480 2386 aliquis
1493 2297 1539 2366 ad
1556 2317 1684 2392 aquam
1699 2297 1898 2368 serendum:
1922 2295 2036 2390 Ligna
2052 2293 2227 2391 aliquisse·
2279 2285 2280 2352 Ῐ

224 2401 335 2476 luerit
356 2423 460 2472 verae
475 2395 654 2472 Ecclesiae
669 2399 893 2487 membrum,
919 2422 961 2471 ac
982 2393 1104 2470 haeres
1120 2395 1216 2471 vitae
1266 2406 1365 2482 mlo,
1386 2395 1447 2466 sed
1464 2396 1677 2468 nominatim
1693 2397 1799 2472 certis
1814 2401 1980 2472 mandata
1997 2399 2110 2480 dedit,
2131 2408 2159 2465 et
2171 2415 2227 2461 uo·
2279 2443 2280 2464 ι

225 2517 405 2589 aeternae,
430 2502 604 2573 didicerat
621 2500 719 2572 enim
739 2497 926 2572 sDaniele
940 2498 1061 2572 veram
1082 2498 1216 2572 doctri·
1266 2495 1363 2566 mina
1379 2496 1555 2573 meminit.
1604 2497 1710 2571 lussit
1727 2501 1957 2594 praeconium
1974 2502 2050 2572 fieri
2074 2500 2111 2569 in
2131 2493 2228 2576 bellis,

225 2629 330 2692 nam,
352 2618 470 2676 tamen
492 2615 535 2674 ut
549 2600 658 2674 iosias
679 2617 777 2676 moto
799 2627 875 2674 non
896 2599 1091 2674 necessario
1108 2600 1217 2686 bello,
1250 2609 1307 2672 ,ut
1331 2613 1535 2691 parceretur
1556 2601 1736 2690 agricolis,
1763 2615 1799 2674 et
1821 2627 1928 2696 quam
1950 2603 2134 2674 minimum
2156 2590 2228 2666 belli

225 2709 362 2782 cladem
371 2705 571 2798 cremarit,
595 2703 740 2776 etinter
759 2705 918 2796 esempls
940 2702 1142 2798 propositus
1152 2702 1214 2788 sit,
1266 2711 1372 2786 esset,
1412 2695 1662 2798 σμικρότατον
1685 2705 1755 2776 τοῦ
1777 2700 1941 2797 πολέμου
1972 2705 2098 2778 λιπεῖν.
2142 2697 2228 2770 lubet

225 2831 317 2904 quae
332 2821 492 2894 monent,
509 2829 584 2878 non
599 2805 716 2878 solum
730 2803 860 2901 impios
872 2819 907 2878 et
919 2804 1052 2877 iniusta
1065 2827 1215 2876 moven-
1265 2799 1315 2874 sic
1329 2801 1482 2891 vincere,
1506 2815 1547 2874 ut
1563 2822 1779 2896 possessores
1790 2819 1962 2880 maneant
1973 2807 2014 2878 in
2029 2805 2100 2878 suis
2112 2818 2227 2896 posset·

225 2926 290 2998 tes,
311 2907 423 2982 sileo
438 2908 563 2994 everti,
582 2921 623 2980 ut
637 2902 873 2996 Pharaonem,
894 2905 1053 2993 Saulem,
1075 2920 1110 2978 et
1125 2905 1215 2980 alios
1264 2901 1438 2976 sionibus.
1488 2901 1654 2997 Reprimi
1677 2908 1757 2981 vult
1777 2922 1934 2981 armatos
1957 2903 2094 2992 hostes,
2116 2917 2148 2976 et
2167 2919 2229 2972 set·

227 3011 527 3100 innumerabiles,
555 3011 619 3081 sed
639 3009 749 3080 etiam
774 3009 916 3093 electis,
949 3034 1029 3080 cum
1053 3007 1093 3086 iu
1114 3007 1217 3080 lasti·
1264 3007 1342 3080 vari
1357 3009 1530 3102 popnlnm
1546 3007 1643 3100 pacis
1659 3006 1837 3102 cupidam.

213 3113 327 3206 'pium
347 3123 543 3195 venerunt,
575 3113 784 3182 mccuevtos
811 3131 885 3188 esse
909 3111 1076 3180 adversos
1098 3130 1221 3206 nasus,

225 3213 434 3308 praesertim
452 3213 483 3282 si
504 3212 592 3282 liant
613 3209 808 3302 segniores,
832 3225 874 3283 ut
895 3210 1090 3312 multorum
1111 3233 1214 3301 praa-
1530 3245 1533 3254 =
1593 3229 1662 3302 uc
1685 3229 1925 3307 mmm·

226 3315 524 3389 stantissimorum
546 3307 733 3384 hominum
752 3335 817 3384 sua
831 3313 1003 3408 quaedam
1017 3326 1101 3384 sunt
1116 3335 1215 3384 erra*

226 3432 280 3510 ta,
300 3441 390 3513 qnae
406 3414 622 3489 comitantur
635 3438 781 3508 poenae,
806 3430 846 3490 ut
861 3411 1028 3502 Acconis,
1049 3411 1214 3488 Salomo-

224 3517 300 3605 nis,
332 3515 461 3601 Osiae,
492 3516 618 3589 losiae.
674 3511 724 3588 Et
746 3515 995 3589 universaliter
1018 3516 1095 3588 vult
1113 3517 1216 3588 Deus

224 3643 349 3694 omnes
367 3632 509 3694 sanctos
534 3641 723 3711 agnoscere
746 3618 986 3690 infirmitatem
1009 3612 1215 3704 humanam,

225 3736 259 3795 et
271 3724 538 3815 obtemperare,
565 3735 725 3793 sumant
749 3719 952 3814 puniuntur
973 3733 1118 3812 propter
1137 3743 1215 3790 cer-

140 3859 148 3876 *
224 3837 282 3895 tos
307 3823 445 3915 lapsus,
475 3835 517 3892 ut
546 3817 683 3908 David,
723 3820 914 3908 Salomon,
952 3817 1061 3892 Osiss
1087 3835 1121 3894 et
1150 3821 1214 3893 alii

224 3923 347 3996 multi:
381 3917 644 4016 succingunt
659 3922 809 3995 consilio
826 3923 901 3994 Dei
920 3935 1118 3996 onerantur
1132 3945 1216 3996 crn-
1264 3887 1486 3989 Bibl'lffl‘m
1509 3887 1658 3984 ‘ciffis
1683 3901 1719 3960 εἴ
1732 3909 1846 3982 mque
1865 3887 1911 3960 δᾶ
1935 3889 2091 3963 ‘dictum
2104 3883 2181 3982 Cili
2195 3883 2230 3952 ὼ

225 4049 266 4100 ce
281 4040 318 4099 et
333 4025 531 4112 aerumnis,
557 4027 649 4098 sicut
670 4023 840 4117 scriptum
860 4037 929 4096 est:
958 4021 1214 4100 Humiliamini
1264 3991 1487 4066 miifflfi‘lss‘
1507 3991 1649 4082 temlffis
1673 4012 1771 4061 ⁸⁰⁰⁰
1792 3987 1922 4062 mundi
1942 3985 2059 4066 3425·

225 4131 294 4202 sub
309 4127 448 4222 potensi
465 4150 575 4198 nanu
590 4126 670 4202 Det.
722 4123 829 4200 inm:
855 4121 1009 4220 Oportet
1029 4150 1098 4198 nos
1112 4127 1214 4199 simi.
1367 4107 1545 4184 Ursulum
1560 4107 1751 4201 sempecta
1766 4106 1857 4178 serie
1871 4120 2074 4201 tempomm
2088 4101 2230 4177 conside·

225 4231 277 4302 les
292 4228 369 4302 lieri
386 4228 551 4321 imaginis
564 4229 629 4298 lilii
643 4229 727 4306 Dei.
845 4245 853 4256 ·
1265 4212 1418 4284 randum
1432 4224 1504 4296 est,
1527 4231 1618 4304 quae
1632 4221 1666 4282 et
1682 4209 1746 4280 ubi
1759 4208 1868 4282 luerit
1881 4203 2058 4294 Ecclesia,
2081 4229 2165 4302 qnae
2179 4199 2230 4272 ha·

144 4309 150 4322 Ι
328 4330 457 4404 Narrat
491 4343 608 4404 antem
642 4323 867 4422 Xenophon,
908 4325 1043 4426 Cyrum
1078 4331 1215 4424 placide
1265 4313 1383 4388 buerit
1406 4311 1628 4400 testimonia,
1658 4309 1833 4405 pericula,
1867 4309 2113 4394 liberationes,
2136 4319 2230 4376 certa·

228 4444 411 4506 mortuum
425 4455 510 4520 esse,
535 4431 660 4504 eteius
676 4433 873 4504 orationem
889 4431 1022 4518 anius,
1046 4457 1117 4528 qua
1134 4447 1216 4506 ,nse
1265 4417 1381 4490 mina:
1421 4415 1470 4488 itu
1502 4436 1600 4490 nunc
1633 4425 1793 4506 tempore
1826 4409 2058 4484 monarchiae
2090 4407 2231 4482 Persicae

228 4549 382 4608 mortem
402 4535 495 4605 lilios
517 4529 683 4610 hortatur
696 4535 742 4604 ad
764 4533 941 4608 iusticiam
956 4548 991 4607 et
1005 4535 1051 4606 sd
1066 4558 1215 4606 contos.
1265 4522 1388 4592 eadem
1406 4515 1662 4589 consideranda
1677 4529 1772 4586 sunt.
1820 4508 1967 4584 Dictum
1983 4528 2033 4586 cst
2056 4527 2167 4584 antem
2181 4527 2231 4620 su:

134 4703 137 4708 .
227 4637 334 4712 diam.
383 4631 432 4708 Et
443 4637 544 4708 addit
557 4635 928 4708 commemorationem
942 4637 988 4707 de
1002 4635 1216 4708 immortali.
1266 4645 1348 4714 pra,
1373 4619 1485 4692 luisse
1503 4615 1698 4690 Ecclesiam
1717 4613 1823 4688 annis
1847 4611 1897 4686 70
1918 4615 1957 4684 in
1979 4615 2089 4688 csilio
2103 4627 2133 4686 et
2154 4607 2231 4723 tristi

227 4749 300 4810 tate
321 4738 481 4824 animae,
504 4740 603 4812 etde
623 4738 789 4828 praemiis
812 4751 846 4809 ct
870 4737 993 4831 poenis
1013 4740 1215 4832 sequuturis
1265 4723 1433 4795 servitute
1448 4719 1486 4789 3¹¹
1502 4715 1700 4800 Chaldaeo,
1724 4717 1763 4786 in
1780 4733 1849 4811 qua
1866 4728 1985 4790 umen
2001 4715 2097 4792 Deos
2111 4718 2232 4786 ornaut

228 4852 312 4932 post
332 4835 560 4916 hanovitnm.
609 4835 664 4911 Ac
683 4839 810 4910 indicii
830 4839 947 4910 divini
968 4853 1003 4913 ct
1022 4841 1162 4928 signum
1180 4853 1216 4912 es
1265 4847 1341 4898 eam
1359 4821 1558 4894 illustribus
1571 4819 1782 4894 testimoniis
1798 4829 1833 4889 et
1854 4815 1990 4908 ingenti
2005 4818 2133 4908 gloria,
2156 4811 2232 4883 libe·

1365 3359 1469 3436 Anni
1489 3387 1595 3457 supra
1618 3385 1661 3436 ex
1676 3359 1779 3436 Mose
1797 3375 1834 3438 ct
1853 3359 2016 3437 historiis
2038 3353 2230 3458 propheticis

1264 3467 1391 3538 ordine
1406 3465 1538 3559 sumpti
1553 3477 1647 3539 sunl.
2062 3536 2064 3546 ,

1366 3567 1464 3638 Anni
1484 3567 1531 3640 ab
1556 3565 1661 3638 initio
1683 3565 1812 3640 mnndi
1836 3589 1951 3664 usque
1975 3567 2021 3642 ad
2043 3557 2229 3640 destmctio·

1264 3693 1346 3741 nem
1364 3665 1600 3765 ierosolymae
1614 3662 1729 3743 3555.

83 4971 91 4982 ‘
228 4939 473 5012 testimonium
486 4942 735 5028 esseaiiirrnat,
756 4937 953 5013 horrendos
969 4965 1116 5034 pavor-cc
1129 4965 1218 5014 eon..
1265 4923 1404 5000 ratione
1424 4923 1585 4996 virorum
1608 4920 1738 5008 trium,
1771 4919 1833 5014 qui
1857 4919 1896 4990 iu
1919 4921 2081 4990 flammas
2099 4906 2230 4988 coniecti

230 5041 408 5128 mennae,
428 5043 490 5136 qui
505 5057 590 5116 suns
606 5044 762 5114 vinctim
778 5043 964 5131 scelerum,
984 5043 1121 5116 ,timi
1136 5045 1218 5138 qut.
1265 5029 1418 5114 lucrant,
1431 5041 1466 5100 et
1479 5024 1559 5096 aliis
1573 5020 1768 5118 miraculis.
1790 5016 1846 5096 Ac
1861 5042 1984 5092 recens
1996 5035 2081 5094 ante
2092 5018 2231 5094 edicrun

230 5137 387 5216 numam
401 5143 534 5214 indicia
549 5145 721 5236 effugerit.
1264 5127 1352 5228 Cyri
1369 5127 1499 5200 Daniel
1512 5130 1607 5197 inter
1626 5124 1749 5196 leones
1770 5135 1930 5195 servatus
1941 5136 2006 5196 cst.
2032 5201 2041 5208 ,

220 5322 223 5333 ,
332 5243 413 5336 Etsi
437 5259 555 5316 autem
575 5269 744 5336 magnum
768 5249 876 5320 decus
899 5259 970 5332 cst,
999 5247 1098 5340 qnod
1115 5245 1217 5319 Deus
1366 5241 1472 5316 Nunc
1486 5239 1675 5314 laetissima
1687 5238 1847 5314 reductio
1861 5238 1901 5310 in
1917 5237 2066 5332 patriam
2080 5233 2232 5332 seqnitur.

230 5342 364 5442 Cyrum
380 5347 424 5418 ad
439 5345 581 5436 imperii
596 5345 776 5437 fastigium
790 5349 941 5436 vocavit,
965 5361 1000 5420 et
1014 5347 1216 5441 prudentia,
1268 5345 1482 5440 Quanquam
1516 5356 1635 5416 autem
1656 5338 1890 5416 ‘accesserunt
1919 5339 2052 5411 multae
2078 5334 2232 5412 miseriae,

227 5447 387 5532 iusticia,
417 5445 629 5520 fortitudine
653 5461 689 5520 et
709 5450 790 5523 aliis
815 5449 1027 5538 virtutibus,
1051 5464 1088 5525 et
1108 5450 1212 5530 ioelie
1266 5465 1383 5522 tamen
1408 5442 1613 5520 monarchia
1639 5443 1778 5516 Persica
1806 5465 1918 5540 usquo
1946 5441 1992 5514 ad
2014 5437 2085 5512 hoe
2111 5451 2231 5527 tempus

1365 3781 1471 3860 Adde
1491 3785 1542 3866 70
1565 3785 1662 3858 exilii
1684 3782 1897 3881 Babyloniei
1917 3789 2092 3882 usquead
2113 3796 2229 3875 captam
2279 3767 2280 3770 '
