4702 5826
89 290 163 366 101
432 231 440 242 ’
564 281 728 374 nucu
758 283 837 362 un
868 285 1014 362 v1rs
1045 287 1120 364 nr
1159 289 1423 370 scmr'rrs
1462 296 1653 376 aaran.
2017 325 2130 411 aaa
2192 375 2195 384 λ

90 464 143 534 ita
157 479 284 530 rursus
298 456 456 529 defectus
468 455 596 528 caloris
608 457 791 530 influentis
807 433 1001 551 privativa,
1016 471 1085 530 ‘er-
1133 458 1200 532 No.
1219 459 1304 539 15⁶.
1949 517 1997 560 „L
2018 498 2110 562 1550·

90 576 216 636 tunm
231 561 330 632 calor
344 558 495 649 positiva
508 571 560 629 est
583 582 687 630 causa
712 559 953 654 corruptionis
972 560 1085 632 nativi
1140 557 1313 586 Μ
1946 585 2119 618 *ww

91 663 235 756 calorip.
287 656 423 754 Estque
440 659 666 733 Aristotelica
681 661 840 734 definitio
856 663 1024 748 causalis,
1049 676 1085 733 et
1181 661 1199 678 “
1282 665 1360 751 De
1390 670 1490 753 vita
1517 682 1565 756 et
1592 675 1777 788 3072·ng
1803 680 1958 773 Plinii

91 765 251 838 ostendit
273 755 485 858 ἀχώριστον
509 761 631 834 αἴτιον
650 763 859 834 mutationis
879 765 1084 834 deducentis
1202 819 1321 876 Praesta
1371 823 1414 878 ue
1433 824 1485 880 ,ἰὴ
1506 837 1532 883 a
1553 826 1607 885 m,
1627 830 1759 888 stultiut·
1956 750 1967 775 '
2048 851 2055 866 1
2098 852 2106 868 ι

88 868 243 939 mixtum
259 869 304 936 ad
320 865 516 938 interitum.
550 859 722 934 Galenica
733 865 892 935 formalis
911 879 972 939 est.
1011 866 1081 936 Sed
1158 870 1161 876 ’
1235 891 1300 946 tosa
1317 861 1395 948 re'iic
1412 913 1427 949 a
1446 895 1477 950 Ρ.
1496 849 1626 953 aseae?
1650 855 1773 958 viteab
1793 854 1834 961 bb.
1853 911 1878 967 a,
1901 911 1919 965 a
1943 864 1964 969 Ρ,
1992 951 2027 964 ,
2062 923 2086 976 R

89 993 141 1042 an
156 969 231 1041 sola
246 965 360 1038 nativi
373 966 502 1035 caloris
515 967 696 1056 corruptio
711 967 839 1038 efficiat
854 967 1082 1058 putrefactio·
1236 959 1341 1086 Ἢ
1352 963 1548 1087 ’θ’ξῶὓῗὶἱ
1563 965 1596 1023 Τ·
1609 967 1654 1027 W·
1681 989 1708 1039 Ρ·
1719 973 1774 1030 ³92
1783 994 1860 1050 sqq,
1887 933 2006 1050 Sciit
2024 987 2058 1046 Τ.
2071 943 2121 1050 til..

88 1095 193 1157 nem,
218 1067 411 1158 nonpauci
427 1067 605 1140 dubitant.
644 1065 833 1138 Cernimus
846 1068 940 1137 enim
956 1063 1098 1162 hyeme·
1233 1047 1279 1156 ⁹⁴,
1348 1040 1375 1084 ‘¹
1456 1049 1485 1086 ⁸⁸
1546 1034 1604 1092 ‘¹¹'
1622 1037 1709 1111 Μ’

87 1195 196 1267 poma
211 1169 331 1243 etalio
347 1169 385 1238 id
403 1169 542 1286 generis
557 1180 776 1288 putrescere,
802 1192 916 1262 neque
937 1182 1082 1288 externo
1132 1201 1193 1273 De
1221 1207 1301 1276 ,ipa
1324 1211 1362 1276 e,
1380 1209 1534 1298 30,pr
1554 1211 1592 1284 0,
1621 1216 1741 1289 pum-,-

88 1275 207 1348 obsita
224 1274 372 1355 calore„
385 1295 501 1365 neque
523 1269 740 1342 inflammata
764 1285 905 1342 interno
927 1295 969 1340 er
990 1266 1082 1340 hab-
1155 1309 1295 1378 afim-3
1317 1309 1396 1378 3⁰00
1412 1313 1577 1382 ,egum
1593 1335 1617 1384 a
1634 1319 1754 1390 Pau,

86 1390 193 1448 tuum
207 1371 418 1446 retentione.
471 1370 564 1443 Tota
585 1368 680 1441 enim
705 1375 855 1464 putredo
875 1373 936 1442 illa
952 1373 1080 1462 frigida
1761 1323 1961 1417 ‘’Ebm’
1987 1343 2120 1427 “mill''

1164 1417 1275 1480 cante
1296 1411 1583 1501 explicationem
1602 1421 1759 1492 secundi
1779 1424 1866 1497 ttlrt
1886 1431 2091 1511 Naturalis

89 1492 156 1552 est.
186 1474 311 1570 Neque
330 1473 480 1544 omnino
496 1473 592 1543 ullus
606 1487 720 1563 potest
736 1474 971 1544 demonstrari
984 1475 1083 1543 calor
1352 1515 1565 1605 Mon-ae,
1591 1513 1628 1590 g·
1649 1519 1754 1594 Peg„
1778 1524 1887 1602 155⁶·

86 1594 257 1651 externus
278 1576 437 1648 nativum
456 1597 696 1665 corrumpens.
749 1575 852 1646 Talia
875 1576 1006 1666 frigore
1026 1576 1080 1644 vi·

85 1683 221 1752 dentur
235 1691 436 1771 putrescere
460 1701 535 1747 non
555 1676 669 1759 sicco,
694 1678 754 1746 sed
779 1672 927 1748 humido
948 1676 1079 1746 sensim
1130 1659 1201 1742 Pie
1217 1688 1338 1745 monet
1353 1671 1511 1748 Graecus
1528 1682 1703 1753 senarius:
1731 1683 1850 1784 ἀρχὴν
1862 1687 2042 1770 ἁπάντων
2054 1697 2119 1774 καὶ

85 1793 316 1868 attenuante,
342 1801 460 1848 accen
484 1777 744 1868 strangulante,
769 1781 911 1848 tandem
934 1797 1080 1869 prorsus
1129 1770 1231 1853 τέλος
1258 1771 1352 1847 ποίει
1381 1775 1487 1853 θεὸν.
1548 1782 1604 1854 Sit
1635 1788 1815 1860 actionum
1839 1794 2055 1888 principium
2081 1816 2117 1873 et

85 1885 287 1955 suffocante
304 1895 339 1953 et
354 1880 507 1950 elidente
524 1879 685 1950 nativum
700 1881 865 1968 calorem,
882 1879 946 1972 qui
958 1880 1080 1948 abiens
1130 1876 1211 1944 finis
1231 1874 1339 1952 Deus.

88 2001 125 2056 et
140 1977 310 2056 exhalans
332 2005 403 2053 una
425 2003 544 2051 secum
571 1983 716 2051 aiireum
738 1982 857 2051 educit
880 1975 1079 2066 humidum,
1233 1975 1281 2048 Ut
1296 1979 1461 2054 videlicet
1474 1994 1510 2051 et
1525 1984 1746 2075 auspicantes
1765 1991 1900 2086 aliquid
1920 2001 2022 2085 novi,
2047 2027 2114 2073 au·

84 2087 213 2164 nlicto
228 2097 364 2165 terreo,
389 2081 482 2150 sicco
497 2103 577 2150 cum
592 2103 706 2172 aquen
730 2076 880 2151 humido
903 2082 979 2153 sine
1003 2081 1078 2170 lege
1129 2077 1253 2147 silium
1268 2081 1339 2150 Dei
1354 2084 1596 2172 imploremus,
1624 2101 1657 2158 et
1670 2091 1824 2162 actiones
1838 2111 1975 2170 nostras
1991 2125 2114 2176 omnes

83 2202 220 2259 temere
236 2185 395 2256 confuso.
445 2180 552 2252 Neca
571 2181 684 2250 causis
699 2182 1079 2273 putrefactionisfrigi-
1128 2178 1323 2268 dirigamus
1343 2184 1386 2252 ad
1408 2184 1698 2271 glorificationem
1714 2189 1799 2278 Dei,
1823 2210 1856 2268 et
1877 2202 1922 2268 ad
1942 2203 2114 2276 obedien.

83 2291 176 2360 ditas
193 2283 343 2358 humida
358 2283 490 2353 sensim
510 2282 672 2353 nativum
692 2282 845 2353 calorem
869 2284 1076 2374 extinguens
1128 2279 1231 2365 tiam,
1258 2306 1363 2374 quam
1382 2284 1456 2375 ipse
1471 2288 1631 2378 requirit.
1926 2307 1928 2310 ·

82 2392 231 2461 videtur
253 2385 491 2464 excludenda,
529 2383 593 2454 etsi
614 2383 661 2454 ab
684 2385 802 2456 alieno
827 2386 943 2455 calore
966 2385 1078 2456 cietur
1228 2380 1318 2452 Cum
1343 2385 1453 2474 igitur
1473 2387 1537 2458 diu
1551 2384 1778 2463 Scholasticis
1796 2401 1913 2489 operis
1940 2427 2013 2475 non
2036 2407 2112 2480 sine

82 2489 383 2586 frequentissime.
448 2483 516 2554 His
546 2485 594 2555 ita
625 2485 825 2556 constitutis
849 2487 1076 2558 manifestum
1128 2483 1252 2552 dolore
1276 2485 1470 2572 abfuerim,
1512 2501 1546 2558 et
1573 2514 1670 2562 nunc
1698 2495 1867 2570 nonnihil
1892 2526 1912 2571 a
1937 2509 2112 2580 mandatis

85 2609 140 2664 est
166 2584 346 2684 ἐκπύησιν
365 2587 659 2680 putrefactionem
682 2610 757 2656 non
782 2610 866 2660 esse.
920 2586 961 2655 ln
977 2587 1076 2657 omni
1128 2583 1312 2655 laboribus
1336 2587 1488 2672 levatus,
1513 2589 1666 2662 libenter
1679 2597 1724 2663 ad
1740 2600 1965 2691 praelegendi
1980 2631 2111 2682 munus

83 2697 181 2766 enim
198 2689 456 2786 putrefactione
473 2701 522 2758 est
537 2688 634 2758 calor
656 2688 794 2758 alienus
815 2701 888 2758 tota
912 2691 1076 2760 substan·
1128 2687 1287 2766 redeam,
1320 2689 1573 2858 aequissimum
1596 2708 1666 2778 est,
1694 2720 1761 2766 nos
1782 2723 1883 2772 orare
1899 2701 2035 2793 Deum,
2068 2727 2110 2785 ut

83 2799 135 2869 tia
164 2819 228 2864 scu
255 2795 391 2882 igneus.
451 2787 494 2857 ln
522 2789 622 2880 puris
651 2788 870 2857 confectione
901 2802 953 2859 est
981 2790 1077 2858 calor
1128 2780 1196 2855 boc
1218 2787 1358 2858 institut
1386 2814 1420 2857 m
1444 2805 1605 2862 nostrum
1627 2793 1701 2884 ipse
1714 2798 1890 2884 fortunet,
1918 2822 1951 2876 et
1966 2811 2109 2885 adiuvet

80 2900 225 2970 alienus
250 2895 326 2963 sola
355 2890 545 2985 qualitate,
584 2911 659 2958 non
688 2902 740 2960 est
770 2903 937 2979 corrupta
961 2888 1074 2958 nativi
1128 2911 1212 2970 nos,
1236 2903 1276 2958 ut
1292 2884 1350 2958 hic
1367 2892 1520 2960 docendi
1540 2907 1576 2962 et
1591 2894 1750 2968 discendi
1771 2900 1874 2975 labor
1890 2907 1935 2978 sit
1950 2909 2057 2983 foelix
2075 2929 2110 2986 et

80 2998 215 3072 caloris
228 2993 439 3076 substantia,
460 2993 521 3060 scd
539 3003 639 3061 aucta
656 2990 824 3079 gradibus
837 2991 974 3084 aliquot
990 2989 1075 3059 cali·
1127 2988 1226 3057 utilis
1252 2990 1378 3074 nobis,
1411 3003 1445 3059 et
1468 2987 1662 3080 Ecclesiae,
1693 2999 1749 3067 cui
1770 3007 1956 3097 praecipue
1976 3016 2109 3086 servire
2176 3077 2179 3082 .

79 3107 149 3173 dae
165 3097 368 3194 qualitatis,
390 3117 452 3163 seu
467 3105 578 3177 aucta,
605 3093 764 3180 utvulgu
781 3092 990 3184 loquuntur,
1017 3091 1075 3160 in·
1126 3088 1242 3158 studia
1260 3103 1381 3160 nostra
1403 3092 1550 3163 debent:
1581 3101 1750 3170 concedat
1764 3103 1868 3174 etiam
1890 3111 1996 3182 nobis
2010 3127 2108 3186 tran·
2176 3150 2180 3168 =

80 3200 221 3276 tensive
246 3222 321 3268 non
347 3194 535 3268 extensive.
594 3192 636 3263 si
656 3191 751 3262 eniin
782 3192 911 3262 excidit
937 3217 957 3260 e
984 3192 1075 3261 vasis
1126 3189 1359 3282 quillitatem,
1385 3205 1425 3263 ut
1440 3193 1555 3263 colere
1571 3197 1630 3286 pia
1645 3201 1780 3288 studia,
1805 3219 2013 3284 etexercece
2028 3242 2109 3290 cum

79 3303 246 3393 sangnis,
274 3311 335 3370 aut
356 3297 447 3368 alius
471 3291 601 3364 humor
619 3307 758 3385 praeter
777 3308 960 3378 naturam,
992 3316 1073 3362 cum
1124 3292 1242 3361 fructu
1266 3293 1330 3362 diu
1351 3295 1537 3384 possimus.
1597 3295 1646 3368 Ut
1663 3302 1758 3371 enim
1781 3308 1942 3398 apiculae
1967 3321 2108 3391 evolare

78 3411 118 3477 in
133 3427 242 3476 nsum
258 3423 363 3472 suum
382 3421 403 3467 a
418 3397 578 3465 membro
595 3395 633 3462 in
645 3394 747 3487 'quod
764 3394 961 3478 decumbit,
987 3417 1071 3462 con·
1126 3405 1264 3482 pastum
1279 3406 1312 3460 et
1328 3396 1493 3483 colligere
1508 3397 1600 3466 roris
1620 3424 1781 3490 succum,
1807 3432 1847 3479 ac
1868 3412 1954 3484 inde
1974 3420 2109 3490 dulcis-

79 3508 174 3578 verti
193 3516 365 3595 nequeat,
387 3521 462 3568 non
486 3495 691 3566 destituitur
710 3509 827 3565 tamen
849 3517 993 3584 prorsus
1004 3503 1074 3563 're-
1112 3493 1253 3586 'simum
1270 3494 1385 3562 mellis
1399 3495 1572 3588 liquorem
1588 3500 1718 3591 stipare
1731 3529 1923 3600 nequeunt,
1947 3523 2107 3609 quandiu

78 3609 388 3701 giminenaturae.
429 3599 512 3668 ldeo
532 3618 606 3665 non
620 3596 738 3666 statim
753 3595 933 3686 putrescit.
969 3595 1074 3667 Tune
1125 3601 1385 3665 ae'rventorum
1409 3599 1573 3687 procellis
1589 3614 1623 3671 et
1648 3603 1822 3678 imbribus
1838 3618 2018 3700 turbatur,
2043 3628 2105 3694 sed

77 3727 200 3784 antem
216 3704 394 3798 putrescit,
412 3724 492 3769 cum
508 3710 542 3767 et
559 3697 721 3780 membri,
739 3709 773 3767 et
787 3692 949 3765 humoris
962 3697 1073 3786 ipsius
1126 3697 1164 3764 in
1184 3697 1330 3766 alveolis
1352 3697 1425 3766 suis
1449 3700 1634 3772 conclusae
1652 3721 1825 3779 moestum
1844 3717 1960 3787 ocium
1982 3740 2104 3811 agunt:

78 3814 181 3884 calor
213 3807 357 3878 nativus
387 3801 578 3879 influente,
611 3800 768 3876 desertus
801 3796 937 3883 deficit,
969 3811 1009 3868 ut
1034 3798 1073 3866 in
1124 3798 1174 3868 ita
1196 3798 1226 3866 si
1258 3798 1431 3868 tumultus
1454 3813 1488 3871 et
1509 3801 1603 3872 bella
1622 3807 1787 3896 existant,
1828 3819 1943 3890 studia
1967 3824 2106 3902 discen-

78 3907 312 4005 gangraenis,
353 3900 606 3998 phagedaenis,
633 3896 868 3991 -herpetibus,
900 3899 1017 3968 nomis
1038 3913 1073 3969 et
1124 3900 1213 3968 tium
1228 3898 1394 3990 impediri
1415 3923 1554 3973 necesse
1575 3920 1636 3979 est.
1688 3907 1832 3984 Auditis
1849 3933 1965 3992 autem
1986 3932 2105 4020 quoti.

78 4013 222 4086 cancris
237 4019 394 4101 apparet.
445 4003 528 4073 Non
545 4003 712 4093 putrescit
728 4003 758 4071 si
775 4001 993 4098 substantiae
1014 4025 1072 4070 ca·
1124 4000 1183 4070 die
1214 4000 1291 4091 pias
1320 4005 1675 4078 commonefactiones
1705 4009 1993 4112 Praeceptorum‚
2041 4033 2105 4124 qui

78 4116 170 4186 loris
188 4111 301 4182 nativi
316 4103 412 4178 nibil
427 4107 592 4188 decedat,
616 4103 681 4174 etsi
696 4104 847 4197 qualitas
863 4103 1071 4184 intenditur,
1125 4101 1238 4172 multo
1257 4102 1327 4172 iam
1341 4127 1459 4172 rerum
1476 4129 1541 4176 usu
1557 4111 1693 4191 edocti,
1718 4113 1859 4205 longius
1872 4129 2103 4218 prospiciunt,

77 4219 176 4291 utin
193 4212 292 4306 puris
305 4209 551 4301 generatione,
576 4206 614 4274 in
631 4228 699 4298 qua
712 4205 808 4275 calor
822 4204 952 4296 partim
968 4219 1073 4275 natu·
1124 4218 1213 4274 etex
1231 4204 1353 4275 multis
1367 4207 1578 4277 coniecturis
1595 4234 1668 4278 non
1689 4213 1895 4292 fallentibus
1913 4233 2104 4306 ostendunt

76 4319 167 4391 ralis
185 4330 237 4385 est
252 4336 324 4407 quo
343 4313 386 4382 ad
407 4306 661 4388 substantiam,
686 4307 814 4397 partim
840 4307 977 4375 alienus
1001 4331 1072 4398 quo
1124 4331 1160 4376 se
1182 4320 1338 4376 metuere
1360 4330 1506 4396 magnos
1529 4308 1777 4387 in·Germania
1798 4337 1931 4412 motus,
1958 4354 2047 4422 quos
2063 4351 2102 4406 ut

78 4423 124 4492 ad
142 4430 266 4489 auctus
290 4415 420 4503 gradem
441 4408 633 4503 qualitatis.
684 4405 822 4479 Idcirco
845 4407 944 4498 puris
966 4429 1071 4496 gene·
1123 4421 1258 4478 avertat
1272 4403 1388 4493 Deus,
1408 4423 1469 4482 aut
1493 4411 1615 4481 saltem
1638 4415 1677 4483 in
1697 4417 1770 4488 illis
1785 4417 1976 4498 Ecclesiam
1997 4448 2031 4504 et
2046 4438 2102 4504 di-

7 4531 12 4540 ’
77 4523 173 4592 ratio
188 4516 352 4588 alteratio
367 4527 418 4583 est
435 4507 596 4580 humoris
607 4507 708 4578 effusi
722 4533 763 4578 ex
779 4508 868 4578 vasis
883 4508 1072 4578 coniuncta
1123 4508 1295 4580 scentium
1311 4522 1431 4579 coetus
1445 4525 1601 4599 tueatur,
1625 4517 1764 4590 assidue
1780 4528 1932 4599 orabunt
1948 4531 1992 4616 ii,
2020 4537 2101 4627 qui.

78 4647 164 4695 cum
182 4621 343 4713 quadam.
359 4613 530 4685 coctione.
581 4608 715 4702 Estque
732 4633 774 4682 ex
787 4625 939 4704 utroque
954 4610 1071 4679 calore
1121 4612 1189 4680 bus
1210 4623 1244 4679 et
1268 4633 1329 4680 sua
1354 4624 1390 4681 et
1409 4607 1589 4685 Ecclesiae
1612 4618 1706 4689 salus
1727 4644 1767 4692 ac
1788 4624 2012 4704 incolumitas
2039 4661 2101 4708 cu.

76 4721 237 4796 naturali
268 4733 302 4789 et
331 4718 449 4786 alieno
481 4714 610 4783 mixtus
637 4712 738 4786 calor
765 4711 1070 4785 inflammationis.
1121 4736 1181 4784 rae
1197 4725 1259 4785 est.

75 4826 361 4911 Coniunguntur
400 4830 516 4887 autem
544 4814 766 4884 confectioni
796 4814 897 4906 puris
929 4815 1070 4883 dolores
1223 4811 1319 4883 Haec
1345 4813 1450 4886 initio
1470 4815 1624 4890 breviter
1641 4825 1792 4913 praefari
1815 4828 1931 4919 volui,
1966 4855 2005 4912 ur
2031 4866 2098 4914 ηρ.

76 4928 227 5022 quidem
248 4930 388 4992 extenta
413 4918 573 4990 simulet
593 4915 778 4999 calefacta,
812 4940 904 5008 quae
927 4916 1069 4986 inflam·
1120 4938 1242 4986 omnes
1259 4915 1372 4985 nostri
1388 4917 1496 4988 officii
1512 4925 1854 5004 commonefacerem.

76 5043 201 5100 matur
222 5037 334 5115 parte.
392 5019 525 5090 Febres
544 5019 650 5088 corde
672 5018 849 5089 calefacto.
905 5015 1004 5089 Haec
1024 5019 1068 5102 de
1222 5016 1341 5088 Iussus
1365 5041 1444 5089 sum
1467 5034 1585 5092 autem
1610 5047 1650 5092 cr
1671 5025 1815 5116 triginta
1839 5049 1970 5125 septem
1997 5043 2099 5114 libris

78 5126 255 5216 sententia
278 5120 386 5196 huius
403 5116 630 5214 Apborismi,
655 5134 696 5191 ut
712 5115 852 5189 scholae
874 5118 1010 5209 legibus
1033 5135 1069 5192 et
1119 5116 1231 5188 Plinii
1269 5123 1463 5192 secundum
1494 5123 1686 5215 explicare,
1727 5153 1850 5222 quem,
1891 5142 1956 5209 etsi
1984 5144 2098 5213 sciunt

77 5228 267 5304 autoritati
286 5238 551 5318 praeceptorum
572 5242 749 5311 parerem,
775 5223 945 5310 disserere
960 5221 1069 5302 volui,
1121 5218 1368 5313 Praeceptores
1407 5225 1520 5292 nostri
1552 5225 1691 5298 erudito
1726 5242 1978 5311 commentario
2011 5246 2098 5314 adeo

79 5354 173 5427 quae
191 5343 234 5402 ut
260 5328 411 5399 candide
433 5325 711 5413 interpretentur
732 5324 932 5410 auditores,
969 5347 1070 5394 reve·
1120 5322 1334 5394 illustratum
1357 5345 1448 5406 esse,
1485 5336 1526 5393 ut
1556 5325 1757 5422 interpretis
1783 5361 1924 5428 operam
1946 5365 2019 5411 non
2042 5369 2100 5414 re-

78 5449 204 5507 ,enm
224 5455 300 5502 010,
350 5425 453 5502 Dixi„
920 5485 926 5493 .
996 5471 999 5478 ·
1120 5425 1260 5518 quirat,
1285 5439 1402 5495 tamen
1427 5423 1653 5604 quiaiqqlunt
1674 5445 1710 5505 ct
1726 5433 1838 5508 Plinii
1854 5438 2036 5530 libellum,
2065 5461 2100 5520 et

1489 5771 1584 5800 Α
1956 5743 2094 5800 Δ
