4706 5818
395 403 439 450 'im

47 473 160 544 casea
195 463 299 538 Multi
327 469 535 560 prqqipuae
566 461 765 534 nobilitatis
790 458 927 532 Romae
961 480 1046 549 pro·
1094 453 1238 532 mastica
1261 455 1412 526 fratrum
1435 454 1611 530 discordia
1634 460 1777 533 attraxit
1799 461 1959 554 ingentes
1982 465 2078 537 cala-

46 601 90 648 ma
117 551 536 653 lntietinterfes'18unt.
588 561 694 636 Tune
715 549 969 634 etMCicero
987 559 1047 630 in·
1095 553 1250 639 mitates,
1275 577 1362 648 quas
1377 568 1496 626 tamen
1511 555 1608 630 Deus
1629 562 1823 654 mitigavit,
1848 588 1894 634 ue
1913 565 2078 638 funditus
2170 569 2178 580 “

46 681 207 752 ,wius
228 689 357 736 annum
380 644 630 760 ·f².³{³.gesimum
653 677 820 757 quartum
849 683 970 733 mense
991 657 1046 730 la-
1095 649 1253 726 Ecclesia
1278 655 1465 730 deleretur.
1525 658 1685 732 Primum
1706 677 1825 735 autem
1847 668 1893 736 dc
1915 662 2076 739 Ecclesia

46 769 201 858 „suffio
216 739 498 852 interfectriie‘est,
523 767 624 836 euius
639 777 743 857 capul
759 789 840 836 cum
861 764 983 834 dextra
1008 761 1047 830 iu
1095 755 1134 826 in
1158 779 1198 827 ea
1221 757 1302 826 sede
1322 751 1408 828 haec
1428 761 1707 836 considerentur.
1756 765 1958 838 Sacerdotis
1976 781 2077 840 tene.

46 869 357 962 ng,‚s,.,·,«s'sposilum
372 882 433 941 est.
1096 857 1181 928 bant
1204 854 1366 930 hemines
1388 857 1576 952 prophani.
1633 864 1824 936 Doctrinae
1847 890 1955 956 genus
1978 871 2076 962 quod

46 969 279 1066 ‚„„‘„‚.«Anrro
300 967 610 1060 septingentesimo
630 966 843 1038 duodecimo
866 962 1049 1037 Antonino
1095 959 1263 1030 latissime
1279 960 1471 1051 vagabatur
1494 963 1532 1032 in
1557 966 1707 1057 populo,
1733 981 1806 1039 erat
1827 965 2076 1060 pharisaicum.

45 1125 91 1172 ,ως
103 1099 159 1165 ,gg
168 1069 287 1146 alavius
303 1069 430 1142 Caesar
444 1068 597 1140 Brutum
622 1081 657 1138 et
669 1065 831 1140 Cassium
851 1069 946 1138 bello
967 1089 1048 1158 per·
1096 1059 1168 1130 Nec
1190 1074 1307 1131 lamen
1329 1063 1453 1152 exigua
1478 1064 1670 1138 multitudo
1693 1068 1925 1160 amplexaret
1954 1071 2077 1162 epicu-

45 1163 314 1276 'ffligmtt-utisuul.
366 1169 507 1243 Cassius
524 1170 593 1240 sibi
609 1171 682 1261 ipse
698 1168 1048 1240 mortemconscivit.
1096 1161 1619 1238 reosfuroresZadduceorum.
1671 1166 1726 1238 Ila
1750 1170 1789 1238 in
1811 1172 2076 1260 magnamulti-

59 1305 132 1382 0335,
145 1299 203 1366 „us
217 1288 330 1366 postea
344 1297 486 1366 quoque
501 1295 538 1343 se
555 1270 738 1342 interficis
755 1269 921 1341 Stratone
936 1269 1049 1357 iussit,
1096 1263 1220 1333 tudine
1248 1264 1399 1336 extincta
1424 1265 1493 1335 fuit
1517 1291 1598 1338 vera
1620 1269 1798 1342 invocatio
1817 1268 1904 1364 Dei,
1945 1273 2077 1364 parlim

47 1416 77 1486 ἦ,
97 1376 343 1480 imma-aliquanto
361 1389 442 1444 ante
458 1375 637 1445 recitasset
653 1367 750 1442 hunc
766 1395 923 1443 versum:
1095 1365 1343 1456 superstitione
1357 1361 1646 1456 Pharisaeorum,
1665 1372 1795 1462 partim
1814 1373 1975 1465 epicurea
1991 1398 2078 1466 pro-

45 1523 106 1590 m
170 1471 236 1556 ἳμῆ
257 1474 358 1538 λάθοι
380 1495 416 1537 σε
438 1473 535 1537 τῶνδε
558 1466 594 1547 ὃς
615 1467 720 1545 αἴτιος
740 1471 855 1534 κακῶν.
1097 1460 1277 1555 phauitate
1304 1465 1584 1546 Zadduceotum.
1647 1470 1810 1544 Servavit
1837 1486 1955 1545 lamen
1980 1471 2078 1547 Deus

45 1551 110 1692 ¹uq5
125 1615 164 1683 in„
185 1601 286 1649 versu
308 1577 403 1648 mala
425 1576 710 1669 imprecatus'eet
730 1572 849 1646 autori
872 1583 1049 1646 tantamm
1097 1566 1172 1657 pias
1194 1568 1380 1663 reliquias,
1404 1568 1628 1657 Simeonem,
1652 1569 1881 1660 Zachariam,
1914 1591 2076 1669 parentes

45 1681 316 1800 hmpiitatum,
1097 1667 1252 1749 Mariae,
1281 1684 1316 1741 et
1341 1685 1479 1742 coetum
1502 1671 1675 1764 aliquem,
1707 1675 1771 1768 qui
1791 1670 1920 1746 horum
1943 1678 2077 1751 doctri-

63 1755 87 1796 ¹¹
176 1777 331 1852 Tandem
364 1793 399 1852 et
430 1779 524 1849 inter
555 1776 782 1850 Triumviros
813 1774 1050 1848 dissensiones
1096 1791 1179 1838 uam
1198 1768 1253 1860 pie
1268 1784 1302 1841 et
1319 1785 1521 1842 constanter
1534 1776 1714 1866 amplexus
1730 1789 1794 1866 est,
1822 1790 1856 1846 et
1869 1777 2076 1850 vereDeum

194 1896 291 1963 sunt,
323 1895 365 1954 ut
384 1882 534 1952 dicitur:
566 1877 674 1950 Nulla
698 1879 784 1950 fides
806 1879 908 1968 regni
934 1876 1051 1960 sociis,
1096 1894 1175 1940 cum
1192 1870 1277 1962 ipsis
1292 1873 1470 1945 invocavit
1485 1875 1524 1944 in
1538 1875 1718 1964 agnitione
1732 1891 1766 1948 et
1781 1879 1907 1950 fiducia
1923 1877 1990 1949 filii
1998 1879 2079 1967 Dei,

44 1857 81 1904 ue
96 1839 120 1896 el
134 1837 174 1914 β

44 1937 255 2116 fflffisque
270 1996 422 2074 potestas
439 1980 626 2074 impatiens
640 1979 814 2053 consortis
827 1980 907 2053 erit.
939 1975 1050 2049 Cum·
1096 1986 1131 2045 et
1145 1974 1190 2043 ab
1204 1973 1384 2044 erroribus
1391 1969 1665 2048 Pharisaeorum
1682 1977 1995 2064 etZadduceorum
2012 1982 2079 2052 ab·

83 2144 89 2159 ,
157 2086 334 2192 paeonius
355 2106 502 2176 sperans
524 2106 559 2152 se
581 2083 694 2153 solum
718 2081 915 2174 potiturum
936 2079 1051 2172 impe-
1096 2068 1254 2159 horruit,
1288 2089 1323 2146 et
1344 2098 1422 2162 eos,
1452 2077 1591 2169 quoties
1612 2079 1680 2149 fuit
1702 2080 1858 2167 occasio,
1898 2082 2077 2158 refutavit.

44 2155 113 2262 ω’
127 2145 161 2202 ‘¹⁵¹
179 2207 215 2258 ex
230 2187 390 2281 Aegypto
414 2205 581 2274 magnum
606 2185 797 2255 exercitum
813 2181 966 2256 Romam
987 2183 1051 2251 ad·
1097 2172 1165 2244 Hic
1181 2175 1261 2265 pius
1278 2189 1396 2248 coetus
1414 2177 1453 2246 iu
1469 2181 1732 2271 quanlisfuerit
1751 2182 1938 2273 periculis,
1969 2183 2077 2254 inlel-

43 2247 158 2326 issfflfflffl‘
182 2300 214 2358 eq
256 2284 565 2359 Ocqavjuscaegap
581 2307 660 2355 cum
677 2285 830 2355 OEXGECAUI
847 2285 886 2354 in
897 2279 1049 2374 Epirum
1096 2275 1159 2364 ligi
1182 2290 1297 2366 Ρῦίθὸῑ
1324 2302 1365 2346 ΒΧ
1396 2293 1510 2350 morie
1532 2276 1725 2353 zachariae
1755 2283 1865 2376 phiris
1885 2281 2079 2376 Baptistae·

43 2343 232 2503 εὸῑᾶᾝῑῑῑ
250 2389 464 2461 „bpvgcmm
482 2388 691 2474 effugatum
707 2382 1050 2477 Antoniumsequu.
1096 2373 1211 2447 Credo
1245 2379 1340 2447 enim
1370 2381 1555 2461 vetustati,
1603 2405 1692 2476 quae
1717 2398 1838 2455 narrat
1867 2381 2078 2456 Zachariam

43 2467 158 2595 fi
169 2502 198 2576 „t
213 2488 476 2562 Alexandriam.
527 2485 680 2557 Ibiante
698 2489 890 2558 adveutum
906 2484 1050 2556 Octavii
1098 2492 1240 2570 propter
1257 2479 1350 2571 piam
1368 2481 1622 2552 confessionem
1641 2485 1862 2556 interiectum
1880 2509 1964 2557 esse.
2004 2483 2078 2558 Ac-

54 2575 228 2662 .r..·‘2i'“”‘,;,
243 2589 495 2663 domunculam
515 2600 715 2659 extruxerat
738 2588 868 2680 inqua
889 2587 987 2657 velut
1010 2586 1049 2653 in
1097 2581 1268 2650 cedebant
1285 2593 1401 2650 autem
1417 2582 1508 2652 aliae
1526 2605 1672 2674 magnae
1696 2587 1911 2658 calamitates
1933 2601 2079 2680 propter

43 2679 147 2736 eota
168 2717 207 2783 2:¹¹
225 2694 365 2766 dicebat
386 2714 424 2761 ge
445 2689 609 2759 Timonis
631 2681 909 2784 μισανθρώπου
941 2688 1049 2757 vitam
1097 2681 1244 2752 adsidua
1259 2681 1370 2767 helle,
1404 2686 1516 2754 donec
1543 2681 1707 2754 iudaeam
1723 2685 1904 2778 Augustus
1929 2687 1967 2756 in
1990 2712 2076 2779 pro-

44 2776 231 2872 miedlffiqm
253 2818 337 2866 ωε,
406 2790 530 2863 possea
559 2790 604 2858 ab
629 2787 781 2860 octavio
804 2789 1050 2858 circumsessus
1097 2781 1233 2852 vinciae
1257 2773 1409 2854 formum
1433 2786 1576 2874 redegit.
1635 2785 1827 2880 Postquam
1853 2789 1948 2858 enim
1968 2785 2078 2860 Pom·
2173 2851 2175 2856 .

52 2873 352 2988 ··i÷·t·l³³³iliqoosies
373 2891 585 2963 infoeliciter
607 2891 823 2978 dimicasset,
851 2903 886 2960 et
907 2889 941 2958 ei
959 2890 1050 2960 falso
1095 2883 1197 2973 peius
1218 2897 1317 2974 capla
1338 2882 1548 2980 ierosolyma
1579 2911 1676 2958 anno
1705 2888 1968 2983 quintodecimo
1995 2905 2078 2963 ante

42 3027 71 3072 :tt
86 2977 275 3082 *witlam
291 3009 390 3080 esses,
408 2990 631 3083 Cleopatram
646 2991 715 3063 sibi
731 2992 940 3062 conscivisse
954 3014 1050 3060 mor.
1083 2984 1231 3054 'bellum
1254 2985 1359 3056 civile
1385 3001 1582 3077 suaceplllllt
1614 2991 1781 3060 adversus
1806 2989 1956 3076 lullum,
1989 2990 2078 3062 Hit·
2207 2989 2210 2998 Ἰ

42 3087 175 3188 nesii?
187 3096 258 3186 ipse
279 3122 353 3168 sese
373 3095 569 3178 interiecit,
594 3115 689 3162 auno
708 3094 829 3164 aetatis
844 3116 929 3163 suae
942 3093 1051 3187 quin·
1096 3110 1185 3156 cauo
1199 3109 1378 3158 summum
1391 3089 1625 3160 sacerdotium
1641 3091 1812 3177 restituit,
1838 3103 1872 3162 et
1885 3086 2078 3164 Aristobu-

66 3187 273 3275 „antistans
302 3211 418 3281 sexto,
461 3217 556 3265 anno
585 3187 710 3265 autem'
731 3195 943 3266 duodecimo
972 3206 1052 3285 post
1096 3189 1171 3258 lum
1188 3213 1267 3259 cum
1285 3191 1425 3260 duobus
1440 3191 1522 3259 filiis
1538 3185 1742 3262 Alexandro
1756 3204 1792 3264 et
1806 3189 2077 3284 AntigouoRo-

52 3281 320 3386 ;,l.r,tfi‘¹*emiulii
339 3295 510 3371 Caesaris,
560 3293 700 3366 Deinde
723 3294 959 3383 otcleopatra
982 3293 1051 3365 eibi
1097 3313 1190 3358 mam
1213 3289 1379 3370 abduxit,
1413 3314 1533 3361 sursus
1553 3292 1645 3362 bella
1669 3294 1708 3362 in
1730 3295 1859 3365 ludaea
1878 3309 1974 3366 mola
1995 3310 2078 3367 sunt

63 3385 209 3484 ..alutias
223 3401 398 3483 admovit,
420 3419 508 3490 quae
523 3419 599 3466 earu
614 3407 797 3466 necarunt.
847 3393 945 3465 Haec
960 3396 1050 3465 iacta
1096 3413 1190 3458 auno
1212 3403 1290 3480 post
1312 3391 1380 3462 iter
1401 3389 1561 3482 Pompeii
1583 3393 1756 3484 septimo,
1788 3396 1834 3464 ab
1855 3391 2079 3481 Aristobulo,

94 3505 259 3575 erctmno
275 3502 374 3572 urbis
386 3497 695 3589 septingentesimo
707 3497 1050 3570 vicesimosecundo.
1096 3490 1160 3584 qui
1192 3512 1234 3559 es
1267 3491 1356 3562 urbe
1387 3486 1504 3563 Roma
1539 3492 1629 3562 clam
1663 3493 1800 3584 fugiens
1833 3495 1873 3566 in
1910 3493 2078 3568 iudaeam

99 3593 194 3692 gsiut,
223 3605 318 3674 solus
347 3599 474 3675 tenuit.
491 3597 679 3692 imperium
706 3593 880 3670 Octavius
909 3595 1051 3684 Caesar,
1096 3591 1213 3664 rediit.

42 3705 44 3714 ⁴
90 3703 292 3790 ,offensem
308 3701 435 3776 tribuit
450 3722 581 3771 nornen
593 3694 765 3793 Augusti.
1199 3690 1359 3786 Cumque
1381 3687 1583 3764 Alexander
1600 3693 1747 3768 biennio
1771 3697 1810 3768 in
1832 3694 1960 3770 Iudaea
1980 3720 2077 3788 gras-

56 3877 59 3884 ,
84 3801 168 3886 ,ald
1097 3807 1193 3865 satus
1209 3808 1313 3878 esset,
1338 3795 1500 3886 pervenit
1514 3794 1551 3864 in
1566 3795 1757 3868 amicitiam
1766 3795 1897 3885 Crassi,
1922 3800 1980 3870 cui
1996 3801 2077 3886 luit,

60 3886 168 4004 ’,μυί
221 3937 288 4008 De
312 3929 501 4008 Iudaea
524 3937 570 4004 eq
591 3928 647 4002 de
673 3930 898 4003 gemm
1098 3895 1263 3967 incitator
1286 3907 1324 3964 ut
1349 3892 1599 3989 lerosolymam
1623 3897 1886 3988 ingrederetur,
1910 3902 1974 3972 ubi
1999 3925 2077 3973 tna-

69 4001 170 4095 'fflm-
1097 4019 1203 4086 gnam
1219 3997 1404 4086 pecuniam
1419 3998 1556 4069 auferre
1573 4013 1699 4090 posset.
1752 4000 1870 4073 Facile
1889 4005 2079 4096 persuadet

78 4135 127 4198 ,qi
144 4094 260 4187 lcum
275 4104 314 4174 in
330 4097 481 4173 historia
496 4098 734 4172 consideratio
749 4093 928 4170 Ecclesiae
947 4119 1051 4188 prae-
1097 4097 1302 4168 avarissimo
1326 4098 1445 4185 duci,
1469 4098 1531 4192 qui
1561 4102 1731 4191 templum
1754 4104 1901 4174 violavit
1921 4103 2076 4175 atrocius

42 4198 259 4303 ·„J·-,-’ziraesse
275 4207 420 4282 debent,
446 4201 607 4271 dieamus
627 4201 731 4271 etiam
755 4199 793 4270 iu
815 4195 881 4271 hae
904 4200 1050 4270 uuiver-
1098 4223 1202 4293 quam
1227 4197 1428 4290 Pompeius.
1495 4197 1586 4269 Nam
1610 4213 1645 4271 et
1668 4201 1707 4270 in
1730 4203 1875 4298 adytum
1897 4204 2075 4296 ingressus

53 4302 344 4420 ''nhmutalione
358 4303 497 4394 generis
513 4295 684 4385 humani,
710 4325 790 4372 cum
807 4302 900 4371 intra
920 4324 1050 4392 paucos
1098 4315 1170 4385 est,
1193 4314 1227 4372 et
1245 4301 1391 4373 abstulit
1411 4303 1532 4372 decem
1554 4301 1665 4372 millia
1686 4304 1918 4392 talentorum,
1953 4307 1988 4374 id
2011 4321 2094 4394 est,.

52 4389 184 4508 „aab
204 4422 237 4480 et
258 4408 414 4480 cessisset
437 4399 622 4474 Romanae
644 4401 822 4494 potentiae
843 4426 935 4494 pene
956 4414 1050 4473 totus
1097 4401 1275 4490 sexaginta
1302 4415 1430 4474 tonnas
1451 4401 1549 4484 auri,
1581 4416 1617 4474 et
1630 4403 1698 4472 alia
1718 4421 1934 4479 ornamenta.
1984 4405 2075 4477 Eius

49 4499 71 4592 “s
108 4513 356 4604 ,sirenarum
376 4501 483 4578 nobis
503 4503 684 4592 cognitus,
717 4515 752 4574 et
773 4502 841 4593 ipsi
862 4504 956 4574 inter
975 4524 1050 4572 sese
1097 4503 1269 4592 sacrilegii
1299 4509 1418 4594 postea
1455 4526 1585 4593 poenas
1608 4505 1782 4577 dedemut
1805 4521 1839 4577 et
1862 4506 2007 4578 Crassrrs
2038 4521 2075 4580 et

48 4635 53 4649 “
70 4647 74 4654 ·
90 4614 97 4624 ’
113 4593 228 4695 abaci
241 4610 334 4682 cives
350 4620 449 4678 muto
463 4604 558 4676 bello
572 4603 764 4674 domestico
773 4604 889 4675 collisi
906 4626 1050 4694 magnas
1098 4601 1155 4676 hie
1170 4603 1368 4675 Aristobuli
1384 4604 1476 4674 iilius
1491 4603 1711 4690 Alexander,
1735 4607 1937 4679 interiectus
1958 4631 1977 4676 a
1994 4605 2074 4678 Sci-

42 4689 140 4809 fa-
183 4709 279 4789 'etta
301 4712 339 4782 iu
363 4721 437 4781 tolo
460 4705 612 4799 imperio
635 4705 815 4790 fecissent,
851 4729 898 4776 an
920 4702 1049 4776 ludsea
1097 4704 1219 4795 piune,
1244 4706 1306 4798 qui
1321 4705 1425 4775 initio
1444 4704 1530 4774 belli
1549 4704 1755 4798 Pompeiani
1767 4707 1904 4802 Syriam
1923 4710 2076 4799 regebat.

67 4817 141 4927 '¹¹⁴¹
189 4812 401 4908 tranquilla,
425 4808 491 4879 uhi
507 4809 607 4879 sedes
622 4806 809 4878 l'uitverae
825 4801 1012 4878 Ecclesiae.
1097 4803 1201 4876 Pater
1220 4807 1447 4878 Aristobulus
1474 4807 1628 4878 secundo
1656 4831 1817 4880 reversus
1840 4811 1879 4881 in
1908 4808 2074 4883 Iudaeam

57 4899 102 5014 ,ri
234 4913 301 4988 itlit
325 4923 443 4982 atatem
476 4909 514 4992 iu
538 4903 630 4980 hanc
653 4907 889 4980 universalem
910 4908 1049 4998 generis
1096 4930 1176 4978 cum
1193 4908 1330 4979 duabus
1345 4909 1546 4999 legionibus
1566 4932 1585 4978 a
1603 4905 1695 4980 lulio
1717 4909 1827 4996 datis,
1849 4935 1986 4984 veneno
2012 4937 2074 4985 ex-

42 4984 132 5132 Am'f',
192 5095 194 5097 ,
231 5015 462 5089 mutationem
476 5022 511 5080 et
524 5007 604 5080 finis
620 5009 782 5102 propriae
795 5010 933 5100 periodi
947 5010 1049 5100 regni
1095 5009 1227 5081 tinctus
1241 5022 1326 5079 esta
1342 5006 1579 5098 Pompeianis.

105 5116 150 5188 l..
250 5109 528 5185 benedictum
545 5111 629 5182 tuit:
663 5110 745 5182 Non
770 5110 950 5182 auferetur
970 5133 1047 5180 sce·
1197 5108 1349 5201 Fugerat
1365 5110 1566 5198 Antigonus
1584 5102 1782 5184 Aristobuli
1805 5112 1901 5186 lilius
1921 5137 1963 5184 ex
1982 5115 2071 5185 urhe

534 5211 640 5281 2..st
656 5206 773 5286 Siloh.
823 5209 943 5301 Quare
966 5233 1047 5281 cum
1093 5207 1210 5283 Roma
1229 5233 1310 5282 curn
1329 5212 1437 5282 fratre
1452 5211 1669 5283 Alexandro.
1720 5211 1881 5308 Cumque
1896 5213 2007 5287 lulius
2027 5235 2071 5285 ex

658 5311 661 5316 ’
708 5313 814 5384 ·sint
835 5310 1047 5398 turbulenti,
1093 5311 1255 5406 Aegypto
1270 5313 1309 5382 in
1325 5310 1491 5383 iudaeam
1505 5312 1678 5396 venisset,
1703 5315 1829 5406 petivit
1841 5315 1908 5386 sibi
1922 5337 2071 5404 reguum
2109 5323 2113 5332 “

766 5437 807 5501 s,
836 5428 877 5488 ut
898 5413 954 5502 lit,
979 5414 1047 5485 do·
1093 5414 1205 5502 tradi,
1236 5414 1334 5506 quod
1352 5409 1543 5508 Pompeius
1556 5410 1714 5488 Hircano
1738 5429 1866 5511 patruo
1888 5414 2073 5502 tribuerat,
