4726 5828
244 285 318 365 169

691 271 853 352 nael.
893 268 970 350 DE
1003 269 1201 350 CAPTA
1240 271 1840 355 CONSTANTINOPOLI..

245 453 468 534 afficiuntur,
504 461 539 520 et
563 445 657 520 ,fiunt
684 445 807 517 omnia
838 445 968 516 scelera
997 459 1073 519 toto
1097 445 1233 527 triduo,

2093 281 2272 357 ¹roo

1364 477 1372 488 .
1386 446 1474 520 Tale
1488 462 1541 522 est
1554 445 1623 524 hoc
1635 453 1801 524 ultimum
1811 451 1939 524 mundi
1949 451 2150 546 imperium,
2163 451 2271 548 'quod

247 581 339 655 quae
358 577 442 646 gens
462 549 664 634 barbarica,
685 547 815 639 impia,
840 546 1054 634 libidinosa,
1077 573 1183 620 avara
1198 561 1233 620 et
1283 547 1369 621 sinit
1384 545 1488 640 Densi
1509 552 1555 622 ad
1579 555 1760 645 punienda
1775 556 1936 624 omniurn
1953 556 2112 646 gentium
2127 568 2272 646 peccata
2354 609 2355 612 ,

247 658 401 733 crudelis
424 657 465 725 in
483 664 584 744 capta
603 650 691 722 urhe
707 648 822 742 regia,
845 648 1015 741 opulenta
1030 650 1234 722 ctornatis-
1283 664 1356 722 tam
1383 651 1453 722 late
1479 657 1644 742 grassari3
1678 669 1713 726 et
1738 656 1832 727 scitis
1855 657 1894 726 in
1915 651 2104 747 Prophetis
2126 655 2272 746 praedi-

247 763 337 833 sima
350 761 463 829 lacere
478 754 595 825 audet.

311 918 315 926 ,
349 857 434 928 Post
453 855 613 926 triduum
636 852 813 940 ingressus
828 851 953 921 urbem
971 864 1004 921 et
1020 874 1135 922 arcem
1151 850 1234 922 Ma-

247 961 430 1046 hometus,
453 957 573 1026 sedare
587 955 760 1024 tumultus
773 953 877 1044 cepit,
898 965 933 1023 et
946 952 1136 1046 inquisitos
1149 978 1234 1046 pro-

249 1085 344 1135 ceres
366 1060 524 1153 aliquos,
550 1055 613 1148 qui
635 1052 752 1124 adhuc
773 1053 904 1148 reliqui
924 1068 1043 1137 erant,
1068 1053 1233 1126 dissecari

249 1165 359 1236 iubet.

352 1259 509 1332 Narrant
522 1272 557 1329 et
567 1254 607 1325 in
623 1252 794 1326 conviviis
802 1252 966 1324 Turcicis
978 1248 1143 1327 honestas
1157 1279 1234 1328 ma-

252 1381 372 1438 tronas
390 1374 425 1430 et
441 1359 594 1448 virgines
611 1359 714 1428 etiam
731 1355 845 1444 regiae
860 1355 1029 1441 familiae,
1052 1371 1131 1449 post
1147 1358 1234 1429 alias

250 1461 483 1539 contumelias
505 1483 568 1551 per
587 1459 712 1527 ludum
731 1457 896 1526 dissectas
911 1479 995 1528 esse.
1047 1456 1101 1528 Ac
1115 1459 1234 1530 nescio

250 1593 298 1638 an
329 1561 558 1634 horribiliora
582 1558 738 1647 exempla
762 1557 922 1646 legantur
944 1558 982 1625 in
1005 1559 1115 1630 ullius
1134 1561 1235 1630 urbis

252 1665 411 1753 excidio,
444 1684 596 1754 qnorum
629 1659 791 1746 cogitatio
821 1671 912 1726 certe
942 1682 1085 1730 movere
1112 1684 1235 1732 omnes

251 1766 416 1840 homines
435 1763 559 1841 debet,
584 1773 625 1830 ut
640 1758 810 1829 iudicium
828 1755 895 1827 Dei
911 1771 1086 1846 metuant,
1112 1762 1234 1832 vivant

250 1869 462 1948 modestius,
488 1877 524 1933 et
543 1860 700 1932 adsiduis
715 1859 903 1952 gemitibus
916 1871 1057 1950 petant,
1082 1875 1123 1934 ut
1135 1863 1236 1934 Deus

251 1979 396 2065 propter
418 1964 532 2034 filium
554 1973 589 2033 et
608 1973 724 2032 servet
745 1956 1056 2050 Ecclesiaminter
1077 1986 1162 2049 nos,
1201 1979 1236 2036 et

252 2071 390 2160 mitiget
405 2086 551 2156 poenas.

354 2167 414 2239 Sic
434 2188 515 2235 cum
536 2160 679 2234 urbium
700 2161 862 2232 omnium
883 2163 1004 2252 regina
1026 2163 1064 2233 in
1084 2178 1159 2236 toto
1176 2187 1237 2255 ge-

253 2293 340 2342 nere
360 2263 520 2337 hnmano
543 2277 642 2356 capta
662 2275 696 2333 et
709 2264 846 2354 direpta
863 2263 929 2348 sit,
952 2279 989 2336 et
1005 2279 1144 2356 experta
1163 2290 1238 2336 sae-

253 2371 384 2440 viciam
406 2364 759 2437 obscoenissimomm
778 2377 816 2434 et
837 2366 1163 2438 crudelissimorum
1185 2368 1238 2436 la-

255 2487 417 2550 tronum,
443 2466 531 2561 quid
553 2465 756 2556 impendeat
771 2463 850 2535 aliis
864 2468 1026 2554 gentibus
1039 2477 1074 2537 et
1088 2468 1239 2538 urbibus

255 2572 459 2662 cogitemus.
511 2565 585 2638 Nec
604 2568 735 2637 lru‘stra
755 2565 859 2635 nobis
882 2567 1034 2658 proponi
1056 2582 1129 2638 tam
1153 2562 1238 2637 hor-

157 2737 158 2742 ,
254 2675 385 2746 rendas
411 2667 609 2758 tragoedias
631 2665 746 2736 securi
768 2665 1020 2754 imaginemur,
1051 2667 1240 2754 diluvium,

254 2774 438 2844 interitum
452 2769 708 2851 Sodomorum,
731 2765 905 2837 excidium
918 2765 1118 2854 Samariae,
1143 2767 1240 2840 lero-

256 2876 432 2968 solymae,
456 2867 640 2964 Byzantii,
664 2861 888 2939 Athenarum
909 2881 944 2939 et
959 2869 1110 2952 aliarum
1130 2869 1239 2942 innu-

195 2995 200 3002 ·
228 3010 235 3018 ·
255 2973 480 3064 motabilium
496 2969 641 3040 urbium
658 2969 867 3040 eversiones.

358 3069 395 3143 O
424 3071 570 3142 duriora
591 3069 759 3139 omnibus
783 3067 936 3158 scopulis
958 3083 1117 3159 pectora,
1149 3093 1239 3163 quae

256 3177 388 3251 talibus
402 3173 475 3243 irae
491 3170 634 3240 divinae
648 3169 816 3260 exemplis
830 3191 905 3238 non
919 3183 1126 3255 moventur,
1150 3195 1240 3263 qnae

257 3302 305 3349 ne
326 3273 487 3347 diabolos
509 3271 654 3364 quidem
674 3269 751 3339 sine
770 3281 921 3339 tremore
937 3281 972 3342 et
984 3285 1083 3343 metu
1098 3273 1240 3343 venturi

1284 765 1381 822 ctum
1404 775 1477 822 esse
1500 754 1571 824 tale
1592 757 1669 824 lore
1689 758 1853 827 ultimum
1874 758 2082 847 imperium,
2113 780 2160 826 ne
2179 757 2272 828 moti

1284 853 1359 922 eius
1374 853 1553 944 potentia,
1578 858 1781 929 deficiamus
1796 881 1815 928 a
1830 859 1904 929 filio
1920 856 1999 929 Dei.

1387 953 1563 1026 Scribitur
1577 954 1686 1028 Arius
1706 972 1850 1032 vocatus
1873 961 1981 1030 fuisse
1996 957 2208 1054 Byzantium
2225 959 2272 1026 ad

1284 1067 1497 1146 postremam
1513 1059 1761 1146 cognitionem.
1811 1061 1870 1130 Ibi
1883 1085 1965 1132 cum
1981 1084 2084 1129 mane
2098 1061 2143 1129 ad
2160 1081 2274 1152 syno-

1286 1157 1370 1225 dum
1392 1179 1591 1228 accessurus
1610 1175 1716 1242 essct,
1742 1162 1861 1232 subito
1878 1175 1977 1232 tanto
1992 1162 2116 1232 dolore
2132 1160 2276 1229 intesti-

1285 1279 1414 1327 norum
1438 1259 1543 1328 adlici
1565 1261 1698 1350 coepit,
1723 1276 1765 1331 ut
1788 1263 1930 1333 deflexit
1954 1263 1998 1331 de
2014 1261 2072 1330 via
2089 1263 2132 1330 ad
2150 1259 2275 1350 publi·
2354 1269 2355 1272 ’

1286 1381 1362 1428 cam
1384 1358 1562 1433 latrinam.
1615 1359 1857 1457 Quaecunque
1873 1364 1942 1433 fuit
1959 1385 2063 1432 causa
2080 1361 2188 1431 subiti
2206 1361 2275 1428 do-

1284 1459 1392 1543 loris,
1425 1483 1488 1548 ego
1520 1465 1840 1534 consternationem
1869 1463 1980 1533 animi
2010 1463 2118 1532 luisse
2140 1461 2277 1544 iudico,

1286 1559 1325 1628 in
1349 1583 1419 1653 qua
1436 1561 1553 1630 cordis
1569 1565 1868 1648 cruciatus,'cum
1883 1563 2027 1633 sentiret
2044 1564 2134 1632 iram
2147 1559 2218 1631 Dei
2233 1572 2276 1631 nt
2354 1567 2355 1622 1

1285 1661 1325 1728 in
1346 1658 1453 1746 luda,
1484 1662 1534 1732 ita
1553 1663 1702 1735 laniavit
1721 1665 1842 1734 omnia
1865 1665 2018 1748 viscera,
2043 1677 2083 1734 ut
2104 1661 2276 1732 intestina

1286 1784 1429 1854 quoque
1464 1763 1673 1851 effuderint,
1721 1767 1811 1836 sicut
1849 1766 1889 1836 lit
1920 1765 2057 1854 magnis
2088 1763 2277 1833 doloribus

1286 1861 1413 1934 cordis.

1388 1960 1439 2034 Ut
1459 1977 1575 2034 autem
1599 1978 1685 2035 tunc
1707 1965 1746 2032 in
1764 1965 1929 2034 latrinam
1944 1962 2152 2058 Byzantiam
2167 1958 2280 2033 Arius

1288 2077 1440 2136 stercora
1455 2086 1518 2136 sna
1534 2066 1678 2149 abiecit,
1704 2065 1751 2134 ita
1766 2089 1862 2135 nnnc
1876 2066 1981 2155 plane
1997 2089 2037 2134 ea
2053 2063 2139 2134 urbs
2156 2064 2278 2132 cloaca

1289 2162 1370 2235 Arii
1387 2178 1460 2251 est,
1486 2166 1570 2257 quia
1586 2163 1667 2234 Arii
1687 2160 1907 2256 blasphemia
1924 2189 2043 2234 semen
2058 2163 2129 2234 fuit
2143 2157 2278 2231 Maho-

1289 2264 1436 2335 meticae
1468 2266 1670 2356 impietatis,
1728 2263 1849 2335 Audio
1881 2266 1997 2334 tamen
2022 2264 2160 2356 aliquas
2179 2276 2215 2332 et
2237 2264 2279 2330 in

1289 2367 1378 2436 urbe
1394 2378 1430 2437 et
1444 2367 1482 2435 in
1500 2367 1650 2450 vicinia,
1673 2381 1707 2436 et
1723 2367 1909 2458 praecipue
1923 2365 1961 2434 in
1977 2361 2202 2436 Chalcedone
2219 2387 2279 2432 re-

1289 2467 1418 2560 liquias
1433 2489 1506 2537 esse
1521 2461 1716 2538 Christiani
1733 2467 1907 2550 nominis,
1932 2469 1992 2535 sed
2012 2487 2194 2555 oppressas
2210 2463 2279 2534 tri-

1291 2569 1335 2636 sti
1357 2567 1545 2648 scrvitutc,
1578 2583 1614 2639 ct
1635 2569 1786 2638 subinde
1809 2563 1972 2637 homines
1993 2565 2157 2636 licentiae
2179 2563 2279 2632 mili·
2354 2613 2355 2618 η

1290 2668 1376 2737 taris
1394 2669 1560 2758 cupidos,
1586 2669 1631 2738 ab
1644 2665 1800 2740 Ecclesia
1817 2671 1862 2738 ad
1881 2665 2068 2738 Tuccicam
2086 2667 2281 2748 discedere,

1291 2770 1374 2863 quia
1397 2769 1538 2842 licentia
1559 2765 1765 2842 hominibus
1789 2793 1853 2861 per
1874 2791 1947 2840 sese
1971 2781 2068 2857 grata
2083 2779 2154 2852 est,
2178 2779 2213 2836 et
2229 2766 2281 2834 si·
2354 2763 2355 2766 ’

1291 2871 1367 2939 mul
1387 2893 1459 2961 quo
1478 2893 1515 2939 se
1536 2871 1678 2939 fortuna
1695 2871 1864 2954 inclinat,
1890 2892 1932 2938 co
1947 2868 1987 2940 fit
2003 2881 2039 2940 et
2053 2868 2279 2938 voluntatum

1291 2969 1495 3055 inclinatio,
1521 2982 1556 3039 et
1571 2969 1738 3039 omnibus
1753 2971 1925 3041 aetatibus
1942 2969 2048 3040 multi
2062 2968 2222 3039 indicant
2234 2967 2282 3037 de

1292 3069 1524 3160 religionibus
1538 3091 1579 3138 ex
1595 3069 1828 3162 imperiorum
1843 3065 2072 3142 successibus.

1393 3265 1498 3339 Hanc
1517 3283 1627 3342 totam
1650 3270 1889 3342 narrationem
1912 3271 1956 3340 de
1972 3269 2146 3366 Byzantio
2165 3292 2207 3339 co
2222 3291 2284 3340 re-

257 3376 385 3450 iudicii
402 3387 556 3466 spectare
571 3395 672 3463 posse
687 3370 859 3444 existimo.

361 3476 455 3550 Sunt
476 3485 593 3544 autem
614 3471 700 3543 anni
720 3471 881 3541 aXersis
895 3471 975 3561 luga
989 3495 1101 3566 usque
1117 3473 1162 3542 ad
1177 3469 1242 3542 Se·

171 3581 175 3588 “
258 3605 382 3654 verum
397 3578 661 3670 imperatorem,
685 3597 789 3665 aquo
804 3570 1123 3666 anteaByzantium
1141 3595 1242 3654 ever,-

259 3707 338 3754 sum
358 3692 429 3769 est,
456 3679 637 3770 aliquanto
654 3676 775 3765 plures
788 3696 893 3766 quam
909 3673 1137 3765 septingenti,
1161 3673 1243 3767 qui-

260 3781 445 3854 bus-annis
456 3778 581 3848 lloruit
594 3776 807 3869 Byzantium
823 3798 934 3867 usque
948 3776 992 3846 ad
1006 3774 1189 3851 Severum.
1307 3821 1310 3826 -
1395 3771 1502 3845 Scitis
1524 3774 1659 3846 dictum
1672 3771 1737 3842 lilii
1754 3769 1841 3859 Dei,
1868 3797 1948 3843 cum
1964 3775 2058 3864 apud
2075 3796 2155 3843 eum
2173 3771 2287 3844 Pilati

364 3875 647 3968 AConstantino
671 3875 757 3947 anni
782 3888 866 3944 sunt
880 3897 991 3968 usque
1005 3876 1051 3943 ad
1067 3870 1240 3945 hocexci-
1295 3873 1482 3944 crudelitas
1509 3887 1669 3946 accusata
1697 3887 1804 3956 esset,
1838 3875 1901 3968 qui
1929 3874 2152 3945 interiecerat
2174 3871 2287 3943 Gali-

261 3983 363 4056 dium
388 3977 526 4049 circiter
548 3976 648 4048 mille
666 3989 703 4046 ct
725 3988 875 4045 centum.
927 3973 1065 4049 loterca
1088 3975 1153 4046 etsi
1177 3976 1244 4046 do-
1294 3975 1389 4044 laeos
1415 3976 1572 4070 aliquot,
1603 3989 1640 4047 et
1665 3977 1825 4065 co‘o'gcrat
1852 3988 2006 4045 caeteros
2037 3973 2075 4044 in
2104 3974 2289 4045 sacrificiis

262 4081 415 4155 mesticis
436 4091 473 4148 et
494 4075 648 4150 externis
671 4076 776 4146 hellis
798 4075 976 4146 interdum
998 4088 1160 4168 quassata
1180 4089 1243 4164 est,
1295 4075 1417 4145 bibere
1437 4090 1667 4166 cognatorum
1682 4075 1910 4165 sanguinem,
1936 4075 1999 4146 etsi
2014 4097 2071 4145 res
2084 4087 2158 4146 erat
2171 4086 2289 4160 atrox,

261 4202 382 4259 tamen
411 4202 548 4270 semper
571 4179 638 4249 suit
659 4176 846 4268 praecipua
868 4177 1120 4270 doctrinarum
1136 4177 1244 4246 sedes.
1295 4189 1414 4245 tamen
1434 4172 1599 4248 Christus
1620 4179 1749 4248 omissa
1764 4175 1871 4247 Pilati
1895 4177 2099 4264 mentione,
2126 4197 2289 4246 commo-

262 4286 367 4357 Nunc
389 4281 512 4353 deletis
525 4275 710 4358 Ecclesiis,
735 4271 960 4348 bibliothecis
982 4291 1016 4348 et
1035 4277 1163 4349 studiis
1179 4278 1245 4346 do·
1296 4277 1425 4347 nefacit
1445 4300 1527 4348 suos
1549 4278 1729 4349 auditores
1749 4279 1793 4347 de
1809 4278 1978 4366 exemplo.
2029 4271 2169 4348 Omnes
2184 4275 2288 4345 simi·

264 4385 477 4466 urinarum,
502 4380 649 4452 sublatis
671 4378 839 4450 ordinum
861 4379 1045 4466 gradibus,
1067 4391 1191 4449 senatu
1211 4389 1246 4448 et
1296 4377 1378 4449 liter
1394 4380 1574 4470 peribitis,
1595 4381 1666 4450 nisi
1682 4404 1745 4450 vos
1759 4377 2005 4452 emendabitis.
2126 4418 2129 4432 ·

262 4483 542 4576 magistratibus,
571 4493 605 4550 et
622 4480 783 4550 extinctis
798 4479 980 4550 nobilibus
991 4479 1158 4562 familiis,
1183 4502 1246 4548 arx
1399 4477 1540 4553 Videtis
1555 4483 1676 4575 quales
1691 4473 2289 4565 furoressinthostiumEvangelii,

263 4601 318 4659 est
338 4577 577 4676 blasphemiae
595 4576 873 4663 Mahometicae,
898 4595 932 4651 et
956 4581 1133 4650 stabulum
1148 4575 1245 4648 Tur·
1298 4603 1449 4673 quorum
1479 4584 1583 4653 multi
1613 4594 1736 4652 contra
1758 4579 2011 4650 conscientiam
2032 4580 2229 4649 defenduat
2252 4589 2290 4645 et

265 4689 421 4760 cicorum
437 4685 629 4766 latronum,
653 4679 919 4774 quidoctrinas.
942 4675 1249 4751 honestamdisci-
1298 4682 1483 4752 stabiliunt
1515 4683 1700 4752 manifesta
1728 4680 1841 4765 idola3
1881 4680 2011 4750 deinde
2040 4701 2155 4772 quam.
2179 4676 2289 4746 multi

265 4789 422 4883 phuam,
461 4785 573 4871 leges,
614 4782 859 4871 coniugiorum
895 4782 1040 4866 foedus,
1081 4781 1248 4851 castitatis
1298 4781 1431 4872 ubique
1454 4783 1526 4852 sint
1544 4779 1734 4876 Epicurei,
1760 4775 1865 4874 quam
1878 4781 1986 4852 multi
1999 4783 2158 4851 furentes
2170 4777 2291 4847 ambi-

265 4893 372 4961 decus
392 4888 551 4957 furenter
566 4894 817 4962 contemnunt,
844 4894 877 4950 ct
893 4883 990 4952 nulla
1005 4881 1122 4951 civilia
1140 4905 1248 4952 orna·
1300 4882 1397 4953 tione
1420 4896 1454 4951 et
1476 4882 1588 4968 odiis,
1615 4897 1649 4952 et
1671 4882 1853 4952 turbantes
1867 4883 2093 4952 corcordiam
2110 4877 2291 4950 Ecclesia-

265 5002 385 5061 menta
401 4985 666 5076 magnifaciunt.
718 4981 877 5053 Tantum
892 4985 1018 5053 ardent
1031 4983 1170 5052 infirma
1187 5007 1249 5053 cu·
1300 5007 1379 5054 rum
1404 4982 1498 5051 etin
1521 4983 1741 5053 vocationem
1766 4981 1929 5072 piorum,
1955 4978 2290 5077 qnantumsibiin-

265 5093 414 5186 piditate
427 5085 693 5170 dominationis,
717 5107 823 5176 quam
838 5096 954 5164 tamen
971 5080 1166 5155 nihilaliud
1177 5105 1250 5152 esse
1301 5082 1447 5172 dulgent
1476 5083 1624 5174 plurimi
1651 5084 1691 5152 in
1719 5082 1962 5172 voluptatibus
1986 5082 2201 5154 inconcessis
2227 5094 2293 5148 aut

267 5191 491 5278 intelligunt,
516 5185 586 5253 nisi
607 5186 720 5254 facere
743 5184 940 5255 vastitatem
964 5185 1003 5254 in
1025 5198 1099 5254 toto
1123 5205 1251 5272 genere
1300 5184 1566 5254 immoderatis?
1770 5249 1773 5252 .

266 5290 446 5370 humano,
469 5307 576 5379 quam
593 5299 626 5354 et
642 5307 774 5356 nomen
791 5285 987 5358 minitatur.
1036 5281 1129 5357 Nam
1146 5305 1252 5354 voca-
1403 5281 1501 5354 Haec
1524 5284 1610 5356 vitia
1632 5282 1831 5356 abiicienda
1853 5297 1953 5365 sunt,
1979 5296 2014 5355 et
2026 5281 2143 5353 mores
2159 5277 2295 5349 rectius

266 5393 392 5466 bulum
409 5385 529 5462 Tucca
545 5385 777 5460 vastationem
794 5383 979 5476 significat.
1302 5385 1470 5476 regendi,
1501 5399 1545 5459 et
1578 5387 1773 5460 flectendas
1800 5379 1936 5458 mentes
1966 5386 2011 5456 ad
2040 5381 2294 5475 cogitationem

1293 3369 1419 3455 citavi,
1453 3372 1537 3464 quia
1557 3370 1655 3443 Deus
1678 3371 1871 3462 praecepit,
1903 3385 1945 3441 nt
1968 3371 2125 3461 exempla
2148 3393 2284 3462 poena-

1293 3494 1373 3540 rum
1399 3471 1621 3556 intueamur,
1651 3485 1827 3541 eteorum
1853 3470 2064 3561 cogitatione
2085 3473 2132 3541 ad
2155 3471 2283 3540 mode-

1293 3571 1397 3643 stiam
1419 3581 1454 3640 et
1478 3575 1523 3642 ad
1544 3595 1665 3644 veram
1686 3571 1945 3643 invocationem
1964 3570 2032 3643 Dei
2055 3595 2121 3642 nos
2145 3571 2285 3642 exusci-

1294 3685 1419 3748 lemme
