4696 5820
2016 297 2090 372 366

678 311 834 400 DECL.
861 307 938 385 DE
970 297 1255 384 ECCLESIA
1289 298 1542 376 CHRISTI.

83 329 155 404 565

83 499 299 590 strangulatu
326 492 542 582 extinguitur
567 513 645 574 cor,
675 509 783 581 quam
812 494 1000 555 exonerato
1023 492 1058 554 et
1110 473 1259 548 Domini
1276 473 1389 544 nostri
1405 469 1486 546 lesu
1498 464 1652 552 Christi,
1677 479 1796 557 peret
1816 479 1959 584 propter
1978 471 2089 543 lilium

82 605 125 674 ab
145 601 246 671 omni
266 593 518 668 obstructiouis
538 590 769 684 impeditione
785 587 947 677 expedito
963 605 1059 652 cere·
1111 590 1216 648 tuum
1236 575 1430 646 Dominum
1456 584 1617 643 nostrum
1641 569 1757 640 lesum
1780 563 1961 639 Christum
1992 591 2092 646 serva

81 707 165 787 bro,
190 695 327 772 thoraci
349 709 467 767 motus
489 695 582 764 liber
603 692 706 763 reddi
726 702 762 760 et
782 686 922 759 restitui
946 681 1059 774 respi-
1114 679 1208 747 inter
1230 699 1296 746 nos
1319 673 1505 768 reliquias,
1538 685 1573 744 te
1594 694 1676 741 vere
1697 685 1922 760 agnoscentes
1946 681 1980 741 et
2002 675 2089 744 cele.

80 804 169 876 ratio
187 801 316 894 possit,
345 812 512 891 tantoque
533 793 715 864 difficilius
736 800 898 877 curatur,
924 796 1058 881 quanto
1114 781 1276 862 brantes,
1308 791 1343 847 et
1369 799 1435 846 nos
1459 774 1565 846 facito
1591 766 1702 866 σκευὴ
1727 767 1880 890 illave,
1898 785 1933 842 et
1961 792 2088 888 organa

81 921 114 976 et
126 902 319 974 humorum
334 900 447 992 copia,
472 910 506 968 et
521 893 699 966 crassicies
711 915 751 962 ac
764 890 932 960 tenacitas
947 885 1060 954 maior
1112 904 1205 973 quae
1222 879 1262 946 iii
1278 878 1379 947 omni
1396 876 1600 948 aeternitate
1615 898 1697 946 vera
1713 876 1929 964 gratitudine
1942 885 1978 945 et
1994 872 2088 944 laeti-

80 1006 205 1090 luerit,
244 1017 278 1074 et
309 995 349 1070 bi
378 1013 513 1088 meatus
541 1019 663 1067 omnes
690 991 819 1066 arctius
847 986 1060 1070 obsederint,
1111 981 1165 1051 cia
1192 993 1225 1051 te
1247 979 1438 1054 celebrent.

81 1123 112 1178 tt
125 1095 353 1178 adllffieflssl
374 1099 600 1192 P⁰f¹i¹¹³⁶i¹¹⁸·
631 1093 774 1214 ‚Neque
799 1090 893 1162 ΕΜ
915 1100 1061 1181 9¹⁰9OE
1211 1125 1308 1196 Haec
1325 1138 1406 1197 vota
1423 1126 1578 1216 primum
1594 1124 1707 1195 lacere
1723 1146 1789 1194 nos
1803 1123 1842 1192 in
1864 1118 1921 1194 his
1943 1124 2095 1218 publicis

80 1209 217 1301 copiam
252 1204 407 1286 ‘liminii
439 1214 474 1271 ‘l
496 1195 675 1315 ⁰¹h³⁰{¹f¹
697 1208 784 1277 αῖον
817 1215 883 1309 ’1ῗῦ
915 1200 1061 1280 Pml'm
1112 1227 1357 1317 congressibus
1371 1230 1480 1313 decet,
1495 1227 1578 1320 quia
1591 1239 1683 1296 certe
1700 1225 1940 1312 convenimus,
1953 1240 1995 1298 ut
2009 1252 2095 1321 pro-

81 1307 278 1379 trassicleffl
295 1328 359 1396 l)er
372 1315 538 1391 ³⁰ss⁰⁵l⁰³
552 1322 692 1368 ”mum
710 1308 744 1368 ⁰²
764 1295 920 1364 samum
934 1292 1061 1360 ‘luctu'
1112 1343 1192 1422 pter
1205 1330 1354 1418 gloriam
1371 1326 1457 1414 Dei,
1482 1328 1596 1399 studia
1613 1327 1854 1398 doctrinarum
1876 1341 1997 1398 nostro
2013 1329 2093 1401 loco

79 1410 207 1502 imnii
221 1421 255 1477 ⁰²
269 1406 388 1489 “ducis
414 1426 481 1472 ¹¹⁸⁰
504 1413 648 1518 Pf⁰P¹⁸f
673 1391 922 1468 adhaerentem
943 1390 1062 1459 ,ω’
1112 1431 1286 1501 iuvemus.
1332 1427 1417 1499 ldeo
1434 1443 1469 1500 et
1482 1452 1545 1498 vos
1563 1441 1598 1499 et
1613 1453 1679 1498 nos
1694 1427 1929 1519 adiungamus
1943 1432 2094 1520 gemitus

78 1536 154 1582 rem
176 1508 299 1579 revelli
320 1501 544 1595 at¹·l'10l01l1
567 1501 844 1590 5³⁰¹¹⁸P⁰⁸⁸¹¹¹¹¹0
895 1491 1062 1582 Qum
1112 1545 1253 1601 nostros
1273 1532 1317 1600 ad
1343 1530 1667 1623 precationemit'ilii
1689 1528 1775 1616 Dei,
1810 1555 1937 1624 quam,
1968 1532 2008 1601 in
2029 1534 2094 1605 illo

78 1629 156 1704 pm
184 1633 263 1678 cum
289 1618 480 1724 repugnel’
520 1617 554 1721 el
580 1595 733 1718 ἔνδεῗξῖγ
762 1597 870 1667 dim
899 1593 1062 1664 “undat
1112 1633 1276 1701 mirando
1299 1655 1411 1722 agone
1434 1656 1496 1702 suo
1520 1632 1662 1718 recitat,
1691 1631 1876 1726 inquienss
1907 1632 2095 1706 Sanctibca

79 1703 753 1784 ‘³⁰³³‘m⁰rh⁰mf³⁰¹⁰m¹⁸⁰⁰nd¹¹¹⁰’
777 1711 894 1768 “men
918 1706 1063 1810 prime?
1115 1757 1173 1804 eos
1190 1732 1398 1816 inveritate,
1415 1757 1528 1803 sermo
1547 1745 1628 1803 tuus
1642 1747 1693 1804 est
1708 1734 1846 1809 veritas.
1898 1732 1997 1804 Idem
2014 1760 2095 1806 cum

79 1810 340 1884 vehementiam
367 1821 402 1878 et
430 1805 635 1876 violentiam
658 1801 821 1882 affectus,
843 1809 879 1868 et
903 1794 1062 1887 periculi,
1116 1837 1124 1852 ·

80 1917 176 2008 quod
193 1912 303 1982 vitain
319 1909 426 2002 petit,
451 1902 751 1992 magnitudinem,
774 1912 927 1968 extrema
942 1895 1061 1967 statim
1115 1850 1516 2030 Ὲῖἓεῖῃζξῗὲῗηξᾛὲῗὲπ
1530 1834 1826 2007 ῧᾚξᾏῗᾝῗίἰ
1844 1851 2095 2030 Ιὲὅῐὲὓὲῗὶίξῖζ

82 2019 177 2086 iuter
199 2011 302 2082 initia
326 2001 651 2102 oportetadhiberi
675 2000 852 2085 remedia,
878 1997 962 2069 utsi
987 2019 1062 2066 non
1116 2038 1422 2124 iwannum,
1458 2053 1673 2108 semotum
1699 2038 1909 2108 estvefflas·
1960 2037 2095 2112 Um,

81 2119 277 2198 liberetur,
307 2124 462 2182 ³¹¹³¹¹¹⁸¹¹
483 2107 655 2176 ‘melem‘
676 2103 876 2182 ‘Hebrum’
903 2114 938 2170 ²²
962 2121 1023 2168 ⁰⁰⁸
1045 2119 1065 2166 ὃ
1115 2155 1186 2210 tem
1202 2139 1370 2210 usitatum
1388 2151 1459 2224 est,
1484 2140 1527 2210 de
1544 2141 1661 2233 aliqua
1677 2139 1859 2211 doetrinae
1879 2154 1977 2232 parte
1998 2141 2095 2211 dice-

79 2214 244 2311 periculo
268 2211 510 2284 suffocationis
535 2207 753 2276 vindicatum
770 2202 939 2273 concedat
955 2199 1064 2270 tutio-

79 2343 153 2388 rem
181 2337 320 2385 moram
342 2311 503 2404 reliquiis
527 2308 646 2380 morbi
666 2303 899 2398 perducendis
915 2304 960 2370 ad
978 2323 1065 2370 con-

79 2420 284 2489 venientem
299 2415 559 2495 maturitatem,
586 2423 621 2479 et
640 2404 857 2499 extirpandis
879 2416 985 2496 atque
1000 2401 1066 2470 ob-

79 2519 252 2591 terendis.
304 2513 375 2587 Sed
407 2512 582 2606 prolixior
613 2533 713 2594 sum,
750 2529 862 2600 quam
890 2515 1066 2575 convenit.

80 2619 243 2694 Uberior
259 2617 353 2687 enim
378 2614 540 2687 tractatio
565 2613 637 2682 alio
660 2610 824 2702 pertinet.
876 2603 972 2690 Vos,
997 2628 1066 2671 viri

80 2720 289 2799 clarissimi,
315 2731 356 2789 ut
372 2738 461 2810 quae
480 2714 573 2783 dicta
589 2725 674 2783 sunt
690 2735 710 2780 a
726 2734 782 2778 me
796 2706 885 2777 boni
902 2705 1066 2775 consula·

59 2825 145 2912 tis,
165 2844 234 2914 pro
250 2833 368 2889 vostro
387 2817 540 2888 candore
556 2828 591 2883 et
607 2824 785 2906 perspecta
802 2801 892 2878 mihi
914 2827 994 2896 erga
1009 2825 1066 2873 me

79 2922 360 3013 benevolentia,
386 2913 614 2989 vehementer
629 2939 706 2984 oro.
755 2909 852 2983 Diri.
969 2973 971 2982 ,

89 3309 158 3380 Νο.
182 3305 267 3380 177.

84 3401 260 3432 Μ

317 3553 393 3641 De
416 3549 624 3636 Ecclesia
652 3546 833 3635 Christi.

147 3769 180 3824 ln
200 3763 366 3821 Orationem
382 3759 416 3814 T.
431 3757 466 3811 V.
483 3775 511 3827 p.
528 3754 607 3824 215„
626 3753 752 3810 liicbsrd.
770 3751 804 3808 Τ.
818 3750 867 3806 lll.
884 3770 909 3822 p.
930 3749 977 3810 9l.
994 3757 1020 3803 et
1039 3747 1068 3802 in

183 3831 366 3890 Orationibus
390 3827 534 3897 postremis
559 3842 586 3893 p.
612 3825 672 3881 ast.
718 3821 803 3876 Etiam
827 3820 972 3890 separatim
997 3818 1069 3872 edita

182 3901 283 3958 With.
302 3898 379 3952 taso.
398 3893 460 3948 viu.
478 3893 597 3948 Strobel.
614 3889 684 3946 bibl.
702 3889 770 3948 Met.
788 3907 836 3945 no.
854 3890 912 3943 ⁵⁵1.

891 3387 1063 3420 Nm

81 4067 215 4137 oratio
247 4055 295 4128 do
322 4053 490 4126 Ecclesia
516 4047 678 4134 Christi,
720 4049 883 4118 recitata
911 4066 936 4115 a
962 4046 1069 4139 Mag.

78 4160 293 4240 Matthia
320 4153 610 4230 Gaadcramo
637 4150 950 4236 Graaaceasi,
990 4147 1069 4216 Dc·

364 4278 477 4346 cano,
503 4255 622 4326 Nonis
634 4254 779 4324 Martii.

81 4425 175 4508 Tibi
194 4427 420 4516 omnipotens
437 4421 545 4506 Deus,
570 4432 712 4490 aeterne
726 4429 826 4510 pater
839 4413 986 4486 Domini
1002 4438 1069 4485 no-

79 4539 148 4609 stri
169 4535 248 4605 lesu
266 4525 417 4610 Christi,
443 4525 508 4617 qui
522 4522 659 4593 coelum
682 4531 717 4590 ct
741 4531 869 4588 terram
891 4529 926 4586 et
948 4511 1066 4587 homi·

76 4647 189 4712 neset
204 4653 328 4704 omues
342 4638 527 4707 creaturas,
541 4647 612 4698 una
627 4646 706 4691 cum
723 4620 795 4690 filio
806 4635 867 4691 tuo
882 4631 1068 4689 coaeterno

77 4739 241 4816 Domino
256 4745 378 4838 nostrp
394 4726 472 4797 lesu
488 4719 645 4807 Christo,
661 4734 695 4792 et
709 4721 847 4813 Spiritu
864 4735 924 4790 tuo
942 4732 1063 4790 sancto

77 4839 222 4923 creasti,
235 4849 270 4905 et
285 4833 455 4903 immensa
467 4827 626 4898 bonitate
642 4836 786 4918 propter
801 4823 913 4892 filiurn
929 4820 1067 4910 colligis

75 4957 262 5014 aeternam
278 4927 488 5012 Ecclesiam,
513 4927 641 5017 gratias
666 4947 754 5016 ago,
779 4925 873 5018 quod
898 4915 1066 4992 hactenus

1118 2263 1176 2324 re,
1202 2239 1337 2330 sumpsi
1359 2241 1483 2310 utilem
1508 2240 1881 2312 commonefactionem
1905 2243 1948 2312 de
1970 2237 2097 2313 Eccle-

1121 2341 1191 2428 sia,
1215 2341 1260 2410 de
1274 2364 1344 2433 qua
1368 2363 1448 2411 cum
1477 2365 1598 2410 recens
1621 2343 1763 2434 quidam
1786 2342 1972 2413 vociferari
1996 2367 2097 2437 cepe-

1029 2502 1036 2518 .
1118 2443 1211 2526 rint,
1238 2437 1432 2512 Ecclesiam
1451 2442 1667 2512 invisibilem
1684 2465 1767 2526 esse,
1793 2469 1865 2537 quo
1881 2468 1920 2513 ex
1936 2465 2097 2516 sermone
2132 2501 2141 2512 ,

1022 2603 1030 2618 .
1054 2601 1063 2619 .
1118 2543 1278 2634 sequitur
1302 2537 1464 2637 ἀναρχία
1487 2558 1521 2615 et
1534 2543 1718 2635 multiplex
1735 2543 1948 2616 incertitudo
1965 2547 2008 2615 de
2030 2548 2098 2617 do·

1119 2645 1254 2729 ctrina,
1287 2646 1329 2713 de
1357 2645 1567 2716 testimoniis
1591 2657 1789 2737 temporum
1810 2659 1845 2716 et
1868 2647 2097 2740 synodorum,

1121 2748 1165 2815 de
1190 2745 1439 2816 coniunctione
1465 2747 1597 2816 civium
1620 2742 1797 2817 Ecclesiae
1817 2748 1966 2834 tuenda,
1991 2760 2026 2819 et
2052 2749 2097 2818 de

1121 2846 1284 2917 societate
1305 2846 1558 2916 invocationis:
1592 2869 1730 2916 neeesse
1757 2860 1808 2917 est
1841 2863 1956 2920 estare
1977 2872 2098 2919 veram

1121 2962 1153 3019 et
1169 2947 1388 3038 perspicuam
1406 2948 1628 3019 sententiam.
1679 2947 1830 3018 sienim
1852 2949 1952 3019 nulla
1974 2963 2026 3021 est
2041 2949 2098 3020 vi-

1121 3049 1233 3121 sibilis
1248 3045 1405 3119 Ecclesia
1420 3049 1458 3118 in
1472 3045 1539 3118 hac
1555 3049 1643 3135 vita,
1669 3051 1848 3143 quomodo
1866 3063 2099 3141 agnoscentur

1123 3165 1156 3222 et
1171 3150 1327 3220 ministri
1343 3147 1527 3240 Evangelii
1544 3163 1578 3221 et
1594 3152 1796 3223 auditores?
1820 3167 1855 3224 et
1869 3175 1958 3246 quae
1973 3147 2099 3224 Eccle-
2166 3241 2170 3246 μ

1121 3253 1193 3321 siae
1217 3251 1347 3320 iudicia
1373 3265 1493 3337 erunt,
1517 3254 1561 3321 de
1584 3253 1715 3344 quibus
1737 3253 1906 3346 seriptum
1932 3267 1997 3324 est:
2023 3255 2099 3326 Dte

1122 3349 1338 3424 Ecclesiae?
1364 3351 1464 3440 Quae
1479 3353 1545 3422 erit
1562 3355 1843 3424 testimoniorum
1858 3355 2037 3440 autoritas,
2055 3356 2100 3424 de

1124 3453 1366 3544 temporibus?
1393 3455 1437 3521 de
1459 3453 1608 3543 receptis
1623 3455 1749 3524 libris?
1783 3457 1827 3525 de
1842 3455 2099 3526 controversia-

1124 3579 1204 3624 rum
1222 3554 1388 3623 iudiciis?
1417 3552 1609 3641 Quomodo
1626 3556 1863 3625 discernemus
1878 3556 1969 3625 cives
1984 3569 2017 3625 et
2032 3551 2100 3625 ho-

1122 3669 1212 3735 stes,
1238 3680 1391 3747 quorum
1415 3658 1606 3744 expetenda
1632 3670 1666 3726 et
1695 3658 1826 3726 tuenda
1854 3656 1900 3726 sit
1930 3655 2101 3727 societas?

1122 3757 1186 3850 qui
1198 3756 1357 3845 fugiendi
1371 3756 1465 3826 sint?
1490 3754 1624 3846 Quales
1639 3758 1677 3825 in
1693 3757 1916 3827 invocatione
1934 3759 2101 3828 tenebrae

1125 3870 1248 3942 erunt,
1280 3859 1309 3927 si
1339 3881 1413 3926 non
1435 3857 1631 3947 distingues
1652 3859 1910 3929 invocationem
1934 3873 2033 3930 tuam
2055 3859 2101 3929 ab

1122 3959 1346 4028 invocatione
1369 3954 1523 4029 hostium
1545 3955 1695 4040 Christi,
1728 3961 1923 4054 dequibus
1946 3961 2022 4054 ipse
2042 3961 2101 4042 in·

1122 4060 1215 4155 quit:
1260 4058 1342 4130 Non
1374 4062 1556 4130 adsumam
1587 4062 1733 4131 nomina
1773 4085 1895 4132 eorum
1924 4062 1964 4131 in
1997 4061 2101 4133 labiis

1121 4159 1234 4232 meis?
1258 4159 1350 4231 Cum
1374 4163 1483 4250 igitur
1504 4163 1678 4232 certitudo
1701 4165 1899 4255 quaerenda
1921 4163 1982 4250 sit,
2007 4176 2100 4233 reete

1121 4265 1165 4333 de
1181 4257 1237 4331 tiis
1252 4264 1360 4332 tantis
1380 4264 1488 4332 rebus
1512 4257 1674 4332 homines
1696 4264 1848 4334 docendi
1871 4277 1964 4350 sunt.
2017 4260 2099 4333 Pri·

1120 4387 1218 4434 mum
1234 4365 1479 4435 constituenda
1494 4375 1547 4434 est
1570 4365 1731 4434 delinitio
1749 4361 1927 4435 Ecclesiae
1950 4365 2100 4436 visibilis

1121 4466 1159 4533 in
1177 4459 1244 4533 hae
1265 4464 1357 4551 vita,
1382 4486 1578 4553 congruens
1602 4488 1682 4535 eum
1707 4465 1939 4556 imaginibus,
1966 4489 2055 4559 quae
2078 4490 2101 4536 a

1119 4567 1193 4636 tilio
1219 4561 1288 4635 Dei
1311 4566 1463 4636 traditae
1486 4579 1586 4652 sunt,
1612 4566 1657 4636 de
1678 4563 1833 4656 Sagana,
1864 4567 1903 4635 in
1928 4591 1996 4660 qua
2017 4579 2101 4638 sunt

1118 4667 1208 4839 lppni
1221 4679 1255 4738 et
1269 4669 1353 4738 mali
1368 4669 1493 4761 pisces,
1519 4682 1648 4741 etcum
1669 4661 1736 4738 hae
1753 4667 2006 4759 appellatione:
2033 4667 2100 4740 Dic

1154 4767 1306 4838 eclesiae.
1394 4801 1399 4816 ·

1221 4913 1371 4988 Affirmo
1403 4917 1512 5007 igitur
1535 4912 1729 4990 Ecclesiam
1759 4915 1935 4988 visibilem
1964 4919 2003 4990 in
2022 4916 2099 5016 {hac

79 5068 148 5114 nos
168 5041 358 5111 clementer
372 5029 577 5122 gubernasti
592 5041 626 5098 et
642 5025 836 5118 protexisti,
851 5021 975 5117 Teque
990 5048 1066 5111 oro,
1119 5021 1222 5104 rita,
1243 5033 1381 5091 coetum
1406 5019 1586 5090 visibilem
1607 5042 1700 5105 esse,
1730 5019 2019 5110 amplectentium
2041 5022 2100 5093 in.

78 5123 1065 5233 utscmperinternosaeternamEcclesiamtibicolligas‚
1119 5134 1322 5212 corruptam
1355 5116 1544 5209 Evangelii
1579 5119 1796 5205 doctrinam,
1837 5121 1878 5189 iii
1911 5148 1981 5216 quo
2014 5138 2099 5196 ,ung

79 5261 115 5316 et
141 5267 215 5314 non
235 5239 331 5311 sinas
352 5235 448 5303 inter
467 5251 533 5298 nos
556 5228 714 5318 extingui
734 5228 851 5298 lucem
864 5220 1061 5315 Evangelii,
1115 5223 1220 5308 multi
1237 5222 1338 5292 electi
1355 5223 1401 5292 ad
1424 5235 1603 5294 aeternam
1623 5217 1794 5306 salutem,
1819 5235 1855 5293 et
1875 5223 1990 5294 renati
2011 5247 2098 5294 voce
2157 5281 2163 5292 .

77 5344 301 5439 agnitionem
314 5335 380 5407 filii
395 5331 448 5406 tui
466 5345 628 5406 etveram
644 5329 905 5400 invocationem
920 5339 1065 5418 propter
1114 5319 1302 5414 Evangelii
1324 5336 1361 5393 et
1381 5321 1520 5413 Spiritu
1543 5335 1684 5409 saneto,
1716 5323 1784 5396 etsi
1804 5335 1889 5394 runt
1911 5324 1951 5392 in
1970 5321 2096 5394 eodem

76 5445 232 5538 gloriam
247 5458 363 5520 tuam,
389 5430 665 5528 Oomnipoteus
679 5425 787 5512 Deus,
811 5442 951 5506 aeterne
964 5440 1063 5537 pater
1114 5439 1216 5499 coetu
1237 5424 1301 5496 alii
1325 5445 1466 5518 quoque
1487 5445 1564 5494 non
1587 5421 1717 5514 saneti,
1742 5425 1802 5496 sed
1821 5423 1992 5495 tamenin
2007 5445 2091 5517 pro.
