4726 5828
11 155 13 210 l

11 223 13 276 :
109 229 133 304 ρ
239 215 244 224 ’
550 241 552 244 -
642 178 1611 302 anananmauranra'ostannnr
2093 241 2140 314 ro

108 396 158 472 Et
178 409 275 470 unus
291 398 347 469 vir
367 421 441 470 non
465 396 562 468 videt
583 395 719 470 omnies
768 393 893 466 Minus
915 415 1036 466 serere
1054 393 1098 464 de
1239 391 1376 466 'Astale
1397 397 1513 466 autem
1536 391 1715 470 Osiander
1738 402 1784 472 de
1805 403 2022 494 obligatione
2043 411 2137 484 etde

108 501 243 572 nostris
271 499 543 590 cogitationibus
573 497 788 582 indicamus,
823 509 859 567 et
885 494 1098 585 nobisipsis
1150 495 1318 568 servitute
1335 496 1441 566 initio
1455 512 1622 594 quaestus
1633 513 1704 590 est,
1730 503 1812 596 qnia
1836 502 1927 577 hanc
1941 508 2137 580 orationem

32 653 38 668 .
108 603 330 674 blandimur.
383 599 503 687 Quare
519 599 647 670 melius
664 612 715 668 est
734 621 801 669 nos
817 597 1100 668 diffidentesno·
1150 597 1214 670 scit
1236 593 1360 670 moltis
1380 609 1515 688 gratam
1536 622 1626 684 esse,
1652 603 1713 673 sed
1731 604 1804 696 ipse
1829 600 1914 678 haec
1938 631 2081 700 paterga
2102 624 2138 682 et

11 709 13 738 '
109 705 191 775 stris
210 701 369 779 iudiciis,
395 700 548 770 aliorum
572 699 768 790 peritorum
787 697 935 768 consilia
958 719 1099 790 qraoque
1150 699 1330 790 prooemia
1352 699 1497 769 alterius
1522 723 1658 792 pugnae
1687 723 1759 776 esse
1782 706 1904 782 voluit.
1963 709 2138 781 Dissensit

11 863 12 866 ,
108 804 247 874 audire.
297 797 507 870 Traduntur
526 824 608 889 ergo
628 796 715 872 haec
735 812 917 894 pmesepta
938 799 977 866 in
991 797 1100 891 Syra·
1149 795 1575 882 anostrisEeclesiisnon
1591 802 1927 892 mododelusticia,
1951 812 2135 896 sedetiam

109 906 187 974 cide
203 923 278 992 esp.
292 899 346 976 6.:
381 899 422 971 Si
449 899 601 972 libenter
623 902 764 986 audies,
789 899 938 990 accipies
959 899 1100 990 sapien·
1149 896 1393 980 assentarie,
1417 915 1457 971 ut
1471 901 1509 972 in
1524 905 1746 976 sermonibus
1757 908 1830 978 suis
1845 931 1946 999 saepe
1959 897 2137 999 significa-

11 999 14 1004 *
109 1007 208 1084 tiam.
259 1001 302 1072 tn
329 1002 559 1072 multitudine
578 1000 766 1074 seniorum
787 1000 988 1084 consistito,
1019 1011 1053 1070 el
1069 999 1099 1068 si
1149 999 1212 1070 vit.
1261 996 1309 1070 Et
1331 995 1456 1072 habuit
1477 1001 1545 1072 alia
1567 1007 1737 1096 quaedam
1756 1010 1913 1092 somnia,
1938 1034 2138 1104 quaene„-

110 1103 189 1194 quis
207 1102 431 1192 estsapiens,
458 1103 745 1191 eiteadiungito.
779 1099 820 1172 si
836 1101 967 1170 videris
982 1099 1098 1170 virum
1149 1103 1235 1172 dum
1251 1101 1606 1192 prolerreaasusest
1642 1103 2002 1180 idcoConlessionem
2012 1109 2138 1201 Angu-

107 1202 387 1290 intelligentem,
407 1226 511 1272 mane
536 1203 678 1273 festines
695 1205 739 1274 ad
762 1225 860 1282 eum,
887 1214 921 1271 et
943 1201 1029 1270 liant
1045 1214 1100 1270 at·
1147 1216 1286 1274 sunam
1312 1215 1467 1273 evertere
1489 1218 1635 1278 conatus
1656 1221 1717 1280 est.
1768 1206 1822 1280 De
1844 1233 1983 1281 summa
2004 1213 2136 1283 doctri·-

108 1304 185 1386 ‚tciti
203 1305 336 1392 gradm
355 1302 480 1374 ianuae
496 1303 572 1372 eius
595 1305 666 1375 tuis
682 1302 848 1392 vestigiis.
897 1298 1119 1372 AcPaulus¹
1147 1324 1215 1375 nae
1236 1302 1369 1373 bellum
1392 1303 1523 1389 movit,
1547 1329 1621 1384 non
1640 1321 1778 1381 tautum
1800 1311 1844 1380 de
1869 1312 2035 1401 perergis.
2089 1312 2136 1386 Ut

108 1405 293 1474 manifeste
309 1403 443 1496 inquit:
469 1402 509 1476 Si
524 1403 630 1474 luerit
648 1405 785 1474 sedenti
809 1403 1018 1480 revelatum,
1045 1413 1097 1471 ta·
1148 1416 1267 1474 autem
1280 1399 1538 1494 Demosthenes
1554 1411 1734 1498 respondit
1749 1406 1929 1497 Aeschini,
1954 1427 2038 1484 tnnc
2054 1438 2135 1482 cum

109 1519 184 1574 ceat
201 1505 312 1595 prior.
362 1499 409 1573 Et
425 1504 502 1574 volt
518 1500 734 1596 Episcopum
749 1527 823 1572 non
836 1527 910 1572 esse
931 1494 1096 1594 αὐθάδη.
1147 1501 1309 1595 Respub.
1329 1518 1410 1574 ante
1433 1506 1566 1577 bellum
1590 1509 1713 1598 petivit
1738 1510 1948 1598 consilinm,
1973 1515 2136 1584 debuisse

108 1601 205 1674 Haec
230 1604 349 1674 omnia
373 1603 555 1674 verissime
578 1618 780 1694 congruunt
798 1599 964 1674 cumhac
979 1617 1116 1698 nostra
1149 1628 1229 1676 eoru
1250 1605 1461 1677 sententiam
1486 1607 1622 1691 dicere,
1657 1623 1735 1699 post
1760 1610 1797 1678 id
1825 1625 1962 1704 tempus
1988 1615 2136 1704 perinde

68 1772 71 1778 .
110 1704 458 1789 commonefactione,
483 1729 571 1798 quae
589 1705 784 1774 deliberare
799 1729 879 1775 curn
894 1703 972 1772 aliis
988 1705 1097 1786 iubet,
1148 1729 1228 1779 cum
1248 1707 1442 1794 facerent
1465 1706 1548 1778 lacit
1568 1711 1725 1781 medicus
1745 1713 1931 1782 accersitus
1951 1716 1995 1784 ad
2013 1737 2137 1803 aegro-

108 1829 182 1874 non
206 1804 306 1874 iubet
323 1828 395 1874 esse
417 1801 550 1900 κωφὸν
572 1799 790 1902 πρόσωπον,
817 1817 852 1874 et
875 1805 1023 1894 pedibus
1046 1805 1096 1872 ire
1147 1821 1241 1888 turn,
1267 1831 1348 1876 cnm
1366 1801 1458 1874 nihil
1473 1807 1570 1878 dedit
1585 1811 1743 1897 consilii,
1768 1813 1897 1887 deinde
1912 1815 2137 1908 sequeuslt»

105 1905 144 1972 in
171 1905 324 1972 alienam
347 1905 575 1986 sententiam,
602 1920 641 1976 ut
663 1899 749 2002 haec
774 1905 971 1975 accumulat
988 1900 1096 1974 homo
1146 1929 1235 1990 nus,
1260 1907 1325 1997 ait:
1357 1905 1401 1978 ¹Si
1423 1906 1488 1976 iste
1505 1900 1612 1982 homo
1635 1905 1703 1982 hoc
1728 1926 1763 1982 et
1785 1907 1853 1984 hoc
1875 1913 2029 2002 lecisset,
2060 1939 2137 1984 uon

105 2021 139 2076 ct
158 1998 333 2096 αὐθάδης
348 2021 381 2076 et
395 2029 517 2074 amans
534 2007 791 2076 calumniarum
811 2007 876 2075 iste
893 2004 1017 2080 Cleon.
1146 2021 1237 2078 esset
1253 2021 1423 2104 mortuos.

208 2103 357 2190 iubent,
389 2106 526 2198 inquit,
555 2108 750 2177 deliberare
773 2130 853 2176 cum
876 2103 974 2190 aliis,
1012 2125 1093 2194 ergo

108 2220 239 2294 cogunt
268 2207 348 2275 aliis
381 2206 563 2277 adsentiri.
615 2205 692 2277 Hor
727 2206 847 2284 attexit
881 2205 1096 2276 calumniose
1246 2139 1298 2212 lu
1314 2135 2136 2218 Odandmuncmmd⁹⁰⁰¹¹s²⁸⁸3⁰¹¹⁶deiib*·

195 2303 204 2327 ,
255 2299 263 2325 ,
293 2303 302 2329 ,
340 2299 349 2328 ,
595 2308 604 2323 ,
971 2305 979 2322 ,
1145 2240 1301 2312 rationes
1316 2255 1441 2321 essent,
1464 2257 1539 2311 noo
1554 2245 1833 2334 proposuit‘soas
1848 2249 2048 2334 sententias,
2069 2273 2134 2318 nee

107 2333 209 2399 παρα
224 2332 269 2376 το
285 2330 477 2398 ⁶⁷¹⁰W⁰⁷³
505 2319 544 2377 ¹¹²
558 2307 627 2376 ⁸¹¹³
640 2307 761 2378 mulia·
812 2303 883 2375 Nec
904 2323 1095 2396 ⁰⁰g¹¹⁰¹¹¹¹¹⁸
1144 2342 1294 2410 formam
1319 2343 1475 2433 aliquam
1497 2344 1655 2434 scripsit,
1688 2369 1753 2416 nec
1773 2348 1967 2418 scribentes
1988 2349 2136 2420 adiuvit.

11 2465 12 2492 t
108 2409 210 2523 1]θρῗὸ
236 2407 406 2526 θξῙὸθῧῑΞῑῑ
432 2432 652 2525 quenquam,
670 2431 753 2525 ,¹¹⁰⁶
777 2401 833 2475 Μ*
854 2409 1096 2523 ³dV⁸f⁵³f⁰¹¹fa
1146 2438 1304 2509 'l'antnm
1325 2455 1369 2512 ut
1383 2443 1448 2510 alii
1461 2443 1607 2534 quidem
1628 2446 1718 2516 ebrii
1735 2447 1774 2514 in
1791 2449 1984 2534 conviviis,
2010 2453 2134 2518 mode-

106 2533 168 2600 qur
187 2522 387 2578 testimonia
401 2507 555 2603 Spiritus
570 2523 680 2579 sancta
697 2503 847 2591 habent,
870 2509 931 2576 sed
947 2532 985 2577 tn
1002 2509 1094 2576 rodr-
1144 2540 1259 2610 ,afim
1271 2542 1364 2612 dim
1379 2543 1521 2614 mavit·
1722 2547 1726 2558 ·

108 2610 220 2677 cando
238 2608 468 2696 diligentiam,
490 2609 738 2693 contationem,
764 2607 983 2693 modestiam,
1002 2610 1094 2676 addo

107 2709 212 2776 ctiam
229 2709 524 2778 consociationem
541 2709 750 2797 flagitamus.
795 2706 970 2778 Nolumus
985 2711 1094 2776 auda·
1243 2775 1252 2792 ,
1412 2775 1420 2793 ,
1807 2783 1815 2798 ,
2062 2786 2072 2802 ,

106 2810 157 2878 tia
176 2822 211 2876 et
235 2803 422 2879 αὐθαδεία
438 2808 618 2880 iuniorum
635 2810 745 2877 deleri
759 2807 936 2876 Ecclesiae
951 2808 1095 2891 iudici„
1146 2775 1266 2844 debuit
1288 2773 1465 2846 Ecclesiae
1488 2779 1625 2862 deesse,
1652 2803 1732 2848 curn
1756 2785 1897 2874 quidem
1921 2797 2134 2855 sententiam

106 2908 144 2976 iu
167 2931 236 2999 qua
261 2908 462 2977 etiamnum
483 2909 548 2978 uni
574 2909 681 2978 alicui
704 2911 742 2980 fit
766 2908 952 2988 revelatio,
976 2923 1094 2978 tamen
1146 2875 1261 2993 ὤρεξε
1284 2877 1398 2993 ἰΡῗεῦῗ
1420 2891 1520 2947 ⁸⁵⁸⁰¹⁸
1573 2878 2132 3002 N⁰P⁰⁵¹⁹³q⁰id²mffeapef⁰i²

106 3009 277 3079 accedunt
301 3009 519 3093 testimonia,
553 3010 682 3101 quibus
706 3011 897 3079 flectuntur
916 3007 1030 3102 aliqui
1048 3011 1092 3078 ad
1146 2997 1249 3042 ΜΝ*
1270 2989 1407 3064 ν’ἶωῃ·
1459 2975 1564 3047 Nunc
1585 2981 1726 3100 ¹³¹Jf³⁰¹n
1751 2999 1792 3098 εἴ
1815 2982 1922 3071 ¹⁰¹¹3⁰
1944 2987 2135 3054 ¹¹¹²ffl³n⁰

11 3191 12 3194 ,
105 3110 323 3198 agnitionem
340 3109 515 3198 mimis,
541 3134 586 3178 ne
604 3110 718 3180 desim
736 3110 993 3198 suffragatores·
1145 3075 1242 3146 velot
1266 3099 1307 3144 ex
1329 3091 1434 3146 antro
1454 3073 1655 3196 'IJrophonrr
1684 3083 1850 3170 prodiens
1876 3105 1967 3153 nova
1990 3088 2132 3209 orpcnla

11 3195 12 3208 i
207 3206 268 3278 An
291 3207 396 3277 talem
412 3210 488 3280 vult
509 3232 583 3278 csse
603 3203 797 3280 Ecclesiam
820 3209 883 3278 iste
898 3206 1030 3294 Cleon,
1054 3224 1095 3280 ut
1146 3177 1275 3294 ὤμ’
1303 3191 1338 3246 ⁹²
1366 3179 1549 3247 ‘¹⁰‘d'iu‘
1572 3175 1663 3248 hane
1688 3203 1787 3249 mam
1815 3205 2089 3283 flvmi‘wi'm
2112 3211 2133 3255 ⁸

11 3281 12 3298 ἵ
104 3309 272 3380 describit
283 3307 428 3379 Silenus
442 3309 614 3403 Cyclopas
637 3310 888 3403 interrogatus,
915 3311 1029 3402 qualis
1049 3311 1094 3380 sit
1145 3277 1394 3394 mminfififfli
1413 3273 1650 3398 E⁰⁰¹⁸⁸i³fi⁰¹¹¹
1672 3295 1891 3370 ⁰⁰⁸¹f³mm2
1915 3287 2134 3404 {venenatis

103 3411 332 3500 gubernatio,
357 3434 438 3480 ,um
458 3411 524 3480 ait:
1145 3399 1314 3445 convictis
1351 3388 1385 3445 et
1422 3377 1620 3452 calumnias.
1679 3378 1730 3450 Et
1759 3395 1933 3453 tamensi
1963 3388 2134 3476 explicate

254 3505 405 3586 ,ομωιὴ
424 3502 527 3570 amp„
549 3503 650 3580 “3533
671 3502 760 3570 οὐδὲ,
782 3503 916 3582 οὐδενός,
1146 3477 1272 3545 diceret
1289 3477 1372 3568 qnid
1389 3477 1528 3560 sentiat,
1550 3479 1747 3550 audiendos
1760 3499 1858 3556 esset.
1898 3484 1969 3556 Sed
1985 3488 2065 3556 talis
2082 3501 2133 3558 est

1143 3577 1338 3647 obscuritas
1362 3577 1398 3644 in
1423 3577 1493 3644 illis
1514 3580 1681 3662 oraculis,
1707 3595 1748 3650 nt
1770 3582 1823 3651 illi
1851 3585 2034 3678 etiamqui
2050 3608 2132 3656 enm

1146 3691 1284 3761 amant,
1318 3677 1517 3747 desiderent
1539 3678 1800 3768 explicationes.
1859 3684 2000 3754 Possem
2022 3689 2134 3758 mralta

1144 3777 1331 3858 sciscitari,
1357 3779 1416 3848 sed
1435 3801 1479 3846 ne
1495 3781 1697 3850 saucientur
1709 3804 1812 3850 verae
1835 3798 1988 3870 mentes,
2013 3791 2133 3858 retias

1247 2673 1351 2744 Tunc
1369 2675 1408 2743 in
1430 2675 1578 2746 articulo
1601 2689 1719 2748 tantae
1741 2679 2024 2768 deliberationis,
2058 2709 2133 2753 non

11 3663 12 3668 η
102 3609 142 3680 si
159 3611 240 3702 quis
261 3611 365 3680 talem
380 3609 623 3680 confusionem
644 3622 756 3694 amat,
781 3612 909 3698 cogitet
923 3611 1113 3702 scriptum.

100 3733 195 3795 esse,
226 3707 324 3780 Deos
352 3723 502 3781 nonest
528 3723 633 3780 antor
660 3706 944 3790 ἀκαταστασίας.
1008 3711 1093 3781 ltem

101 3811 227 3880 omnia
253 3812 378 3881 decore
401 3824 436 3882 et
458 3812 584 3880 ordine
605 3811 703 3886 fiant,
752 3809 869 3902 Quam
891 3807 1001 3881 inulta
1023 3813 1093 3882 dici

100 3923 248 4004 possent
260 3913 304 3978 de
320 3911 464 3980 vitanda
485 3910 749 4002 praecipitantia
770 3910 810 3978 in
827 3911 1035 3996 iudicando,
1060 3926 1093 3982 et
1142 3903 1207 3970 μοι
1224 3876 1386 3968 εὔστομα
1400 3874 1562 3964 κείσθω)
1590 3893 1629 3950 ¹¹¹
1645 3878 1851 3984 H‘mdmu‘
1864 3885 1980 3956 ‘'ist'‘
1997 3888 2097 3957 ΨΜ·

104 4015 151 4082 de
164 4012 319 4081 utilitate
335 4011 630 4082 deliberationum
649 4035 729 4080 curn
745 4011 833 4094 aliis,
859 4013 887 4080 si
901 4035 990 4102 opus
1007 4025 1093 4082 esset
1247 4009 1381 4084 iactitat
1410 4037 1446 4084 se
1469 4017 1566 4085 velut
1589 4011 1797 4087 Promethea
1830 4019 1945 4109 ignem
1970 4022 2013 4088 de
2035 4021 2135 4091 coelo

101 4114 266 4201 longiore
284 4111 454 4184 oratione.
515 4109 586 4191 Sed
610 4112 648 4179 in
670 4135 708 4180 re
730 4113 912 4183 manifesta
935 4138 1008 4181 non
1032 4138 1092 4182 ero
1144 4115 1319 4194 attulisse,
1351 4139 1477 4186 novam
1506 4115 1664 4187 iusticias
1687 4118 1939 4193 definitionem.
1991 4117 2132 4192 iusticia

100 4214 286 4302 prolixior.
338 4211 494 4283 Tanttrm
512 4208 692 4303 hoepeto,
716 4207 865 4283 othunc
888 4215 1094 4304 praestigia·
1144 4233 1212 4301 cst,
1235 4215 1799 4310 qnaeefficitutiustalaciamns.
1853 4217 2135 4292 Eteiusdavrs-

103 4329 214 4385 torem
230 4312 377 4403 propius
393 4313 633 4392 consideretis,
660 4337 700 4382 ac
718 4315 978 4402 perversitatem
996 4317 1092 4386 dete·
1145 4312 1377 4416 ραγωνίστης
1408 4317 1477 4383 iarn
1512 4317 1653 4387 deducit
1679 4341 1745 4387 nos
1771 4321 1815 4389 ad
1845 4318 2133 4404 iurisconsultus,

102 4413 264 4496 stamini,
290 4438 358 4506 qna
380 4428 504 4483 contra
520 4413 768 4482 conscientiam
787 4437 885 4482 suam
905 4409 1092 4505 sophistice
1143 4432 1315 4490 monstrat
1332 4431 1480 4484 veterem
1492 4415 1687 4487 Simonidis
1702 4420 1963 4490 definitionem:
1990 4419 2133 4491 lustitia
2162 4449 2177 4511 ‘.

101 4517 270 4605 depravat
286 4538 420 4584 morem
437 4514 496 4604 pio
511 4529 547 4584 et
561 4515 642 4582 utili
658 4513 806 4583 consilio
824 4513 1035 4599 institutum,
1059 4531 1093 4587 et
1143 4534 1193 4591 est
1211 4527 1376 4588 constans
1390 4530 1424 4585 et
1441 4529 1606 4606 perpetua
1621 4517 1786 4587 volontas
1801 4543 1903 4589 sunm
1924 4521 2050 4611 cuique
2067 4522 2133 4589 tri-

100 4616 224 4684 multis
241 4615 325 4684 viris
347 4616 490 4706 optimis
511 4616 720 4705 probatum,
752 4637 905 4703 qnorum
930 4617 1091 4685 salutaris
1142 4621 1266 4690 bueus.
1317 4614 1385 4684 His
1401 4615 1603 4685 dictissons
1619 4616 1717 4687 locus
1732 4641 1817 4688 sane
1833 4620 2027 4703 tribuatur,
2051 4641 2134 4690 enm

99 4730 152 4784 est
176 4716 386 4804 gubernatio
417 4717 543 4808 passim
568 4715 606 4782 in
631 4712 798 4784 Ecclesiis
822 4732 856 4786 et
880 4710 1091 4790 Academiis.
1142 4725 1185 4790 de
1209 4719 1366 4787 novitate
1390 4740 1450 4784 sen
1480 4718 1525 4784 de
1544 4717 1744 4787 obedientia
1770 4720 1910 4788 dicitur.
1963 4718 2034 4790 Sed
2057 4745 2132 4790 non

11 4875 12 4920 ἱ
100 4813 142 4884 Si
163 4816 277 4886 voluit
300 4813 372 4884 esse
394 4829 446 4886 tot
468 4813 704 4886 Ecclesiarutn
730 4837 876 4899 censor,
907 4819 1089 4884 candidio·
1142 4821 1321 4914 pertinent
1337 4819 1381 4885 ad
1409 4817 1561 4887 dictnm:
1589 4813 1766 4888 iustificati
1791 4819 1858 4885 bde
1883 4843 2001 4908 pacem
2022 4817 2133 4890 lrabe-

99 4939 173 4985 rem
190 4915 350 4984 animum
366 4918 407 4984 ad
424 4917 512 4988 alios
527 4919 705 4986 docendos
720 4916 856 4984 adferre
871 4917 1005 5001 debuit,
1029 4919 1088 4987 sed
1142 4945 1229 4994 rnrrs.
1282 4917 1324 4987 ln
1348 4941 1432 5010 vero
1455 4939 1567 5007 agone
1590 4931 1623 5013 et
1653 4940 1756 4986 sensu
1780 4919 1852 4987 irae
1872 4919 1939 4990 Dei
1965 4945 2039 4990 non
2065 4917 2132 4992 boe

98 5031 267 5088 naturam
285 5037 385 5086 suam
409 5019 542 5108 pingit,
576 5041 655 5086 cnm
672 5019 760 5084 adeo
777 5036 879 5106 saepe
902 5041 940 5088 ea
959 5041 1090 5108 quaes
1142 5025 1359 5112 disputatur,
1391 5042 1441 5088 en'
1462 5019 1551 5090 insta
1575 5018 1761 5102 iaciamus,
1793 5023 1855 5088 sed
1883 5023 2036 5091 latemur
2063 5047 2132 5092 nos
2222 5089 2229 5094 .

96 5119 319 5188 nubimenta
341 5119 434 5188 dicta
462 5130 740 5198 aut-artantur,
773 5117 1032 5208 suspicionibus
1055 5134 1089 5188 et
1140 5125 1302 5194 miseram
1319 5133 1355 5190 et
1369 5121 1540 5212 pollutam
1558 5138 1705 5185 massam
1719 5142 1805 5203 esse,
1830 5134 1864 5191 et
1879 5124 2017 5213 quaerit
2032 5147 2134 5192 mens

96 5218 295 5288 calumniis·
311 5218 420 5290 flectit
446 5219 485 5288 isi
505 5217 677 5304 deterius,
710 5217 980 5289 malevolentiae
1006 5219 1090 5292 strae'
1138 5217 1317 5320 quomodo
1334 5222 1484 5310 accipiat
1499 5217 1738 5287 remissionem
1758 5234 1991 5309 peccatorum,
2014 5235 2056 5293 ac
2071 5247 2130 5292 re·
2168 5215 2179 5222 ’

96 5344 233 5389 rnorem
247 5341 384 5410 gerens.
1136 5325 1432 5400 conciliationem.
1469 5319 1510 5390 ln
1526 5307 1593 5390 h&
1611 5317 1704 5391 lucta
1720 5317 1901 5392 Mediator
1916 5323 2131 5408 ostenditur,
