4604 5804
588 809 618 894 l.
683 801 1149 896 CHRONIGON
1196 799 1595 896 clarente.

978 1025 1191 1047 W

79 1141 369 1264 Melanthonem
391 1207 499 1254 rerunt
521 1187 562 1252 ah
583 1187 674 1254 initio
695 1199 864 1273 gestarum
885 1189 1101 1274 cognitionem
1123 1191 1206 1252 satis
1229 1187 1421 1272 profundam
1442 1187 1617 1272 hahuisse,
1645 1195 1774 1275 qudem
1795 1195 1891 1265 homo
1911 1199 2027 1270 doctus
2047 1207 2100 1273 illo
2217 1191 2221 1198 ’

78 1327 220 1398 tempore
242 1307 363 1402 hahere
378 1307 493 1389 potuit,
513 1307 637 1390 scripta
657 1306 729 1370 eius
750 1307 874 1372 minora
896 1306 979 1372 satis
1001 1314 1174 1370 testantur.
1203 1306 1279 1371 Non
1302 1305 1405 1370 solum
1428 1307 1568 1370 enimin
1591 1307 1738 1390 epistolis
1759 1315 1849 1379 etin
1870 1317 1996 1384 iudiciis
2019 1327 2100 1410 suis,

79 1441 113 1496 nt
132 1430 233 1494 etiam
255 1426 289 1488 in
312 1421 585 1508 praefationibus,
607 1439 690 1506 quas
712 1423 847 1488 aliorum
867 1423 958 1488 libris
980 1419 1143 1504 praeficit,
1165 1421 1324 1487 abundem
1346 1423 1501 1488 historiae
1524 1425 1664 1507 priorum
1685 1429 1867 1496 seculorum
1885 1439 2102 1521 cognitionem

78 1541 340 1628 conspiciendam
368 1540 533 1626 praebuit,
567 1538 630 1614 ‚sed
658 1541 756 1606 etiam
784 1542 818 1604 in
846 1537 1045 1605 orationibus
1073 1535 1268 1604 academicis
1299 1540 1433 1622 saepius
1461 1543 1617 1608 tractarit
1645 1555 1838 1630 argumenta
1865 1549 2019 1638 historica
2044 1557 2101 1620 in·

79 1663 161 1746 signi
181 1657 288 1726 modo.
1391 1737 1405 1749 .
1881 1642 1884 1648 ⁵

197 1774 309 1840 Unum
337 1791 416 1836 vero
444 1781 570 1848 tanturn
599 1769 700 1858 edidit
727 1771 900 1856 scriptum,
933 1769 1019 1854 quod
1047 1780 1149 1835 totam
1178 1770 1347 1836 historiam
1378 1773 1627 1855 praeteritorum
1655 1785 1839 1864 temporum
1865 1785 2098 1872 amplectitur,

77 1891 223 1956 videlicet
249 1886 433 1956 chronicon
453 1884 592 1954 loconis
615 1885 785 1964 Curionis,
815 1887 940 1970 dequo
963 1906 1049 1952 nunc
1070 1888 1163 1951 nobis
1186 1888 1297 1970 paucis
1319 1887 1547 1972 exponendum
1569 1900 1633 1955 est.

195 2007 251 2072 De
272 2001 421 2070 (larionis
450 2004 523 2067 vita
548 2011 583 2067 et
610 2005 743 2085 scriptis
772 2014 817 2089 et
831 2005 1021 2097 ⁴nominatim
1051 2005 1125 2067 eius
1154 2003 1304 2069 chronica
1332 2003 1477 2070 breviter
1508 2005 1568 2070 sed
1596 2025 1659 2071 non
1687 2009 1808 2096 ubique
1834 2031 1916 2079 vere
1945 2021 2097 2100 exposuit

76 2133 182 2190 auctu
209 2121 343 2206 quidam
377 2121 408 2184 in
441 2122 521 2204 „ber
549 2117 750 2204 ἵῑῐιιιιιιίιιιιι
778 2116 991 2204 dumbopibir
1026 2123 1075 2188 ber
1105 2119 1339 2202 Qillroldpoftcu
1374 2124 1436 2189 urb
1465 2118 1578 2202 thule
1612 2137 1671 2190 ooo
1704 2125 1807 2210 held>
1844 2133 1906 2198 urb
1937 2131 2095 2204 (bruher.

75 2236 133 2306 hb.
151 2237 242 2302 xxi.
274 2237 319 2306 Θ.
338 2238 431 2321 48.”,
467 2235 527 2301 sed
554 2237 687 2300 uberius
715 2247 750 2300 et
776 2237 876 2302 multo
905 2235 1033 2301 doctius
1064 2233 1109 2302 bri
1130 2233 1368 2313 &trahebat
1388 2235 1421 2304 iu
1444 2237 1539 2318 [circo
1560 2235 1797 2332 „lliilrcitouceu
1824 2241 2013 2332 literatildpra
2036 2251 2095 2328 Sto:

70 2355 181 2434 betta”
216 2353 351 2436 555111
380 2353 425 2424 Q
442 2352 642 2420 tlt-206:
666 2353 776 2436 „idm
797 2351 929 2426 tortora
951 2351 1043 2431 tritu
1066 2355 1128 2420 aab
1151 2347 1337 2433 &brittas

191 2471 304 2564 Natus
324 2480 379 2534 est
399 2466 543 2548 loannes
566 2465 689 2534 Carion
710 2488 740 2531 a
756 2469 841 2541 1199
861 2471 895 2533 in
917 2467 1067 2552 oppidulo
1090 2469 1285 2554 Biatigheim
1306 2469 1340 2532 in
1370 2469 1562 2551 episcopatu
1584 2469 1884 2562 wurceburgensi,
1918 2491 1953 2546 et
1977 2484 2092 2550 literas

76 2583 175 2652 didicit
194 2588 404 2672 potissimum
424 2585 458 2648 in
480 2582 592 2648 schola
613 2583 882 2669 Witehergensi,
911 2587 965 2649 ubi
986 2587 1198 2652 Melanthone
1220 2605 1298 2671 prae
1318 2587 1438 2650 ceteris
1460 2585 1591 2651 doctore
1614 2597 1668 2651 est
1689 2607 1781 2654 usus.
1834 2593 1984 2661 Vocatus
2009 2601 2094 2666 tuat

74 2703 227 2770 inanlarn
251 2702 403 2770 loechimi
424 2701 466 2785 l.,
488 2701 594 2765 Princ.
617 2700 721 2764 hllect.
744 2699 926 2768 Brandenb.
947 2712 985 2767 ut
1005 2703 1262 2768 Mathematicus
1284 2703 1394 2785 aulae,
1415 2701 1598 2787 Principem
1619 2703 1804 2771 llloctoram
1825 2708 1950 2796 ipsum,
1978 2725 2090 2778 astro·
2204 2735 2210 2738 ·

75 2819 170 2904 logice
192 2821 357 2903 deditum,
391 2827 427 2882 et
456 2817 540 2882 fihos
568 2818 640 2881 eius
668 2815 777 2882 docuit
804 2809 1066 2884 mathematicam
1094 2829 1129 2883 et
1156 2820 1376 2904 astrologiam.
1432 2817 1522 2883 Idem
1551 2839 1651 2897 vero,
1684 2823 1762 2887 vino
1790 2825 1922 2892 nimium
1951 2827 2091 2917 deditus,

75 2933 152 3002 diem
171 2940 238 3006 iam
260 2937 339 3002 obiit
360 2955 389 3001 a
406 2933 507 3018 15³8,
533 2944 741 3017 praematura
761 2933 919 3016 abreptus
939 2945 1055 3020 morte.
1099 2935 1229 3019 Scripta
1250 2937 1323 2999 eins
1344 2936 1554 3022 astrologica,
1580 2935 1788 3018 potissimum
1808 2943 1978 3030 vaticinia,
2005 2963 2090 3030 qnae

74 3050 180 3137 edidit,
207 3053 379 3120 recensuit
401 3051 585 3118 Strohelius
606 3052 627 3115 l.
645 3052 669 3118 l.
716 3049 897 3117 Praeterea
918 3051 1017 3117 etiam
1038 3052 1309 3134 compendiariam
1328 3071 1436 3117 rerum
1457 3070 1479 3115 a
1499 3053 1619 3117 mundo
1651 3054 1781 3120 condito
1807 3055 1991 3143 historiam,
2029 3078 2089 3126 se·

74 3167 203 3236 eundum
224 3171 375 3238 Danielis
395 3169 585 3234 vaticinium
606 3167 648 3232 de
669 3177 807 3250 quatuor
828 3167 939 3233 mundi
958 3168 1153 3232 monarchiis
1180 3167 1391 3252 dispositam,
1423 3171 1632 3256 conscripsit,
1666 3167 1856 3254 „ditonis”
1883 3177 2087 3262 appellatam,

73 3299 197 3368 eamque
210 3285 432 3366 Melanthoni,
452 3260 659 3366 praeceptori
678 3284 784 3360 misit,
805 3294 842 3349 nt
862 3303 934 3348 eam
954 3285 1158 3368 perlegeret,
1180 3285 1303 3366 passim
1325 3283 1531 3368 emendaret,
1553 3305 1689 3370 eamque
1710 3305 1732 3350 a
1752 3291 1956 3374 typographo
1970 3293 2088 3359 Wite-

72 3395 215 3486 bergensi
239 3402 330 3488 typis
357 3400 500 3464 exscribi
528 3405 671 3462 curaret.
725 3397 776 3463 De
804 3417 868 3482 qua
894 3417 931 3462 re
952 3399 1144 3467 Melanthum
1173 3399 1214 3462 ad
1243 3399 1464 3464 Camerarium
1492 3403 1583 3484 (Vol.
1598 3403 1638 3466 ll.
1662 3421 1693 3486 p.
1707 3401 1802 3488 505.)
1830 3403 1913 3471 haec
1942 3410 2086 3491 scripsit:

72 3511 208 3594 „Carion
230 3519 322 3582 misit
339 3515 408 3581 hnc
424 3511 555 3604 χρονικᾶ
577 3512 787 3598 excudenda,
815 3513 875 3580 sed
896 3533 938 3578 ea
958 3514 1050 3599 lege,
1078 3523 1115 3577 ut
1136 3533 1199 3598 ego
1221 3516 1437 3580 emendarem.
1480 3518 1567 3581 Sunt
1588 3518 1691 3590 multa
1710 3520 1835 3603 scripta
1854 3523 2085 3608 negligentius.

71 3629 201 3716 „ltaque
221 3653 286 3718 ego
307 3644 412 3701 totum
428 3651 511 3716 opus
533 3642 665 3714 retexo,
687 3641 722 3695 et
744 3630 872 3715 quidem
893 3632 1093 3716 germanice,
1122 3639 1156 3694 et
1177 3633 1333 3695 constitui
1351 3633 1520 3716 complecti
1542 3635 1736 3718 praecipuas
1756 3639 1954 3702 mutationes
1975 3645 2084 3706 maxi-

69 3764 209 3824 „morum
231 3752 471 3836 imperiorum.”
518 3750 572 3812 hlx
592 3748 720 3813 verbis:
752 3767 815 3832 ego
838 3758 941 3814 totum
962 3767 1045 3834 opus
1065 3758 1198 3829 retexo,
1230 3749 1401 3812 voluerunt
1423 3747 1553 3831 quidem
1574 3752 1668 3840 multi
1688 3755 1864 3838 coniicere,
1894 3757 1957 3821 hoc
1979 3768 2083 3825 totum

71 3865 215 3946 scriptum
242 3885 307 3932 non
336 3865 465 3950 quidem
485 3865 636 3958 (larionis
663 3863 724 3930 sed
744 3865 967 3930 Melanthonis
996 3883 1093 3948 esse,
1121 3883 1218 3948 quam
1248 3864 1376 3946 quidem
1405 3866 1623 3930 coniecturam
1644 3867 1829 3953 Peucerus,
1864 3871 2084 3938 Melanthonis

69 3993 176 4064 gener,
197 4003 259 4050 suo
280 4001 407 4067 quoqne
429 3983 634 4048 confirmavit
656 3984 858 4066 testimonio,
878 3983 931 4065 qni
952 3983 984 4046 in
1006 3981 1209 4046 dedicatione
1231 3980 1381 4046 Chronici
1400 3982 1550 4048 entonis
1571 3963 1651 4046 editi
1673 4001 1701 4047 a.
1723 3983 1807 4049 15⁷2
1828 3983 1910 4050 haec
1932 3992 2079 4072 scripsit:

70 4093 215 4172 ‚‚N⁰men
239 4099 392 4168 Chronici
413 4099 562 4165 (larionis
584 4102 716 4181 retinui,
751 4101 826 4184 quia
853 4110 980 4164 mutare
1012 4100 1101 4164 illud'
1117 4110 1209 4164 autor
1239 4100 1361 4182 primus
1388 4108 1523 4162 sanctae
1550 4101 1740 4182 memoriae,
1774 4098 1856 4163 Phil.
1878 4104 2080 4183 Melanthon,

68 4227 178 4285 »teter
198 4234 310 4300 meus,
330 4219 443 4282 noluit.
487 4217 627 4282 Occasio
650 4217 788 4279 nominis
809 4211 906 4281 huius
925 4216 1000 4280 inde
1022 4217 1150 4300 extitit,
1176 4216 1261 4300 quod
1283 4236 1357 4282 cnm
1377 4217 1444 4280 loh.
1466 4215 1584 4280 Carion
1606 4215 1858 4280 mathematicus
1880 4210 1956 4282 ant'e
1977 4239 2080 4286 annos

69 4331 298 4420 „qnahnginta
318 4335 484 4418 coepisset
512 4345 689 4398 contexere
716 4333 908 4417 chronicon,
941 4341 977 4396 et
998 4332 1293 4420 recognoscendum
1316 4343 1350 4396 et
1371 4330 1623 4415 emendandum,
1657 4332 1843 4415 priusquam
1865 4336 1975 4415 praelo
1997 4339 2079 4402 sub·

68 4440 251 4534 liceretur,
285 4453 431 4516 misisset
450 4449 491 4515 ad
513 4451 593 4514 Phil
615 4449 794 4534 Melanth,
828 4451 897 4532 hic,
919 4447 1004 4532 quod
1019 4468 1137 4542 *parum
1159 4449 1365 4533 probaretur,
1392 4453 1495 4512 tolum
1517 4444 1654 4512 adolevit
1674 4465 1741 4512 urta
1762 4443 1884 4524 litura,
1912 4451 1973 4513 alio
1995 4472 2078 4517 con·

68 4565 221 4651 ιιδῦῐίριο,
254 4571 307 4633 cui
329 4579 436 4632 tamen
458 4567 608 4634 (larionis
629 4585 747 4632 nomon
769 4567 933 4648 praefixit:
970 4565 1031 4628 sed
1052 4575 1087 4628 et
1107 4566 1185 4649 hoc,
1207 4585 1281 4629 cnm
1303 4568 1518 4647 retexuissat,
1551 4565 1644 4627 amici
1672 4582 1788 4626 nomen
1816 4572 1851 4626 et
1878 4569 2076 4653 memoriam,

69 4692 108 4751 ot
132 4685 222 4750 euius
249 4685 431 4768 primordiis
457 4681 586 4770 ἀφορμὴ
616 4683 718 4766 prima
742 4680 893 4747 Chronici
921 4681 1115 4746 contexendi
1141 4694 1218 4748 nata
1240 4694 1338 4765 atque
1361 4679 1508 4762 prolecta
1525 4689 1633 4763 esset,
1667 4680 1760 4745 titulo
1782 4681 1966 4764 posteritati
1983 4701 2077 4748 com-

68 4798 234 4874 umondare
255 4802 392 4865 voluit.”

87 5001 91 5006 η
177 4917 311 4993 Μίιιίιιιο
332 4937 413 4983 vero
435 4936 550 4982 verum
571 4927 644 4998 est,
679 4915 925 4980 Melanthonem
948 4915 1053 4978 omnia
1075 4933 1097 4978 a
1118 4914 1258 4981 Carione
1280 4915 1402 4998 scripta
1430 4933 1498 4978 ιιιια
1526 4907 1632 4996 littora
1660 4907 1831 4993 delevisse,
1863 4913 1928 4977 imo
1955 4917 2072 4982 cerba:
2183 4955 2187 4962 -

68 5021 158 5090 'dum
178 5051 259 5117 opus
279 5045 411 5118 retexo,
438 5042 564 5099 tantum
581 5032 742 5113 indicant,
769 5030 1012 5096 blelanthonem
1034 5050 1150 5112 omnes
1171 5031 1242 5094 libri
1265 5041 1378 5114 partes
1400 5030 1602 5095 emendasse.
1656 5028 1734 5094 Non
1762 5029 1848 5093 enim
1874 5029 1985 5094 omnin
2013 5033 2073 5095 sed

68 5141 179 5212 tantum
198 5149 331 5236 „mullc
351 5151 574 5235 negligentius
597 5151 746 5232 seripta''
766 5149 888 5232 reperit
909 5157 943 5212 et
962 5151 1119 5213 retexuit.
1161 5148 1251 5212 ldem
1272 5147 1464 5212 Melanthon
1484 5148 1557 5228 ipse
1579 5156 1725 5213 testatus
1746 5147 1854 5210 estin
1875 5147 2009 5229 epistola
2030 5147 2071 5212 ad

68 5246 228 5344 0111111115
248 5269 396 5354 (Vollh
418 5268 449 5354 p.
462 5265 574 5350 batt),
601 5267 655 5332 cni
675 5267 861 5352 exemplum
883 5267 1014 5352 scripti,
1044 5275 1218 5352 postquam
1241 5264 1421 5350 prodierat,
1448 5264 1627 5329 transmisit
1647 5273 1683 5331 et
1704 5263 1800 5331 sirnnl
1820 5263 1965 5346 scripsit:

1264 5409 1267 5414 ¹
1386 5383 1472 5460 4⁶⁶
