4726 5828
221 302 269 376 ἧι
906 271 1068 351 unct,
1104 265 1181 346 DE
1211 265 1548 354 ΑΝΑΤΟΜΙΑ.
1642 329 1645 342 ι
1676 347 1680 352 ,
2197 277 2248 350 82

225 466 451 542 intuendum.
500 455 543 528 lu
558 456 634 546 ipso
648 449 881 523 mansuetudo
894 468 1032 518 summa
1048 456 1117 516 est:
1142 437 1216 511 Ne·
1266 446 1440 532 facerent,
1479 460 1515 516 et
1534 445 1716 518 vocabulis
1742 447 1875 520 nostris
1895 448 2031 529 utitur,
2069 469 2151 518 cum
2178 465 2253 516 sere

228 568 317 643 mini
335 565 467 635 iniuste
488 558 661 630 irascitur.
713 548 761 622 Et
784 549 847 636 iis,
872 549 1003 641 quibus
1025 541 1219 615 iustissime
1266 547 1439 618 nominat.
1491 545 1607 618 Filius
1630 547 1762 618 dicitur
1782 541 1891 648 λόγος
1911 541 2048 622 aeterni
2064 547 2193 639 patris,
2220 560 2256 618 et

228 672 299 744 fuit
313 668 435 744 iratus,
456 684 538 732 cum
552 669 676 750 petunt
688 650 841 730 veniam,
864 664 900 719 et
914 649 1037 718 dolent
1050 668 1087 714 se
1101 645 1219 735 lapsos
1267 659 1415 741 apatre
1443 663 1479 718 et
1507 649 1581 718 lilio
1611 651 1769 740 procedit
1797 649 1952 742 Spiritus
1979 663 2133 721 sanctus.
2185 645 2253 716 His

232 795 325 854 esse,
349 763 461 861 parcit
477 774 512 832 et
526 781 586 831 eus
598 758 791 852 clementer
805 751 950 843 recipit,
972 763 1007 819 et
1021 757 1154 831 serrat,
1180 765 1221 812 ac
1268 749 1449 820 vocabulis
1461 773 1542 818 cum
1559 751 1671 820 utitur
1684 775 1753 820 vox
1766 750 1910 837 divina,
1933 753 2105 822 sumenda
2125 761 2177 820 est
2197 748 2258 818 in·

232 891 365 969 P⁰²¹¹²⁵
381 874 581 960 Ρῐῧθδθηῑεδ
597 858 744 947 “midil-
1270 851 1473 942 terpretatio
1499 875 1541 920 ex
1560 853 1803 923 membrorum
1825 875 2029 925 nostrorum
2052 850 2258 921 considera-

335 983 410 1056 Nec
430 978 500 1051 sibi
520 977 590 1070 ipsi
610 968 794 1044 dissimilis
815 979 886 1049 est,
928 964 1004 1034 sine
1024 981 1221 1058 npoowrco·
1273 952 1380 1022 tione.

237 1069 920 1184 fiilia⁰m⁰3¹¹¹¹¹⁸celefib⁰⁵i¹³⁵⁰i¹⁰‘·
953 1059 1224 1182 Ῑῖῑξῐωῧθωηί·
1374 1079 1420 1155 ln
1446 1085 1590 1154 cerebro
1621 1085 1824 1157 furmantur
1855 1085 2025 1176 imagines
2059 1085 2259 1178 cogitando.

237 1192 306 1260 bus
321 1181 605 1274 ⁰⁰¹¹sudi⁰¹¹¹lb⁰³
625 1177 671 1246 ”d
691 1174 805 1265 iPium
823 1168 862 1238 [ᾖ
878 1181 1065 1258 P¹⁰P¹l¹¹¹⁵·
1119 1165 1171 1232 ¹¹³
1190 1172 1225 1279 fl
1276 1183 1328 1256 lta
1343 1201 1506 1256 aeternus
1521 1199 1620 1277 pater
1635 1209 1710 1255 sese
1725 1187 1885 1272 intuens,
1904 1201 1942 1257 et
1955 1184 2122 1275 cogitans,
2145 1187 2261 1275 giguit

212 1277 745 1380 lietu⁸e³122¹¹¹¹¹⁵⁰r1⁰⁰rffi
811 1266 1039 1358 ΑΝΡΘΓΜὃ
1064 1289 1148 1334 vem
1175 1280 1225 1330 ⁸¹⁶
1275 1286 1465 1376 imaginem
1490 1288 1527 1354 in
1543 1312 1610 1378 qua
1626 1284 1753 1377 fulget,
1778 1312 1869 1382 quae
1890 1301 1941 1357 est
1957 1281 2076 1384 λόγοςζ
2127 1283 2175 1356 Et
2199 1281 2258 1356 bic

241 1391 361 1468 ‘bai’
385 1400 427 1458 ¹¹²
443 1408 522 1454 ‘¹¹¹¹'
540 1380 667 1450 Μίδεω
680 1376 744 1460 ⁸3²⁹
768 1385 808 1441 Μ
830 1370 890 1440 5³²
910 1368 1052 1437 vistim
1076 1389 1142 1482 Ρῗο
1166 1385 1226 1453 ὅθ·
1277 1387 1350 1478 ipse
1366 1380 1475 1488 λόγος
1491 1403 1609 1480 postea
1626 1413 1691 1458 uos
1704 1389 1891 1482 alloquens
1906 1402 2039 1479 patrem
2055 1387 2223 1458 ostendit.

242 1514 327 1562 nere
354 1487 532 1567 humano,
572 1503 645 1549 non
678 1487 841 1564 erumpat
874 1483 971 1540 extra
1006 1482 1226 1537 vocationem

244 1615 365 1674 suam,
390 1610 465 1658 non
482 1587 621 1676 adpetat
637 1577 804 1668 imperia,
829 1570 1036 1663 potentiam,
1061 1567 1228 1660 splendo-

244 1717 341 1776 rem,
366 1713 441 1760 non
455 1684 608 1778 depellat
629 1675 797 1754 iniurias,
822 1697 901 1742 cum
926 1670 962 1740 id
988 1669 1152 1739 facillime
1176 1666 1229 1734 fa-

245 1817 324 1866 rere
339 1803 474 1886 posset,
492 1787 552 1857 sed
567 1782 720 1876 perferat
734 1799 810 1858 eas,
835 1773 917 1866 quia
935 1771 1000 1841 scit
1013 1794 1049 1840 se
1065 1769 1140 1886 ¹¹⁰¹}
1155 1787 1229 1836 esse

247 1907 422 1966 armatum
439 1884 609 1980 imperiis,
635 1881 693 1952 sed
713 1878 858 1946 missum
875 1896 959 1956 esse,
976 1887 1017 1942 ut
1034 1871 1079 1942 sit
1093 1874 1230 1961 tacpov

246 2019 313 2088 pro
331 2014 457 2086 genere
470 1985 639 2058 humano.
690 1977 734 2049 ln
749 1972 815 2046 bor
827 1999 891 2044 suo
905 1996 1051 2042 munere
1067 1992 1232 2040 reveren-

247 2113 303 2171 ter
317 2099 537 2183 obtemperat
551 2098 692 2154 aeterno
710 2077 820 2171 patri,
844 2099 884 2144 ac
899 2075 948 2144 ita
973 2097 1009 2143 se
1032 2070 1153 2142 abiicit
1175 2069 1232 2136 in·

248 2201 304 2271 fra
324 2215 448 2268 omnes
462 2186 647 2267 homines,
677 2180 828 2250 uticam
853 2176 892 2243 in
916 2197 990 2244 sese
1012 2173 1147 2242 derivet
1166 2170 1233 2239 ad·

249 2320 373 2372 versus
386 2290 608 2382 singulorum
623 2283 766 2355 scelera.
817 2275 901 2346 ntea
917 2288 952 2346 et
965 2288 1027 2345 tuo
1048 2276 1126 2344 loco
1147 2293 1233 2362 poe·

251 2425 336 2477 nam
352 2395 517 2470 sustinet,
542 2401 583 2458 ut
603 2378 693 2453 mihi
711 2394 745 2452 et
762 2377 828 2450 tibi
846 2392 1026 2468 parcatur,
1051 2388 1091 2446 ut
1111 2369 1235 2444 abiicit

252 2526 291 2574 se
311 2497 441 2571 aneilla
461 2490 555 2562 infra
576 2483 789 2576 Dominam,
806 2477 985 2576 ''offerens
1002 2501 1038 2546 se
1059 2471 1233 2565 supplicio

251 2627 317 2697 pro
333 2624 384 2671 ea.
416 2591 472 2670 Ac
483 2591 554 2662 fuit
568 2583 695 2658 hanam
711 2582 883 2652 virtutum
896 2577 1062 2668 perfectio
1077 2576 1115 2643 in
1130 2572 1236 2641 corde

251 2703 319 2776 lilii
327 2699 414 2784 Dei,
437 2693 588 2774 buccas,
606 2685 776 2776 flagrabat
784 2679 939 2772 Spiritus
953 2690 1094 2748 sanctus
1106 2674 1144 2744 in
1161 2684 1235 2744 toto

252 2805 370 2886 corde,
393 2793 589 2891 permixtus
601 2808 735 2858 massae
749 2795 784 2855 et
797 2777 966 2852 balitibus
979 2777 1116 2858 cordis,
1139 2773 1235 2868 quod

254 2907 332 2976 sine
347 2902 427 2972 labe
445 2911 480 2968 et
494 2893 570 2966 sine
586 2884 806 2960 contumacia
824 2894 909 2953 erat.

357 3015 411 3092 Ac
431 3015 470 3084 iu
491 3009 570 3082 aliis
584 3001 808 3090 bominibus,
838 2999 943 3069 etiam
965 2994 995 3064 si
1015 2994 1078 3087 qui
1098 2995 1239 3063 frenant

256 3122 425 3194 iniustam
439 3116 550 3194 iram,
573 3103 746 3179 tamenin
768 3102 874 3170 corde
897 3109 980 3167 sunt
1000 3093 1162 3162 incendia
1181 3091 1240 3160 in-

255 3223 358 3295 iusta.
407 3213 582 3288 Sedalius
597 3219 648 3276 cst
663 3204 805 3276 additus
826 3198 930 3269 nobis
951 3211 1084 3278 custos,
1109 3191 1239 3280 cogita·

257 3324 310 3398 tio
331 3341 420 3415 quae
442 3317 481 3384 in
501 3311 646 3383 cerebro
671 3317 741 3389 est,
772 3303 944 3392 imperare
970 3310 1084 3387 potest
1110 3293 1240 3376 nervis,

178 3473 183 3478 -
257 3448 321 3496 seu
334 3417 509 3514 potentiae
523 3433 614 3507 quae
628 3406 719 3496 regit
730 3416 848 3472 motus
871 3398 1017 3478 locales,
1042 3408 1084 3509 ut
1099 3409 1241 3464 externa

257 3524 418 3596 membra
441 3511 635 3589 coherceat.
688 3504 735 3578 Ut
751 3497 928 3573 Achillem
951 3492 1100 3569 retrabat
1112 3493 1241 3578 Pallas,

258 3625 298 3696 id
323 3635 396 3707 est,
435 3613 618 3708 cogitatio,
654 3632 700 3677 ne
725 3626 852 3674 marrus
876 3602 1032 3693 gladium
1056 3597 1241 3685 stringant.

258 3723 400 3798 interea
414 3735 532 3792 tamen
547 3736 610 3784 ror
631 3710 706 3779 eius
729 3704 865 3795 ingenti
886 3703 939 3772 ira
960 3703 1128 3768 adversus
1143 3697 1243 3784 Aga-

257 3843 484 3897 memnonem
507 3817 626 3896 ardet,
657 3822 694 3879 et
714 3818 931 3877 aestuantem
955 3799 1162 3889 sanguinem
1185 3797 1243 3865 in-

259 3925 380 3999 cendit
393 3945 434 3992 ac
450 3916 595 4010 spargit.

362 4038 406 4110 ln
421 4033 479 4107 bis
494 4025 805 4122 descriptionibus,
831 4043 910 4090 cum
930 4031 1016 4087 nota
1032 4028 1115 4085 sunt
1130 3981 1245 4090 hiem.

259 4147 409 4217 brorum
437 4132 659 4215 discrimina‚
703 4129 743 4197 lit
771 4121 945 4195 illustrior
972 4118 1167 4207 enarratio,
1209 4129 1245 4187 et

259 4242 428 4320 distimut
443 4258 533 4332 ‘1⁰²²
547 4245 681 4326 Parma
705 4225 886 4321 q⁰⁰¹¹¹⁰d⁰
901 4236 936 4293 εί
953 4219 1107 4313 9⁰⁸⁸im’
1132 4233 1165 4289 εἰ
1180 4217 1243 4334 df'
1294 4271 1371 4354 nis,
1394 4283 1428 4342 et
1443 4282 1584 4339 aeterna
1602 4267 1782 4338 distinctio
1798 4262 2028 4339 bonestorum
2049 4279 2084 4340 et
2107 4271 2282 4363 turpium,

257 4350 368 4420 beant
378 4339 461 4431 regi.
495 4335 588 4408 Sunt
603 4330 698 4403 enim
714 4333 805 4399 duae
817 4326 951 4394 formae
967 4319 1244 4410 gubernationis.

260 4443 384 4522 Altera
405 4430 570 4529 πολιτικὴ
590 4455 680 4527 quae
700 4426 881 4501 suadendo
902 4422 1013 4494 flectit
1034 4420 1245 4506 voluntates,

259 4551 370 4622 altera
384 4531 601 4631 δεσποτικὴ,
626 4555 717 4628 quae
730 4529 824 4620 cogit
848 4525 953 4598 etiam
974 4521 1109 4594 invitos
1130 4534 1166 4591 et
1185 4543 1244 4590 re-

258 4659 466 4742 pugnantes.
501 4639 580 4710 Hac
592 4637 706 4708 forma
718 4626 936 4719 δεσποτικῇ,
961 4635 1143 4717 uteunque
1156 4621 1245 4713 regit

259 4747 425 4840 cogitatio
454 4761 601 4824 nervos,
633 4732 771 4807 etiamsi
795 4729 912 4803 cordis
938 4738 1055 4799 aestus
1083 4724 1246 4799 nondum

258 4841 601 4922 suadendosedarit.

360 4964 464 5035 Hane
484 4982 603 5036 veram
624 4966 660 5027 02
680 4949 953 5024 ”mmmmm
974 4947 1174 5018 d⁰⁰¹¹i¹¹³¹¹¹
1201 4947 1246 5066 de,
1294 4981 1334 5051 in
1353 5004 1419 5052 uos
1439 4975 1613 5051 virlutum
1634 4974 1796 5059 noticiis,
1820 4995 1896 5044 esse
1909 4997 1949 5044 se
1958 4977 2122 5049 ouendit.
2172 4975 2284 5069 Cogi·

214 5055 216 5058 ⁵
258 5067 406 5142 diversis
420 5062 663 5134 membrorum
676 5051 825 5137 naturis,
837 5046 1014 5121 Ecclesiae
1023 5061 1057 5120 et
1066 5069 1246 5119 commum

258 5170 353 5243 vitae
367 5161 600 5237 necessariam
614 5180 708 5244 esse,
730 5175 855 5226 omnes
867 5150 972 5222 fateri
986 5162 1175 5240 eoguntur.

360 5297 437 5373 lam
452 5313 487 5374 et
499 5291 587 5367 baec
600 5290 796 5364 considera.
849 5281 987 5357 indidit
995 5279 1093 5356 Deus
1105 5279 1246 5356 bomini

259 5403 448 5480 simulacra
461 5397 652 5498 quaedam,
678 5413 768 5489 quae
788 5410 857 5461 nor
877 5390 923 5461 de
944 5385 1023 5480 ipso
1041 5407 1247 5460 commone-

1368 1537 1460 1610 Sunt
1473 1555 1589 1612 autem
1607 1538 1646 1608 in
1660 1535 1807 1610 homine
1823 1539 1966 1631 spiritus
1981 1540 2182 1608 flammulae
2197 1563 2265 1608 na-

1279 1655 1333 1712 tae
1348 1653 1383 1710 et
1398 1665 1561 1712 acceusae
1575 1639 1615 1712 in
1632 1643 1750 1725 corde,
1770 1641 1901 1734 quibus
1915 1654 1949 1710 et
1963 1641 2127 1710 calebunt
2143 1639 2267 1709 onmia

1280 1743 1456 1826 membra,
1480 1755 1516 1812 et
1530 1743 1670 1812 cientur
1690 1735 1846 1813 adfectus
1861 1754 1896 1812 et
1909 1755 2035 1810 motus
2096 1739 2184 1810 lnde
2201 1766 2267 1810 vu-

1280 1843 1444 1912 eabulurn
1460 1842 1634 1933 Spiritus,
1659 1857 1838 1935 utcunque
1853 1844 2049 1912 declaretur
2062 1838 2269 1912 inEcclesia

1282 1937 1389 2041 λόγος
1404 1945 1561 2014 accendit
1574 1944 1763 2024 noticiam,
1788 1944 1943 2034 Spiritus
1958 1956 2099 2013 sanctus
2120 1943 2269 2013 flamma

1282 2060 1333 2114 est
1355 2043 1477 2114 divina
1498 2045 1536 2112 in
1558 2045 1724 2114 cordibus
1738 2045 1934 2114 exuscitaus
1949 2044 2141 2126 laeticiam,
2165 2067 2270 2114 amo-

1282 2169 1357 2216 rem
1379 2143 1465 2224 Dei,
1504 2144 1748 2214 fortitudinem
1782 2143 1821 2212 iu
1850 2145 2020 2214 faciendis
2043 2143 2210 2214 omatibus
2234 2159 2271 2216 et

1284 2244 1521 2338 perferendis,
1547 2270 1636 2338 quae
1652 2243 1749 2316 Deus
1769 2245 1845 2314 vult
1859 2245 1934 2314 fleri
1949 2257 2013 2314 aut
2027 2245 2183 2318 tolerari.
2276 2237 2281 2248 ’

1385 2393 1455 2466 Hic
1473 2395 1545 2484 ipse
1562 2393 1718 2483 Spiritus
1735 2393 1878 2488 divinus
1901 2393 2088 2484 permiscet
2110 2417 2147 2464 se
2165 2395 2272 2462 flam·

1286 2499 1352 2568 mis
1367 2498 1405 2567 in
1424 2509 1485 2565 tuo
1500 2496 1605 2564 corde
1621 2495 1725 2577 natis,
1747 2507 1782 2566 et
1796 2495 1898 2568 addit
1913 2495 1962 2566 eis
1979 2495 2158 2566 vivificum
2172 2495 2273 2566 calo·

1287 2625 1360 2670 rem
1377 2613 1409 2668 ct
1426 2597 1594 2667 salutares
1611 2609 1737 2668 motus.

1389 2723 1485 2796 Haec
1506 2723 1673 2794 beneficia
1686 2721 1754 2794 Dei
1774 2725 1993 2814 agnoscenda
2014 2737 2117 2809 sunt,
2138 2739 2175 2796 ‘et
2191 2747 2275 2816 gra.

1287 2827 1430 2901 tissimis
1445 2825 1647 2917 pectoribus
1664 2824 1889 2909 celebranda,
1914 2837 1948 2893 et
1965 2845 2100 2894 summa
2115 2851 2198 2896 cura
2213 2851 2275 2896 re-

1288 2930 1456 3010 tinenda,
1482 2928 1526 2993 de
1539 2925 1667 3018 quibus
1682 2948 1764 2995 cum
1788 2924 1997 3014 cogitamus,
2022 2939 2119 2996 ¹certe
2138 2927 2277 3018 adspici

1289 3047 1409 3102 nonra
1425 3026 1581 3095 membra
1598 3037 1747 3118 oportet.
1796 3019 1846 3096 Et
1862 3025 1972 3096 multa
1986 3047 2052 3096 nos
2070 3028 2171 3098 docet
2185 3023 2276 3100 haec

1289 3131 1542 3225 qualiscunque
1558 3125 1805 3201 consideratio.

1391 3259 1484 3332 Sunt
1499 3271 1533 3329 et
1549 3258 1638 3328 aliae
1652 3259 1823 3330 utilitates
1839 3257 2020 3329 doctrinae
2043 3262 2275 3342 anatomi‘cae.

1291 3359 1394 3434 Ordo
1407 3361 1446 3429 in
1462 3373 1535 3431 tota
1554 3371 1679 3430 natura
1693 3383 1832 3446 rerum,
1867 3361 1955 3429 coeli
1971 3374 2006 3432 et
2020 3375 2132 3432 terrae
2146 3364 2276 3448 forma,

1291 3479 1325 3535 et
1339 3463 1493 3555 positus,
1515 3461 1608 3531 vices
1621 3476 1782 3533 motuum
1798 3474 1835 3532 et
1849 3474 2062 3552 temporum,
2087 3465 2278 3536 foecundi-

1291 3580 1344 3635 tas
1359 3579 1491 3648 terrae,
1518 3564 1711 3634 ostendunt
1727 3555 1824 3632 hunc
1841 3565 2013 3632 mundum
2030 3588 2105 3632 non
2127 3589 2208 3636 casu
2233 3593 2278 3638 ex
2356 3615 2357 3618 =

1292 3662 1489 3736 Democriti
1517 3663 1644 3732 atomis
1672 3663 1902 3746 confluxisse,
1941 3665 2002 3733 sed
2024 3687 2098 3734 esse
2121 3681 2279 3738 mentem

1291 3761 1628 3844 architectatricem,
1661 3787 1752 3856 quae
1771 3763 1934 3834 concana
1955 3776 1991 3834 et
2010 3780 2085 3836 arte
2109 3765 2279 3840 formavit

1137 3937 1180 3970 „w
1292 3866 1412 3936 omnia
1438 3889 1555 3956 opera·
1612 3862 1842 3934 Manifestum
1869 3876 1921 3935 est
1945 3879 2061 3934 autem
2082 3865 2280 3958 plurimum

1293 3989 1366 4037 esse
1389 3966 1475 4038 artis
1497 3967 1537 4034 in
1560 3963 1721 4036 aedilicio
1744 3959 1894 4035 humani
1913 3965 2080 4056 corporis.
2137 3967 2281 4040 Deinde

1293 4063 1380 4138 baec
1407 4064 1668 4138 sunt'maaime
1699 4065 1879 4156 perspicua
1903 4066 2103 4137 testimonia
2122 4069 2165 4138 de
2188 4065 2281 4156 Deo,

1294 4171 1391 4263 quod
1405 4169 1445 4238 in
1458 4171 1602 4239 cerebro
1618 4165 1770 4237 noticiae
1784 4180 1869 4237 suut
1882 4189 2113 4238 numerorum
2127 4182 2162 4239 et
2177 4173 2281 4242 ordi-

1295 4386 1329 4443 et
1344 4373 1383 4440 in
1395 4365 1503 4442 eorde
1518 4359 1751 4440 immutabilis
1768 4369 1898 4440 vindex
1914 4383 1949 4439 et
1964 4369 2138 4452 carnifex,
2172 4375 2281 4445 dolor

1295 4472 1448 4567 puniens
1459 4471 1600 4543 scelera.
1653 4467 1750 4542 Haec
1772 4493 1846 4539 non
1867 4483 1950 4541 sunt
1972 4493 2054 4542 casu
2075 4485 2174 4558 orta,
2213 4499 2280 4546 nec

1295 4574 1463 4668 possibile
1495 4588 1547 4646 est
1575 4586 1721 4644 naturas
1744 4570 1981 4661 intelligentes
2004 4596 2025 4642 a
2051 4571 2157 4642 bruta
2182 4590 2281 4646 ortas

1295 4699 1379 4748 esse.
1426 4673 1575 4746 Necesse
1595 4687 1648 4744 est
1663 4671 1773 4762 im'tur
1785 4670 1889 4743 fateri
1906 4685 1942 4744 et
1955 4695 2028 4744 esse
2040 4671 2156 4746 Deum
2176 4699 2282 4748 men-

1294 4790 1367 4849 tem
1381 4775 1615 4848 conditricem
1638 4796 1781 4858 rerum,
1806 4775 2083 4860 escurialem,
2107 4799 2281 4862 veracem,

1294 4877 1508 4964 beneficum,
1546 4873 1698 4956 iustum,
1739 4889 1892 4955 castum,
1931 4876 2071 4966 qualem
2093 4879 2283 4950 transfusis

1295 5093 1366 5153 tate
1378 5103 1508 5182 quaesp
1523 5081 1569 5150 de
1585 5077 1726 5172 quantis
1747 5073 1854 5148 rebus
1876 5075 2001 5148 insitae
2018 5077 2091 5150 siut
2110 5081 2217 5150 nobis
2235 5083 2284 5150 il-

1295 5181 1423 5252 lustres
1437 5178 1813 5263 commonefactioner,
1830 5200 1921 5274 quae
1942 5199 1979 5247 se
1999 5179 2155 5251 offerunt
2168 5181 2282 5253 oculis

1295 5282 1446 5362 nostris,
1483 5305 1565 5354 rum
1589 5281 1750 5356 membra
1780 5293 1817 5354 et
1842 5301 1967 5352 eorum
1987 5278 2102 5353 officia
2122 5294 2283 5356 contem-

1295 5383 1448 5478 pamas.
