4606 5822
77 309 140 413 sss
254 253 324 262 ψ’
496 271 503 276 ’
690 275 1480 390 rmn'renrrs'nnaa'rnoals·
1797 351 1805 370 ·
1932 269 2085 438 ἰιι
2183 361 2185 368 ι

78 505 143 565 tum
154 499 192 560 nt
207 484 401 560 subiectum
415 483 552 579 patiens
561 476 710 570 habear,
736 497 776 558 ut
786 451 919 556 Paulus
933 483 1052 580 inquit
1098 483 1274 557 iusticiam
1287 475 1471 575 nostram}
1485 480 1625 578 serpes
1640 459 2085 581 misecicordiam³proptee

77 584 350 666 2.Corintlt.1.:
376 585 600 658 Excellenter
621 587 760 658 onerati
781 587 914 657 suimus
943 609 1049 678 snpra
1097 585 1293 680 Dominum
1314 581 1443 686 exandi
1465 603 1544 658 nos.
1595 581 1644 658 Et
1665 581 1782 657 David
1803 587 1947 684 inquit:
1969 583 2082 680 Eripe

76 695 170 776 vices,
181 703 221 763 nt
235 689 540 784 desperaverimus
555 690 600 759 de
613 690 698 770 vita.
725 685 814 759 ltem
833 685 1050 761 lercm.10.:
1098 685 1254 760 animam
1267 689 1403 768 meam,
1423 689 1566 759 -satvum
1581 708 1639 760 me
1652 689 1707 760 lac
1720 702 1866 781 propter
1880 681 2084 761 misericor-

77 791 336 878 Sciollomine,
361 793 458 885 quod
474 803 615 863 nonest
631 783 789 860 hominis
807 789 864 862 via
881 790 968 866 eius.
1002 783 1051 860 Et
1099 791 1194 862 diam
1216 793 1327 861 tuan'.
1370 785 1425 860 'Et
1446 785 1532 860 llaec
1555 791 1643 861 tides
1662 789 1869 863 accenditur
1886 789 2083 884 perspice-

78 895 290 966 manifestum
317 907 369 965 est
391 889 584 964 humanam
608 905 771 963 naturam
785 891 957 986 imparem
977 914 1051 961 esse
1091 897 1174 964 'tum
1199 903 1360 960 sanctum
1382 892 1595 980 cogitatione
1615 891 1880 984 promissionis,
1906 893 2009 966 iuxta
2023 892 2081 964 di·

76 995 304 1088 msgnitudini
319 994 552 1066 certaminum
576 1008 611 1066 et
637 993 894 1086 periculorum:
926 1006 1046 1064 tamen
1098 1007 1211 1066 ctum:
1235 991 1340 1062 Fides
1357 1015 1397 1062 ex
1414 993 1538 1066 auditu
1553 1008 1616 1066 est.
1722 1009 1730 1026 ·
1909 991 1913 1001 '
2010 1016 2015 1025 ’
2058 1007 2063 1015 ’

77 1101 208 1190 regulae
234 1099 406 1170 tenendae
433 1107 518 1167 sunt
549 1098 594 1166 de
624 1095 805 1190 plerisque
837 1088 1050 1181 actionibus,
1199 1089 1262 1166 54.
1287 1091 1391 1164 Hanc
1412 1115 1486 1164 esse
1509 1095 1719 1169 sententiam
1732 1094 1842 1171 Pauli
1856 1085 1895 1170 in
1909 1097 2081 1172 acembut
2164 1185 2168 1190 Ι

79 1225 158 1296 quae
178 1213 370 1287 testantur,
404 1197 542 1292 aliquid
567 1217 640 1268 csse
662 1197 733 1268 loci
758 1191 963 1286 diligentiae
982 1219 1050 1266 no-
1099 1197 1326 1269 contentione
1347 1199 1391 1266 de
1413 1197 1679 1286 iustificatione,
1705 1201 1743 1271 in
1756 1199 1917 1296 Epistola
1940 1203 1985 1274 ad
2002 1197 2081 1276 Bo*
2186 1281 2191 1288 ,

78 1319 158 1376 strae
179 1325 239 1374 sen
261 1300 439 1372 voluntati
469 1298 654 1370 comitanti
676 1295 851 1390 Spiritum
879 1312 1051 1385 sanctum,
1097 1321 1244 1385 manos,
1272 1293 1367 1368 nibil
1389 1299 1539 1372 dubium
1564 1314 1632 1388 est,
1658 1313 1692 1374 et
1715 1297 1809 1375 banc
1833 1289 2081 1376 erectaerecta·—

76 1400 294 1498 ut'llpbesios
312 1399 364 1478 6.:
391 1399 520 1474 Videte
542 1402 723 1496 quomodo
747 1414 908 1474 accurate
922 1401 1050 1472 ambu-
1098 1403 1189 1473 riam
1213 1414 1248 1472 et
1268 1420 1350 1471 vere
1365 1401 1557 1474 salutarem
1582 1405 1860 1478 consolationem
1882 1420 2005 1478 omnes
2029 1403 2081 1498 pii

68 1507 159 1593 'letis‚
184 1528 259 1578 non
274 1520 316 1592 nt
330 1505 420 1578 fatui
436 1517 501 1580 etc.
704 1553 709 1556 -
830 1592 842 1604 ¹
1099 1503 1297 1596 intelligere
1310 1519 1470 1598 possunt.
1497 1505 1717 1580 Damnamus
1731 1506 2083 1601 igiturcormpt'elat,

165 1603 226 1680 51.
245 1603 309 1680 ·Et
333 1621 425 1680 certe
449 1609 568 1699 manet
589 1617 714 1677 natura
728 1626 920 1676 nervorum
938 1604 977 1675 in
993 1626 1051 1678 re·
1098 1632 1187 1702 quac
1220 1621 1344 1679 contra
1366 1605 1471 1680 bunc
1504 1609 1696 1680 articulant
1721 1608 1840 1682 variae
1869 1609 2082 1700 excogitatae

75 1711 177 1796 natis,
200 1724 234 1783 et
251 1707 396 1803 quidem
410 1709 632 1779 cor'invatnr
647 1722 681 1777 et
695 1706 899 1778 accenditur
913 1706 1051 1800 Spiritu
1098 1724 1182 1784 sunt
1208 1711 1376 1782 omnibus
1401 1712 1630 1804 temporibus.
1686 1706 1880 1801 Origenes,
1911 1706 2082 1796 Thomas.

76 1825 196 1884 saneto.
249 1809 372 1905 Scipio
386 1811 568 1882 abstinens
584 1809 635 1880 ab
651 1807 766 1892 aliena
788 1830 935 1902 sponsa,
960 1809 1050 1902 regit
1098 1827 1133 1885 et
1158 1813 1221 1892 alii
1241 1812 1346 1882 multi
1367 1807 1613 1907 synecdochen
1632 1812 1790 1904 tingunt,
1814 1812 1920 1884 ntem
1939 1811 2081 1896 turma

76 1928 200 1986 tantum
215 1912 483 1988 locomotivam.
535 1904 663 2002 loseph
676 1910 768 2002 regit
790 1911 1051 2001 locomotivam,
1099 1931 1187 2007 gunt
1203 1914 1375 1986 noticiam
1397 1910 1584 2000 historiae,
1607 1925 1643 1987 et
1666 1915 1805 1988 addunt
1823 1907 2006 1994 hominem
2022 1913 2082 1999 in-

77 2017 128 2087 sed
141 2015 286 2090 invmur
308 2013 520 2106 cogitatione
534 2011 636 2084 verbi
654 2010 742 2099 Dei,
768 2029 802 2087 ct
817 2013 956 2108 Spiritu
969 2038 1051 2086 san·
1099 2035 1194 2091 stom
1206 2039 1281 2090 esse
1296 2011 1414 2088 coram
1428 2013 1519 2100 Deo,
1533 2030 1679 2109 proptor
1689 2028 1894 2111 sequentem
1907 2013 2081 2101 obedien·

77 2131 124 2191 rto
143 2117 357 2190 incendente
381 2139 443 2187 cor
456 2115 503 2188 ad
519 2113 780 2187 invocationem
792 2111 884 2203 Dei,
911 2129 946 2188 et
960 2115 1051 2212 peti·
1098 2123 1195 2208 tiam,
1209 2118 1770 2214 ιιιιιιιιιιιιιιίιιιιιιιιίΙιιιὶιιιιιιιι.Δ
1786 2111 2080 2198 Osisndensh'u
2184 2171 2185 2174 ,

74 2221 196 2293 tionem
214 2219 353 2300 ausilii,
379 2219 472 2290 etad
487 2217 707 2294 intellectum
721 2240 761 2290 sc
776 2241 933 2289 amorem
946 2217 1050 2290 casti-
1099 2214 1343 2318 synecdochen
1367 2221 1470 2305 facit,
1495 2233 1539 2291 nt
1552 2220 1627 2314 ipse
1644 2220 1821 2305 nominat,
1844 2217 1904 2290 sed
1920 2218 2080 2312 splendis-

76 2323 156 2394 tstis.
206 2319 255 2393 ln
270 2316 465 2410 baclucts,
487 2321 555 2393 etsi
575 2343 655 2394 caro
673 2321 846 2392 sentiebat
860 2319 1051 2391 infirmita·
1098 2326 1179 2396 dina
1200 2322 1379 2416 loquitur,
1412 2321 1463 2392 ait
1482 2321 1553 2392 lide
1572 2321 1776 2415 praeparari
1805 2315 2008 2418 bemineru,
2037 2328 2099 2396 m.

75 2437 154 2508 tem,
178 2438 302 2497 tamen
315 2436 433 2498 mente
445 2424 553 2496 servit
568 2423 637 2516 legi
650 2423 740 2509 Dei,
767 2436 801 2494 et
822 2423 947 2498 volens
963 2424 1051 2496 vitat
1098 2429 1158 2498 fiat
1178 2426 1291 2496 iustus
1313 2423 1390 2516 ipso
1404 2421 1480 2494 Deo
1501 2422 1541 2492 in
1561 2445 1605 2495 eo
1619 2436 1762 2513 agente,
1784 2422 1993 2518 quadidsnt
2015 2435 2081 2518 est,
2195 2453 2203 2470 ·

76 2525 260 2596 illecebras.
316 2523 435 2598 David
459 2525 583 2597 volens
610 2525 774 2616 indulget
796 2523 989 2614 illecebris,
1015 2539 1049 2599 et
1087 2542 1139 2600 'ac
1162 2529 1193 2600 si
1213 2527 1364 2613 diceret,
1388 2519 1570 2598 bominem
1584 2523 1717 2600 iustum
1733 2528 1810 2596 esse¹
1829 2536 2080 2620 sequentem,-

77 2621 218 2699 effundit
233 2625 413 2719 Spiritum
433 2642 605 2703 sanctum.
655 2623 754 2698 llaec
774 2629 970 2699 neccssaria
984 2629 1050 2700 do·
1098 2631 1218 2704 vitate.
1776 2657 1780 2664 ·
1884 2635 1888 2643 ’
1976 2693 1979 2702 .
2018 2709 2023 2722 ,
2057 2689 2063 2705 ,

76 2729 176 2801 ctrina
195 2729 347 2802 adsidue
367 2727 553 2822 cogitanda
574 2741 645 2814 est,
674 2739 717 2800 nt
746 2739 781 2799 et
810 2727 993 2819 diligentia
1016 2745 1050 2802 et
1199 2726 1262 2805 55.
1298 2727 1530 2805 Verissimum
1565 2743 1618 2802 est
1648 2729 1688 2802 in
1704 2726 1985 2822 regeneratione
2016 2749 2081 2815 san

75 2829 237 2904 invocatio
256 2832 504 2918 accendantur,
518 2833 609 2902 sicut
622 2829 829 2902 mandatum
845 2843 913 2902 est:
927 2829 1050 2920 Petite,
1099 2833 1349 2924 conversione,
1374 2831 1446 2902 lide
1459 2831 1571 2925 accipi
1586 2830 1762 2926 Spiritum
1776 2845 1951 2922 unctum,
1970 2827 2081 2923 etin·

76 2933 311 3028 etarcipietis.
359 2929 409 3009 Et
425 2928 658 3006 Timotheum
679 2929 779 3003 iubet
799 2929 932 3002 Paulus
956 2929 1049 3006 oiva-
1098 2931 1221 3007 cboari
1241 2955 1371 3003 novam
1392 2933 1651 3019 obedientiam,
1682 2934 1773 3007 sient
1786 2929 1921 3004 Paulus
1941 2929 2079 3027 inquit:

77 3029 250 3132 ζωπυρεῖν
270 3035 405 3106 donum
418 3033 499 3112 Dei.
547 3031 597 3106 Et
620 3027 1048 3109 adEbrac.12.dicitur:
1097 3036 1167 3108 Per
1188 3030 1370 3108 Cbristnm
1399 3030 1570 3106 habemns
1591 3034 1740 3126 gratiam
1763 3047 1797 3108 et
1815 3035 1979 3110 unauna
2005 3031 2080 3121 Sed

76 3133 267 3208 Tencamus
297 3137 467 3227 gratiam,
500 3159 566 3230 per
597 3159 704 3229 quam
734 3133 928 3208 serviamus
958 3137 1049 3207 bene
1099 3139 1205 3210 etiam
1220 3139 1265 3209 de
1279 3150 1404 3207 renato
1419 3131 1504 3208 baec
1518 3136 1712 3208 necessaria
1728 3135 1924 3216 cumulatio
1937 3156 2080 3231 semer

15 3329 16 3336 ἵ
76 3238 238 3324 placentes
255 3234 335 3309 Deo
357 3261 437 3308 cum
462 3237 657 3308 reverentia
681 3249 715 3307 et
732 3237 907 3311 cautione.
935 3303 939 3308 ,
956 3234 1064 3308 Nam'
1098 3241 1137 3310 in
1152 3234 1219 3310 bac
1233 3239 1307 3310 vita
1322 3238 1508 3310 retinenda
1524 3251 1587 3324 est,
1608 3240 1705 3333 quod
1721 3238 1767 3311 sit
1780 3230 1896 3310 iustus
1908 3237 1984 3320 sola
1998 3237 2081 3327 lida,

76 3333 160 3410 Dens
179 3353 303 3412 noster
326 3337 420 3429 ignis
442 3361 653 3409 consumens
677 3351 739 3411 est.
790 3335 867 3408 Hae
890 3362 1048 3409 commo·
1099 3341 1135 3412 id
1152 3355 1222 3422 est,
1248 3335 1381 3410 habens
1399 3337 1642 3410 remissionem
1665 3351 1907 3432 peccatorum,
1932 3352 2081 3417 macca,-

76 3441 282 3513 nelactiones
299 3454 383 3512 sunt
398 3441 503 3511 utiles
516 3439 625 3525 vitae,
657 3451 692 3510 ct
719 3437 871 3529 intelligi
889 3453 1047 3530 possunt.
1099 3454 1178 3531 ptus
1191 3439 1268 3512 Deo
1289 3441 1334 3510 ad
1356 3440 1464 3512 vitam
1488 3452 1666 3512 aeternam
1689 3454 1834 3533 propter
1846 3438 2081 3513 mediatorem

76 3538 280 3635 Praestigiae
297 3537 552 3636 sophismatum
568 3542 612 3610 de
629 3539 830 3627 coactione,
854 3563 899 3612 ne
913 3539 1047 3612 intelli·
1098 3543 1211 3614 lilium
1219 3539 1299 3626 Dei,
1315 3541 1539 3636 quiscertum
1554 3553 1606 3612 est
1620 3535 1822 3614 inchoatam
1837 3539 2080 3613 obedientiam

77 3662 213 3730 guntur,
240 3669 306 3714 nec
323 3657 406 3714 sunt
426 3643 531 3714 utiles
546 3642 653 3717 vitae.
1098 3667 1322 3738 nequaquam
1338 3643 1535 3715 satisfacere
1551 3641 1621 3732 legi
1636 3641 1717 3728 Dei,
1740 3653 1776 3712 et
1789 3645 1952 3716 nondum
1965 3639 2006 3715 in
2020 3663 2079 3730 na-

139 3745 224 3839 ⁸52.
265 3743 486 3818 Damnsmus
510 3759 544 3818 et
557 3741 766 3833 Pelagianos
781 3757 814 3816 et
831 3741 1048 3822 Pontificios.
1098 3748 1191 3818 natis
1213 3746 1253 3815 in
1277 3739 1344 3816 hac
1371 3745 1444 3816 vita
1468 3744 1663 3816 restitutam
1693 3763 1766 3814 esse
1795 3743 2079 3836 conformitatem

76 3841 214 3942 Utrique
239 3847 335 3917 enim
358 3848 496 3936 fingunt
517 3869 618 3938 posse
641 3845 712 3936 legi
732 3841 801 3915 Dei
825 3845 864 3916 in
885 3843 952 3918 hac
974 3850 1047 3920 vita
1099 3874 1178 3922 cum
1206 3848 1304 3940 lege,
1335 3849 1379 3918 de
1402 3870 1474 3940 qua
1498 3846 1644 3918 diciturc
1680 3844 1778 3917 Dens
1802 3843 1870 3918 erit
1892 3845 2022 3938 oman,
2038 3845 2100 3928 iu.

75 3950 245 4039 satisfieri,
271 3963 306 4027 et
328 3943 491 4019 homines
514 3948 642 4017 mereri
665 3947 908 4018 remissionem
924 3975 1048 4042 pecca·
1099 3951 1267 4022 omnibus
1277 3949 1399 4020 beatis.
1426 3946 1598 4019 Fateatur
1612 3971 1694 4042 ergo
1708 3960 1744 4018 et
1754 3947 1941 4039 deplorant
1953 3968 2083 4032 omnes,

75 4060 201 4138 torum,
227 4067 265 4125 et
291 4051 379 4122 istus
403 4075 476 4121 esse
498 4075 615 4122 coram
639 4047 715 4120 Deo
739 4064 883 4142 propter
903 4053 1049 4145 propria
1099 4053 1210 4123 sancti
1240 4065 1420 4143 peccatum
1448 4051 1563 4122 ineis
1590 4041 1899 4136 adhuchaercns,
1936 4063 1978 4121 ut
1999 4046 2078 4152 Ro·
2169 4049 2176 4068 '

75 4175 188 4241 opera,
227 4177 288 4224 seu
318 4165 466 4244 propter
492 4151 673 4244 propriam
701 4153 949 4224 obedientiam.
1000 4153 1049 4228 Et
1100 4154 1266 4232 man.7.:
1301 4151 1416 4224 Video
1433 4152 1539 4223 aliam
1561 4153 1672 4240 legem
1687 4150 1725 4222 in
1740 4147 1908 4226 membris
1921 4147 2007 4220 meis
2021 4143 2079 4219 're-

76 4255 291 4326 adfirmamus
325 4277 428 4324 verae
462 4251 640 4326 Ecclesiae
671 4253 869 4325 doctrinam
911 4265 1049 4350 semper
1098 4269 1314 4352 pugnantem
1329 4255 1399 4346 legi
1413 4254 1541 4326 mentis
1563 4277 1677 4336 meae,
1703 4257 1768 4326 etc.
1818 4249 1867 4326 Et
1882 4254 1920 4324 in
1935 4231 2077 4324 Psalmo

75 4353 188 4441 luisse,
212 4379 286 4428 csse
302 4370 336 4427 et
351 4356 509 4428 futuram
525 4378 598 4425 esse
618 4349 733 4442 hanc,
762 4353 955 4427 Hominem
973 4361 1048 4429 sola
1100 4360 1245 4431 dicitnr:
1272 4358 1355 4432 Non
1369 4355 1616 4429 iustificabitur
1630 4354 1668 4425 in
1679 4367 1869 4448 conspectu
1885 4368 1945 4429 tuo
1957 4351 2079 4452 'omnis

76 4453 135 4524 lide
162 4482 279 4530 coram
310 4453 387 4529 Deo
418 4456 619 4542 iustificari,
661 4455 806 4551 propter
844 4460 957 4529 tilium
980 4457 1048 4538 Dei
1100 4464 1235 4534 vivens.
1287 4456 1484 4532 Estote:
1510 4455 1710 4542 versario,
1735 4457 1832 4553 quod
1854 4451 1923 4527 boc
1943 4467 2078 4528 certum

76 4559 183 4644 Βῑᾶῑῖὅο
518 4651 521 4656 ,
1100 4565 1163 4652 sit,
1197 4566 1294 4658 quod
1317 4586 1392 4632 non
1413 4561 1461 4632 sit
1481 4560 1595 4633 iustus
1617 4555 1726 4631 lromo
1751 4583 1869 4631 coram
1890 4553 1980 4658 Deo.
2009 4549 2080 4631 ,Es

164 4658 228 4738 65.
266 4655 403 4735 Eadem
435 4674 487 4734 est
516 4661 614 4732 enim
640 4689 707 4734 vox
728 4658 986 4756 Prophetarum
1016 4681 1049 4738 et
1102 4691 1177 4760 cap.
1198 4664 1272 4739 tt:
1298 4661 1387 4754 Quis
1403 4662 1502 4734 dabit
1518 4687 1646 4757 purum
1663 4661 1708 4735 de
1730 4661 1890 4763 polluto,
1912 4657 1975 4731 ubi
1995 4654 2079 4730 nnl-

76 4752 340 4851 dpostolorum,
365 4766 462 4860 quod
477 4763 651 4856 accipiant
664 4766 909 4837 remissionem
925 4793 1048 4862 pecca·
1100 4766 1156 4841 lus
1178 4783 1231 4840 est
1254 4767 1386 4860 purus?
1424 4763 1527 4839 Hanc
1550 4764 1680 4838 molem
1702 4760 1833 4858 peccati
1850 4759 2007 4833 incorde
2024 4783 2079 4832 ae·
2203 4813 2205 4816 -
2287 4805 2288 4810 κ

76 4872 184 4933 turum
212 4880 247 4937 et
262 4867 530 4959 imputationem
546 4866 722 4955 iusticias,
743 4881 777 4942 et
791 4869 862 4941 sint
878 4869 962 4941 iusti
979 4871 1048 4942 im·
1099 4871 1175 4944 curi
1191 4865 1396 4966 hypocritae
1409 4867 1523 4940 levem
1539 4884 1614 4944 esse
1630 4865 1827 4952 somniant,
1851 4867 1915 4936 sed
1928 4865 1990 4958 pii,
2016 4860 2080 4958 qni

75 4979 184 5050 putata
200 4970 352 5056 iusticia,
378 4981 412 5040 et
429 4967 562 5060 accepti
576 4967 652 5039 Deo
670 4971 838 5042 advitam
856 4986 1049 5060 aeternam,
1100 4970 1232 5044 habent
1251 4969 1414 5045 exercitia
1430 4972 1687 5066 poenitentiae,
1713 4966 1775 5064 qui
1791 4980 1826 5038 et
1841 4965 2077 5038 dubitationi·

74 5081 208 5156 propter
223 5069 451 5142 mediatorem
467 5069 581 5140 tilium
598 5070 667 5143 Dei
681 5097 746 5166 per
767 5069 1046 5146 misericordiam
1097 5076 1166 5147 bus
1191 5089 1225 5147 et
1246 5075 1370 5148 multis
1392 5071 1594 5146 errantibus
1616 5069 1771 5142 motibus
1788 5083 2006 5163 repugnant,
2035 5062 2073 5139 hi
2092 5115 2101 5126 ⁶

75 5168 190 5254 gratis,
223 5173 295 5242 sola
318 5173 405 5257 tide,
443 5171 573 5254 idest,
613 5173 739 5248 fiducia
769 5175 1046 5266 misericordiae,
1098 5178 1219 5274 aliquo
1235 5178 1341 5250 modo
1359 5193 1393 5252 et
1409 5177 1567 5250 sentiunt
1580 5187 1615 5247 et
1630 5174 1816 5264 deplorant
1836 5183 1984 5243 naturae
1999 5165 2079 5238 vul·

74 5284 208 5360 propter
221 5275 449 5347 mediatorem
465 5273 678 5366 promissae,
703 5301 777 5350 non
803 5292 947 5370 propter
961 5305 1046 5372 pro·
1099 5305 1192 5353 nera.
1245 5271 2080 5372 ldcoconfugiuntadliliumDeimediatorem,
2171 5275 2173 5280 “
2272 5337 2278 5348 ,

74 5369 158 5452 Plias
173 5375 357 5466 qualitates
377 5387 443 5480 aut·
452 5375 611 5464 virtutes,
633 5393 696 5450 eut
710 5395 856 5472 propter
869 5379 1045 5454 iusticiam
1097 5395 1131 5453 et
1148 5395 1307 5455 statuunt
1323 5381 1447 5454 sescla
1463 5375 1703 5453 misericordia
1718 5389 1862 5471 propter
1886 5373 2001 5464 ipsum
2021 5367 2078 5452 iu·

75 5473 313 5548 essentialem
343 5475 430 5550 ldeo
456 5475 589 5551 Daniel
616 5478 751 5576 inquit:
789 5479 873 5556 Non
898 5497 1045 5579 propter
1066 5485 1071 5570 l
1096 5499 1167 5558 stus
1180 5480 1359 5579 reputari,
1386 5481 1602 5564 ethaeredes
1617 5479 2012 5562 easeviueaescrnae.
