4706 5818
48 5112 51 5123 s

188 309 276 382 sat*
422 287 632 370 SCRIPTA
659 283 736 362 ΡΗ.
762 276 880 356 MEb
907 275 974 352 Al)
999 271 1132 353 istst.
1156 266 1303 350 PROF.
1330 269 1398 350 BT
1420 273 1618 352 numos.
1644 273 1968 374 anseranum.
2137 279 2216 361 982

191 480 343 554 Parcere
364 461 548 546 subiectis,
580 471 614 530 et
637 452 814 528 debellare
836 448 1019 540 superbos.
1081 442 1177 534 Quia
1228 467 1309 519 roro
1336 459 1437 540 parta
1459 445 1653 540 imperator
1678 445 1764 522 huis
1791 448 1926 539 ladam
1953 473 2086 524 nornen
2114 450 2219 526 dedit

195 577 335 654 iusticia
357 586 392 642 et
413 557 643 638 senencemtr
673 565 755 626 sunt
777 549 991 622 necessariae
1015 546 1176 619 virtutes.
1228 541 1531 646 Κεραυνόβολος,
1557 550 1594 620 id
1614 563 1686 636 est,
1708 552 1943 626 fulminatrir.
1995 551 2075 626 Hoc
2096 577 2218 628 uern-

195 657 271 755 ilaa
285 677 389 747 ettam
407 664 584 759 praedicat
598 660 637 728 in
651 651 837 726 Antonino
852 649 949 722 Dion
970 643 1029 718 his
1044 647 1177 718 verbis:
1231 650 1329 742 plum
1350 651 1519 722 memoria
1545 651 1696 742 dimum
1714 668 1784 738 aaa,
1816 652 1900 746 quia
1921 655 2078 727 asendit
2098 646 2219 744 legiri-

198 776 276 857 stt
291 765 451 862 Μάρκος
467 763 641 882 despesos
655 755 730 840 ὤν,
758 749 834 834 οἶος
849 749 964 824 ἅπασι
972 751 1057 830 τοῖς
1072 744 1179 822 o'crsoe
1230 776 1324 824 ruam
1341 752 1504 824 militiam
1518 751 1594 824 Deo
1616 754 1771 844 placere,
1796 768 1832 827 et
1845 752 1961 828 Deum
1987 769 2134 850 propter
2146 753 2219 828 llic-

199 885 278 980 9033
292 869 475 963 ἀπέχειν,
506 863 622 956 ὤχετο
638 849 841 954 φερόμενος
854 849 929 926 ὑπὸ
945 856 1023 924 τῶν
1038 850 1180 924 παθῶν
1232 853 1374 925 clesiam
1390 855 1550 946 imperiis
1564 877 1666 946 saepe
1683 857 1920 943 benefacere‚·
1935 858 2025 930 ocos
2041 857 2221 930 benefecit

200 987 237 1067 ἐς
255 977 300 1054 τὸ
318 961 574 1066 ἀνθρώπινον.
632 958 787 1031 Accessit
801 957 846 1026 ad
862 953 1038 1026 auditoria
1054 948 1181 1023 Philo-
1231 951 1346 1050 Cyro,
1383 953 1637 1044 Constantino,
1678 954 1884 1031 Theudoria
1919 972 2064 1051 propter
2091 955 2222 1034 Eucle-

201 1079 413 1176 sophorum,
438 1069 643 1142 etiamtum
667 1073 756 1132 esset
781 1058 991 1150 imperator,
1023 1073 1181 1143 egressos
1232 1058 1342 1138 siam,
1382 1070 1424 1126 ut
1453 1057 1624 1150 scriptum
1650 1069 1718 1130 est:
1758 1058 1799 1130 Si
1828 1059 1910 1152 quis
1933 1062 2079 1132 dederit
2092 1072 2222 1154 potum

203 1201 334 1259 annum
361 1165 726 1269 quinquagesimum·
768 1155 817 1230 Et
838 1183 918 1229 cum
944 1155 1182 1248 sumptuarias
1233 1182 1345 1251 aquae
1368 1159 1433 1230 uni
1458 1183 1499 1230 er
1522 1157 1683 1232 minimis
1702 1185 1884 1246 meorum,
1916 1157 2062 1234 habebit
2084 1184 2222 1234 merse-

202 1289 292 1377 legm
311 1277 436 1352 secret,
468 1291 541 1340 non
565 1265 677 1336 caruit
697 1257 1009 1342 obtrectatoribus,
1040 1257 1102 1350 qni
1124 1279 1183 1326 ca·
1235 1263 1335 1339 dem,
1360 1259 1451 1330 sicut
1465 1261 1663 1351 exemplum
1679 1263 1806 1332 viduae
1820 1259 2036 1354 Sareptauae
2052 1264 2225 1338 ostendit.

143 1383 150 1400 ,
204 1378 378 1474 lumniosa
404 1366 626 1459 interpretati
656 1375 740 1436 suot
766 1363 842 1432 eius
873 1360 1111 1440 severitatem,
1148 1368 1184 1428 et
1236 1359 1290 1432 Ac
1321 1350 1520 1452 posthanc
1548 1363 1732 1436 victoriam
1764 1360 1817 1437 M.
1840 1358 2048 1438 Antoninus
2077 1366 2223 1436 &aare

206 1489 368 1561 dixerunt
385 1497 466 1545 eum
480 1467 705 1566 tyrannidem
720 1486 879 1533 exercere
899 1471 1079 1551 praetextu
1093 1451 1184 1528 Phi·
1236 1477 1360 1537 com„
1376 1457 1598 1536 Christianae
1610 1465 1704 1539 adiu
1718 1464 1886 1537 abolem,

206 1567 518 1675 losnpltlnestltttll
531 1570 699 1640 usitatum
712 1579 765 1638 etl
782 1563 994 1636 teclltslmaa
1016 1559 1185 1632 volunla-
1340 1563 1382 1642 ln
1407 1565 1503 1638 bello
1525 1563 1816 1638 Manmnnico
1839 1563 2026 1636 biennium
2052 1587 2223 1638 comm.

204 1699 255 1758 tes
268 1677 455 1755 calomniis
473 1673 638 1744 lacerare.
1158 1699 1163 1706 ·
1238 1680 1336 1758 ptum
1364 1679 1428 1740 est.
1491 1665 1645 1760 Fuitqoe
1671 1668 1806 1738 mantio
1835 1668 1930 1738 inter
1957 1665 2071 1738 socias
2099 1679 2222 1756 gentes

304 1779 412 1856 Extat
439 1777 532 1847 liber
551 1770 605 1846 M.
628 1765 807 1842 Antonini
832 1765 876 1836 de
897 1765 1031 1857 seipso,
1065 1761 1129 1856 qui
1151 1773 1188 1832 et
1238 1765 1574 1838 Hermundurorum
1593 1781 1626 1838 et
1641 1767 1880 1862 Nariacorusu.
1929 1763 2074 1838 Certum
2091 1781 2143 1838 est
2157 1791 2224 1836 au·

202 1909 324 1962 recem
345 1880 461 1954 editus
485 1887 548 1946 eat.
615 1870 659 1942 ln
686 1877 727 1940 eo'
758 1868 851 1938 libro
874 1879 958 1937 sunt
980 1889 1188 1936 commone-
1239 1884 1326 1948 tem,
1351 1865 1624 1938 Hermunduros
1640 1891 1733 1956 asae,
1758 1871 1822 1964 qui
1836 1867 2127 1960 nunesuperiora
2143 1867 2225 1938 loca

202 1989 372 2063 factiones
400 1981 445 2050 'de
469 1974 662 2047 virtutihus
690 1969 844 2063 principi
874 1966 1094 2038 necessariis:
1142 1967 1188 2034 de
1239 1972 1278 2040 in
1295 1967 1480 2064 Myauensi
1497 1970 1786 2058 regioneteneot.
1843 1969 2010 2043 Nariacos
2029 1966 2225 2043 aaaaVoit·

203 2088 361 2169 iusticia,
386 2084 431 2152 de
446 2075 694 2157 beneficentia,
719 2072 763 2140 de
778 2070 946 2161 patientia
971 2068 1013 2137 in
1031 2067 1189 2136 ierendia
1239 2071 1364 2141 landos
1385 2086 1420 2142 et
1442 2072 1620 2162 proximos
1643 2073 1797 2156 vicinos,
1826 2071 1917 2144 iacta
1939 2069 2178 2164 appellatione
2201 2091 2224 2143 a

203 2189 366 2267 iniuriis,
387 2207 433 2253 ne
449 2179 585 2249 maiora
603 2174 696 2244 mala
718 2171 899 2254 oriantur,
931 2168 1028 2240 iuxta
1053 2169 1187 2240 dictum
1240 2170 1384 2245 Norico,

203 2281 410 2364 Periandri:
436 2276 488 2375 μὴ
502 2274 548 2351 loi
561 2270 808 2366 κακὸνκακῷ.
851 2269 953 2342 Bella
967 2271 1073 2360 gessit
1087 2291 1189 2360 prae-
1342 2270 1384 2342 ln
1418 2272 1534 2343 redito
1565 2294 1607 2341 er
1632 2271 1728 2344 bello
1757 2269 2048 2344 Marcomannico
2087 2272 2224 2362 collega

100 2423 102 2432 r
204 2395 309 2484 tipus
323 2399 485 2482 quatuor.
520 2367 1188 2470 'OppressitseditiooesiuBritaunia.
1240 2373 1283 2448 L.
1306 2371 1421 2444 Verus
1442 2369 1604 2445 mortuus
1627 2385 1677 2443 est
1700 2374 1895 2465 apoplexia.
1960 2367 2225 2444 Mortuerum

203 2492 326 2567 Cattos
340 2485 478 2580 depulit
493 2505 512 2551 a
529 2473 658 2552 Rhetia
674 2490 708 2547 et
723 2473 948 2566 compescuit.
1007 2471 1190 2542 Adversus
1240 2489 1414 2566 superstes
1442 2474 1541 2546 fratri
1570 2474 1692 2546 fnisset
1718 2498 1832 2546 annos
1855 2488 1954 2561 octo,
1986 2488 2149 2548 mortum
2171 2488 2227 2545 err

204 2585 357 2668 Parthas
372 2587 469 2658 misit
483 2585 628 2654 fratrem
640 2577 686 2653 L.
704 2575 858 2661 Verum,
884 2576 945 2667 qui
965 2573 1095 2645 mansit
1109 2568 1190 2643 An·
1241 2602 1336 2648 anno
1352 2575 1475 2647 aemi,
1490 2597 1574 2646 ,me
1587 2575 1801 2666 ,mmm
1817 2577 1945 2669 primo·
2215 2599 2219 2606 .

205 2687 358 2770 tiochiae
372 2685 561 2776 indulgens
575 2677 828 2771 voluptatibus.
877 2674 947 2746 Sed
965 2675 1054 2744 duce
1066 2671 1189 2744 Cassio
1343 2675 1482 2748 Horum
1507 2677 1759 2768 imperatorum
1780 2691 1939 2770 tenpore
1966 2675 2078 2750 crevit
2098 2673 2227 2748 Eccle-

205 2789 332 2870 Parthi
345 2787 494 2883 repressi
513 2797 615 2866 sont,
640 2799 674 2850 et
697 2780 794 2872 iactax
810 2791 862 2848 est
885 2801 952 2868 pax
975 2769 1041 2846 hac
1064 2776 1190 2864 condi·
1242 2779 1315 2864 sia,
1342 2803 1416 2849 non
1433 2779 1548 2850 solum
1573 2779 1824 2864 multitudine,
1855 2781 1914 2851 aed
1939 2779 2044 2850 etiam
2064 2779 2227 2850 erudito.

206 2899 320 2979 tione,
347 2893 445 2962 neio
461 2887 602 2984 Syriam
616 2875 741 2952 Parthi
759 2878 961 2950 transirent.
1243 2905 1323 2954 rum
1358 2903 1523 2951 numero:
1575 2880 1660 2976 quia
1692 2881 1871 2974 principes
1904 2881 2037 2952 eruditi
2076 2880 2227 2950 suerum

308 2993 429 3066 Maius
444 3003 560 3062 autem
576 2982 810 3066 bellomluit,
843 2983 887 3050 ad
905 2979 1002 3073 quod
1017 2979 1093 3069 ipae
1109 3001 1189 3048 corn
1241 2982 1356 3052 multi.
1415 2978 1471 3051 Aa
1496 3005 1555 3052 eos
1575 2982 1792 3073 scripserunt
1827 2982 2007 3074 apologiae
2024 3004 2093 3072 pro
2116 2974 2227 3051 chri.

206 3103 315 3172 tratre
344 3095 521 3188 proiectus
549 3100 618 3170 est,
649 3086 815 3153 adversus
837 3075 1131 3152 Marcomannos
1155 3092 1190 3151 et
1213 3119 1218 3186 t
1242 3078 1564 3168 stianislustinus,
1591 3081 1785 3163 Aristides,
1810 3079 2072 3173 Athenagoras,
2097 3095 2132 3152 et
2150 3080 2227 3165 alii,

206 3192 376 3298 Quados.
441 3190 513 3262 Nec
535 3211 617 3256 vero
641 3184 791 3252 dubium
814 3193 882 3265 cst,
915 3180 1190 3250 Marcomannos
1214 3189 1217 3268 ζ
1242 3184 1315 3254 iere
1328 3183 1506 3252 similibus
1522 3185 1579 3253 uai
1601 3185 1829 3271 aegnotantis.
1884 3184 1927 3256 ln
1948 3183 2139 3254 conatione
2160 3183 2227 3252 do.

206 3303 408 3375 inhaesus,
435 3292 497 3386 qui
518 3311 615 3357 nunc
629 3283 771 3356 Morari
788 3281 956 3352 dicontur
963 3329 975 3365 ,
1003 3293 1039 3350 et
1054 3279 1190 3352 vicinos
1214 3277 1218 3400 ᾗ
1242 3284 1376 3356 ctriuae
1388 3279 1613 3356 Christianae
1627 3297 1662 3354 et
1675 3280 1835 3359 ethnicae
1849 3285 2083 3358 ostenderunt
2096 3284 2227 3356 metius

208 3401 362 3495 sliquos:
388 3395 470 3490 quia
487 3390 708 3461 Ptolemaeus
730 3404 889 3474 expresse
911 3381 1049 3476 inquit,
1083 3383 1191 3452 fuisse
1242 3387 1372 3456 sentire
1394 3379 1633 3469 Christianos,
1667 3411 1781 3462 uncam
1801 3409 1874 3456 esce
1895 3383 2030 3466 Deum,
2064 3384 2228 3457 omnium

208 3501 391 3575 Boiemiae
413 3493 544 3565 limites
559 3481 713 3560 Sodetes
733 3491 892 3564 montes,
924 3483 986 3577 qoi
1009 3497 1092 3554 sum
1111 3485 1191 3572 iuga
1243 3501 1482 3558 creaturarum
1507 3488 1745 3559 conditorem:
1777 3503 1813 3558 et
1834 3487 2127 3578 improbaverunt
2150 3498 2230 3557 rur.

207 3625 330 3674 vcrsus
344 3595 552 3672 Meridiem,
576 3587 788 3659 Voitlandos
809 3598 843 3654 et
857 3583 995 3678 Mysos:
1023 3581 1070 3654 Ec
1092 3609 1110 3653 e
1134 3607 1192 3652 re-
1244 3591 1325 3657 ham
1348 3584 1526 3671 Deorum,
1558 3612 1662 3681 quam
1685 3589 1864 3659 finxerunt
1881 3583 2039 3660 Ethoici.
2092 3581 2230 3660 Osten-

209 3707 315 3797 ssl⁰¹¹⁶
347 3695 493 3796 'iham
519 3686 744 3771 G⁰hn¹⁰m⁹
787 3687 824 3756 ld
855 3699 924 3769 Μ’
967 3684 1190 3755 iliiffldinssm
1216 3719 1219 3772 t
1244 3689 1374 3758 dentnt
1389 3701 1423 3759 et
1440 3689 1530 3778 leges
1545 3685 1830 3758 Christianorum
1847 3692 1892 3759 de
1906 3690 2063 3760 castitate
2083 3703 2118 3760 et
2140 3711 2230 3758 con-

208 3808 329 3878 latam.
378 3797 426 3872 llt
439 3797 506 3869 sub
520 3817 560 3864 ea
577 3791 674 3887 sylva
689 3789 797 3859 fuisse
806 3786 1104 3871 Marcomannos,
1128 3785 1193 3856 ubi
1245 3789 1351 3879 inpiis
1366 3783 1530 3860 honestas
1545 3813 1634 3875 ease,
1660 3805 1696 3862 es
1718 3791 2008 3881 improbamus
2033 3789 2229 3860 libidinum

209 3929 306 3978 ”¹¹¹¹ss
322 3915 373 3972 ⁹⁸¹
387 3892 577 3990 M‘Wia·
1245 3891 1486 3972 confossiones,
1511 3915 1599 3984 quas
1613 3886 1760 3962 Ethuici
1783 3891 2018 3968 admittebant
2041 3904 2076 3962 et
2098 3892 2231 3983 proba-

311 3999 436 4075 Vicini
457 3992 724 4070 Marcomannis
744 3991 889 4061 fuerunt
912 3982 1058 4084 Quadi,
1093 3986 1193 4056 vide·
1244 3992 1342 4062 bant.
1393 3991 1690 4082 improbaverant
1702 4005 1738 4064 et
1748 3993 1985 4082 gladiatorum
2000 4007 2136 4085 pugn„
2145 4045 2157 4078 ,
2190 3992 2230 4060 in

209 4111 290 4182 lieet
305 4103 452 4180 Silesiae
470 4121 570 4192 pars,
596 4107 632 4166 et
652 4091 749 4182 regio
773 4092 868 4161 inter
885 4087 1131 4161 Vratislaviam
1160 4099 1194 4158 et
1245 4094 1374 4187 qoibus
1394 4117 1457 4184 per
1471 4091 1596 4164 ludum
1619 4087 1783 4166 homines
1807 4094 2122 4169 interficiebantur.
2182 4088 2232 4164 Et

209 4207 435 4289 Cracoviam,
462 4200 554 4272 etad
569 4189 799 4286 Carpathum.
851 4187 894 4262 ln
911 4186 979 4260 hoc
999 4188 1193 4260 limiteim-
1245 4190 1309 4264 hac
1333 4193 1633 4262 demonstratione
1654 4196 1870 4266 damnarunt
1898 4190 2058 4267 ethnicas
2085 4193 2232 4287 opinio-

209 4309 300 4404 perii
328 4327 466 4396 semper
492 4300 585 4374 bella
618 4295 776 4367 difficilia
806 4290 963 4365 Romani
1000 4303 1193 4380 gesserunt.
1245 4317 1309 4366 nes
1330 4307 1365 4365 es
1387 4294 1671 4386 ωρρηῑῑῑῑοηῃ,
1699 4299 1796 4388 quod
1817 4297 2038 4386 imponibsse
2061 4296 2125 4382 m,
2157 4316 2232 4364 me

210 4409 316 4482 Tunc
349 4429 434 4478 veru
463 4404 508 4474 ad
530 4399 616 4472 alias
639 4395 862 4468 difficultates
886 4405 1074 4466 accesserat
1095 4405 1192 4462 tauta
1245 4391 1704 4487 membranaceum,
1734 4397 1798 4490 qui
1813 4398 1941 4488 probet
1959 4397 2072 4486 Mam
2088 4409 2232 4469 contra-

77 4500 80 4508 ’
209 4511 366 4594 siccitas,
407 4520 447 4578 ut
475 4501 606 4574 milites
627 4512 663 4570 et
684 4497 764 4590 equi
790 4495 850 4566 siti
874 4495 1039 4586 perirent.
1105 4488 1196 4564 Erat
1245 4497 1420 4587 riamlepi
1438 4509 1594 4568 naturae.
1650 4496 1813 4570 lustinus
1833 4499 1939 4571 etiam
1961 4513 2122 4588 ternpore
2144 4521 2233 4568 con.

210 4627 328 4684 antem
344 4611 382 4679 in
397 4605 550 4686 exercitu
562 4599 728 4674 Romano
742 4592 946 4670 Christiana
964 4595 1080 4685 legio,
1104 4615 1194 4688 quae
1245 4600 1332 4683 lert,
1356 4599 1556 4671 etosteodit
1571 4601 1769 4672 doctrinam
1783 4596 2026 4672 Christianam
2050 4597 2233 4691 antiquio-

210 4734 341 4782 oomeu
372 4705 526 4782 habebat
554 4727 574 4774 a
600 4693 755 4780 Melite,
802 4697 867 4768 ubi
896 4695 1030 4768 Paulos
1059 4693 1194 4767 semina
1246 4721 1322 4770 rem
1351 4721 1425 4770 eaae
1452 4694 1611 4785 ethnica,
1647 4714 1683 4772 et
1701 4694 1887 4772 historiam
1913 4696 2108 4773 hionium
2130 4713 2233 4770 veru.

210 4809 398 4900 Evangelii
413 4817 598 4901 sparserat.
649 4797 747 4872 Haec
761 4797 853 4888 legio
867 4821 943 4870 uon
959 4799 1075 4870 sulcam
1089 4797 1195 4882 icmo,
1246 4801 1389 4872 stiorem
1407 4797 1649 4875 Graeciaeaae.
1700 4799 1791 4874 lnda
1804 4815 1839 4877 et
1859 4801 1994 4875 dictum
2016 4814 2069 4872 eat
2084 4799 2232 4874 Tertul-

205 4914 271 4981 'ssd
288 4911 394 4983 etiam
411 4907 612 5003 precatione
627 4901 879 4994 praeliabatur:
915 4913 950 4970 et
970 4920 1052 4970 cum
1076 4899 1195 4990 pobli-
1247 4901 1355 4972 lianis
1382 4893 1551 4973 Parmam
1565 4895 1971 5000 qnodpoeoerr'sslmom
1987 4909 2050 4974 ast.

212 5009 289 5082 ca'm
303 5011 541 5106 precationem
554 5003 758 5088 indixisset,
782 5023 853 5094 qua
875 5011 1055 5091 peteretur
1073 5000 1195 5092 pluvia
1351 5000 2109 5096 'lempnraMAatoniniRoroarpvenitst
2122 4998 2233 5096 Poly-

213 5126 248 5183 et
266 5109 382 5183 honus
396 5111 515 5186 exitus
527 5106 632 5192 belli,
660 5127 742 5174 mor
763 5102 889 5191 ingena
911 5115 1098 5192 tempestas
1116 5115 1195 5172 orta
1247 5125 1375 5195 carpus
1396 5104 1591 5200 Srnyraera
1614 5099 1848 5194 lipiacopns,¹
1873 5099 2045 5177 laborastis
2064 5099 2233 5196 Apostoli

213 5227 275 5298 est,
301 5214 340 5282 in
355 5237 424 5308 qua
440 5209 547 5282 simol
555 5207 652 5279 naua
665 5217 699 5276 et
714 5205 849 5293 largam
861 5200 1196 5295 plrrriaoallomano
1248 5201 1410 5290 auditor,
1443 5230 1483 5278 ac
1496 5205 1655 5276 vidit-ibi
1670 5207 1889 5278 etreiotavit
1903 5203 2125 5281 burdonem
2146 5199 2233 5276 hae·

211 5313 380 5386 ereicitui
395 5311 513 5395 dedit,
538 5321 574 5379 et
594 5307 716 5376 crebra
736 5302 890 5376 iolrnina
909 5315 1033 5376 conus
1049 5302 1197 5392 Quados
1249 5305 1417 5393 aetiam,
1441 5322 1477 5378 at
1490 5305 1680 5380 maaltosab
1693 5327 1736 5386 eo
1750 5309 1914 5380 seductus
1926 5309 2110 5385 aberrare
2127 5327 2234 5379 aero-

210 5415 381 5488 iacolatos
402 5427 465 5490 eat.
516 5407 595 5483 Hac
620 5404 770 5476 victoria
791 5403 958 5496 pracffioa
972 5399 1198 5478 Chriatiano-
1220 5363 1224 5472 l
1250 5409 1354 5483 cavit.
1405 5405 1495 5480 Com
1512 5405 1677 5482 Marcion
1690 5410 1723 5480 ei
1737 5409 2004 5484 obriamiaotus
2018 5408 2234 5498 interrogas·
