4604 5804
68 285 133 364 an
597 329 603 338 .
662 257 1391 348 .·1.crmou1coucaaron1s.
2007 265 2083 348 soa

69 457 230 552 qimam,
244 449 478 546 quondm
490 444 636 537 longios
644 439 754 534 hesit
768 465 875 538 quam
886 440 1041 515 sinistra.
1088 436 1155 511 tim
1170 431 1267 510 tristi
1280 435 1449 508 servitute
1462 455 1649 530 oppressae
1662 449 1757 526 snat
1782 461 1862 510 eam
1876 457 2079 532 grasaren.

68 557 238 634 Laudant
262 552 337 624 eins
353 549 518 637 inanitas,
549 565 658 644 quarn
682 546 790 618 etiam
819 542 978 616 ostendit
1000 539 1041 610 in
1089 551 1364 632 turpes-pernae
1389 538 1511 610 caedes
1532 537 1573 609 in
1596 539 1773 626 nabibus,
1790 555 1832 614 ut
1847 539 2024 638 Mitylene
2041 560 2077 620 et

68 653 297 732 numliccntia
318 651 536 747 amplissima
559 671 642 742 erga
658 643 864 722 Ecclesiam.
918 642 1040 735 Quare
1088 642 1166 734 ipsa
1187 641 1276 712 urbs
1294 636 1433 727 Attica,
1458 653 1494 713 et
1514 639 1609 714 bella
1625 665 1667 714 ex
1684 643 1789 721 bellis
1802 667 1897 718 nova
1919 647 2073 719 subinde

68 757 179 832 ludaei
190 755 354 843 tradunt,
376 768 456 825 euin
470 752 581 824 fuisse
595 749 711 823 lilium
729 747 831 821 Darii
846 759 881 820 et
897 739 1040 820 Esther.
1089 755 1168 816 orta
1183 754 1278 814 sunt
1600 793 1604 802 .
1696 833 1699 845 Ι

66 861 187 934 Fuerat
207 871 325 933 anum
351 855 544 949 impeditus
571 853 709 924 reditus
731 849 944 924 Iudaeorum
971 846 1039 919 snb
1191 839 1292 916 Anni
1316 844 1443 935 aloga
1466 843 1595 918 Xerxis
1615 869 1729 945 usque
1751 847 1795 919 ad
1819 849 1966 924 initium
1987 849 2082 926 helli-

66 960 228 1057 thyse
255 973 291 1031 et
312 955 422 1030 Dario
451 957 525 1029 salio
551 953 754 1051 Hystaspis,
783 967 825 1024 nt
853 949 1039 1023 consenta-
1089 945 1382 1037 Peloponnesiaci
1397 961 1481 1020 suot
1496 950 1767 1046 quinquaginta.
1818 950 1898 1024 Hoc
1918 967 2077 1046 tempore

66 1087 168 1138 nm
184 1076 239 1137 ast
256 1073 405 1155 propter
426 1055 646 1154 Aegyptiace
664 1055 769 1128 bella.
820 1054 891 1128 Sed
915 1063 1039 1147 parato
1089 1050 1241 1119 mamare
1271 1049 1395 1121 floruit
1423 1047 1594 1137 Graecia,
1634 1069 1669 1127 et
1696 1055 1885 1148 praecipue
1917 1073 2081 1129 temerat

67 1161 226 1251 Oriente,
255 1160 468 1235 Artaxerxes
495 1159 739 1250 Lougimauus
753 1157 939 1228 renovavit
960 1152 1039 1225 cdi·
1090 1145 1314 1224 Athenarum
1340 1153 1515 1244 potentia,
1548 1177 1654 1250 quam
1676 1152 1937 1229 Demosthenes
1957 1160 2084 1256 inquit·

68 1264 274 1362 umssyri,
298 1278 334 1336 et
347 1263 454 1337 iussit
468 1262 588 1354 perfici
603 1260 884 1332 aedificationem
901 1255 1040 1328 leroso-
1090 1253 1244 1325 tenuisse
1265 1255 1504 1347 principatum
1527 1256 1622 1327 inter
1645 1256 1801 1330 Graecos
1826 1255 2025 1333 annustt'aes
2041 1276 2077 1334 et

67 1370 170 1462 tynae
185 1379 220 1438 et
236 1365 376 1460 templi.
425 1359 480 1435 Ac
494 1385 589 1435 anno
609 1375 705 1434 sexto
720 1363 821 1454 regni
835 1355 1040 1434 Artarcms
1090 1355 1332 1450 septuaginta,
1357 1380 1550 1428 numerans
1567 1359 1732 1431 videlicet
1749 1382 1863 1432 annos
1876 1385 1901 1433 a
1913 1360 2077 1436 Cimonis

67 1469 271 1560 12⁰3}in
286 1467 411 1560 empti
426 1464 624 1536 aedificatio
637 1465 798 1536 absoluta
812 1475 876 1537 cra.
1088 1457 1266 1541 victoriis,
1300 1482 1413 1554 usque
1436 1459 1480 1530 ad
1502 1458 1727 1556 Lysandrum
1743 1459 2078 1553 Lacedaemonium,

153 1568 251 1643 Oen
278 1569 389 1660 igitur
417 1569 514 1662 apud
541 1564 746 1658 Haggacum
774 1578 810 1637 ct
830 1557 1039 1635 Zachariam
1090 1559 1154 1656 qui
1181 1560 1338 1632 obsessas
1368 1555 1529 1634 Athenas
1559 1563 1781 1634 deditionem
1805 1565 1921 1638 iacere
1950 1569 2077 1660 coegit.

67 1671 265 1744 minatur
298 1668 448 1756 Darius,
494 1667 657 1763 plerique
690 1663 787 1739 hunc
820 1662 1039 1738 Artaxerxen
1088 1658 1178 1734 Erat
1201 1675 1318 1734 autem
1335 1685 1524 1734 commune
1546 1665 1671 1750 foedus
1687 1661 1928 1757 Graecorum,
1951 1693 1999 1741 ne
2012 1672 2077 1765 qui

66 1771 322 1864 langimmuru
344 1770 568 1862 intelligunt,
609 1769 673 1866 qui
700 1783 736 1841 et
763 1791 858 1841 anno
888 1767 1038 1858 septimo
1089 1763 1170 1834 aliis
1183 1764 1277 1835 bella
1289 1765 1482 1854 inferrent,
1508 1768 1570 1838 sed
1584 1779 1626 1838 ut
1639 1769 1901 1840 controversiae
1912 1794 2076 1845 commu·

66 1875 155 1966 regni
177 1875 235 1947 sni
257 1874 359 1946 misit
378 1871 532 1945 Esdram
552 1892 635 1944 eum
659 1891 786 1963 magna
808 1867 1040 1942 multitudine
1090 1866 1132 1936 ni
1163 1865 1297 1937 indicio
1325 1867 1589 1942 dirimerentur.
1647 1867 1718 1941 Sed
1750 1869 1954 1945 inciderunt
1982 1875 2091 1947 inter·

66 1973 288 2062 ludaeorm,
318 1989 354 2047 at
378 1999 460 2046 cum
482 1974 712 2067 amplissimis
737 1973 842 2046 donis
864 1969 1040 2064 lerosoly·
1089 1965 1315 2057 Megarenses
1337 1982 1372 2041 et
1394 1964 1631 2043 Athenienses
1653 1971 1698 2042 de
1711 1970 1811 2044 Luco
1828 1973 1972 2046 incenso
1987 2001 2075 2046 con·

67 2100 169 2164 snam,
193 2079 241 2150 ad
258 2077 527 2158 instaurandam
541 2074 720 2167 politiam.
771 2071 774 2076 ’
1088 2071 1287 2156 tentiones,
1320 2084 1466 2164 propter
1492 2098 1596 2168 quem
1618 2068 1737 2144 Attica
1770 2075 1893 2145 civitas
1918 2078 2074 2150 edictum

155 2177 365 2271 Cogitmus
376 2192 515 2260 autem,
540 2199 645 2272 quam
660 2173 816 2250 difficilis
830 2173 1039 2246 instauratio
1090 2173 1274 2264 proposuit
1289 2171 1326 2241 in
1342 2171 1585 2263 Megarenses,
1609 2189 1650 2245 ut
1665 2199 1684 2245 a
1700 2189 1808 2269 portu
1828 2176 1949 2250 Attico
1962 2179 2075 2252 absti-

66 2279 180 2367 lnerit,
206 2303 292 2354 curn
315 2279 426 2352 vicini
451 2279 557 2351 hellis
577 2301 655 2350 mm
680 2280 1042 2371 impedireconaren·
1090 2287 1233 2360 nerent,
1257 2294 1323 2344 nec
1340 2274 1461 2348 liceret
1482 2279 1533 2346 eis
1549 2277 1688 2367 ingredi
1705 2278 1744 2348 in
1761 2269 2074 2355 terramAtticaht.

67 2393 137 2470 tur,
160 2382 317 2456 etmulti
334 2381 458 2452 ludaei
470 2379 604 2451 reversi
617 2404 659 2452 ex
674 2382 783 2471 longo
806 2378 912 2450 exilio
929 2379 1041 2468 legem
1089 2373 1145 2446 De
1159 2370 1226 2446 hac
1242 2373 1374 2446 iniuria
1391 2399 1472 2446 cum
1489 2375 1715 2468 Megarenses
1727 2382 1822 2473 apud
1836 2379 2079 2456 Lacedaemo-

66 2494 220 2576 etmorcs
236 2483 372 2577 patrios
385 2482 490 2554 obliti
504 2495 638 2564 essent,
664 2497 699 2555 et
719 2481 910 2552 difficulter
923 2475 1042 2550 Oeco-
1090 2477 1169 2548 nius
1185 2477 1299 2572 questi
1315 2491 1448 2576 essent,
1471 2492 1599 2571 petunt
1619 2461 1910 2570 Lacedaemonii,
1935 2499 1976 2557 ut
1997 2487 2077 2558 edi-

67 2586 192 2656 nomias
213 2586 457 2674 insumerent.
508 2581 580 2654 Sed
595 2578 680 2654 haec
699 2583 925 2654 incommoda
939 2579 1043 2651 leniit
1091 2593 1186 2650 ctum
1218 2579 1311 2650 illud
1343 2580 1499 2652 tollatur.
1556 2580 1709 2652 Pericles
1745 2585 1892 2672 fatetur,
1931 2609 2075 2660 causam

66 2680 163 2774 Dens,
183 2684 465 2782 quiArtarenis
478 2685 640 2757 onmem
654 2685 704 2756 ita
719 2687 862 2756 flexerat
874 2683 920 2753 ad
937 2696 1043 2755 tnen-
1090 2681 1204 2774 ipsam
1226 2703 1302 2753 non
1325 2681 1447 2772 magni
1468 2683 1642 2756 momenti
1667 2707 1759 2767 esse,
1789 2687 1852 2756 sed
1873 2687 2075 2784 exemplum

68 2787 126 2858 dos
149 2801 184 2862 et
206 2788 388 2861 invandas
409 2783 577 2872 Iudaeos,
608 2797 650 2857 ut
677 2809 753 2858 non
780 2785 942 2856 videatne
970 2807 1042 2855 un-
1091 2806 1166 2853 non
1180 2783 1404 2855 tolerandum
1420 2807 1503 2858 csse.
1544 2783 1669 2857 Postea
1683 2783 2075 2863 Lacedaemoniosma·

67 2909 166 2981 qnan
177 2891 217 2961 in
232 2913 362 2983 mere
376 2885 645 2962 brasmatiae
661 2883 854 2963 momrcha
876 2881 1041 2978 erge-ttr-
1091 2885 1167 2956 iora
1188 2884 1424 2978 imperaturos
1447 2908 1542 2974 esse,
1567 2888 1597 2958 sl
1621 2888 1826 2959 nunciare
1847 2914 1957 2984 parva
1970 2893 2075 2966 cede-

68 2991 196 3071 clnian
208 2992 477 3067 munilioantior
490 2990 609 3066 inisse.
661 2987 770 3062 Dedit
789 2989 894 3062 ctiam
912 2989 1043 3080 guber.
1090 2999 1179 3057 rent.
1230 2983 1308 3058 Hac
1328 2989 1595 3080 exaggeratione
1617 3013 1693 3061 rem
1709 2989 1851 3063 deducit
1866 2994 1913 3064 ad
1928 2994 2076 3082 bellum,

67 3105 198 3166 natum
207 3094 387 3190 sapientes
400 3109 435 3167 et
448 3093 611 3178 loelices,
635 3089 839 3186 Haggaenm
853 3106 888 3163 et
904 3085 1042 3163 Zacha·
1090 3103 1132 3161 nt
1147 3086 1364 3181 suspiciones
1373 3083 1416 3162 'et
1436 3089 1565 3163 astutia
1586 3115 1628 3162 ac
1649 3091 1848 3165 virulentae
1861 3094 2075 3190 interpreta-

67 3194 167 3278 riam,
190 3193 367 3282 Mam,
390 3190 768 3278 Nchemiamstalios,
794 3195 932 3289 fuitque
948 3194 1043 3265 inter
1090 3193 1206 3265 tiones
1217 3215 1319 3288 saepe
1333 3203 1417 3264 sunt
1430 3215 1552 3264 causae
1566 3216 1775 3284 magnorum
1790 3195 1978 3270 bellorum.
2020 3185 2093 3272 lta'·

66 3298 265 3392 praecipuos
287 3293 423 3369 Esdrae
449 3296 590 3368 labores
618 3293 907 3388 propheticorum
929 3297 1043 3366 libro·⁴
1091 3297 1136 3365 ab
1151 3293 1274 3385 exigua
1287 3317 1390 3366 causa
1411 3295 1545 3367 bellum
1568 3297 1778 3368 diutumum
1796 3312 1833 3371 ct
1848 3298 1989 3372 exitiale
2008 3291 2087 3374 totis

67 3419 138 3468 rum
161 3400 344 3486 collectio,
380 3411 415 3470 et
431 3397 632 3470 studiorum
654 3397 836 3468 doctrinae
852 3394 1044 3482 institutio,
1092 3393 1263 3465 Graeciae
1278 3411 1398 3466 ortam
1412 3409 1476 3482 est,
1502 3397 1593 3470 sicut
1606 3397 1782 3469 Pindarus
1798 3400 1932 3493 iuquit:
1959 3401 2093 3474 Parra'

67 3501 141 3590 quia
167 3497 349 3574 Ecclesiae
378 3501 650 3572 fundamentum
684 3512 736 3571 est
758 3481 934 3571 doctrina*
957 3521 1042 3592 pro-
1089 3497 1243 3569 scintilla
1262 3519 1365 3590 saepe
1380 3518 1543 3588 maguam
1559 3499 1695 3593 sylvam
1710 3501 1901 3576 comburit.
1952 3569 1958 3578 ,
2017 3593 2022 3602 ,
2089 3526 2093 3541 ·

68 3595 216 3692 phetica,
242 3603 417 3676 divinitus
433 3601 577 3675 tradita.
1194 3596 1359 3671 Secundo
1384 3599 1471 3670 belli
1497 3621 1593 3671 anuo
1615 3622 1722 3672 saera
1739 3615 1776 3676 et
1799 3603 1967 3676 inusitata
1998 3603 2075 3678 lues

158 3703 454 3777 Anno-vicesimo
468 3701 690 3790 Artaxerxis,
715 3700 845 3775 missus
860 3695 1044 3774 estNehc·
1090 3695 1245 3772 Athenis
1258 3715 1295 3776 ct
1309 3703 1350 3772 in
1368 3701 1499 3774 vicinia
1513 3703 1663 3793 grassari
1677 3704 1812 3796 coepit,
1837 3724 1927 3799 quae
1949 3729 2091 3800 corps·
2147 3781 2153 3798 ,

68 3804 149 3874 nias
162 3805 404 3904 erBabylone
420 3804 689 3900 lerusolymam,
711 3804 827 3899 quiet
844 3807 1043 3895 sumptibus
1091 3826 1131 3874 ra
1152 3801 1369 3876 inflammata
1393 3804 1443 3875 sic
1464 3805 1606 3890 urebat,
1637 3818 1678 3876 ut
1698 3808 1857 3878 membra
1879 3807 2075 3902 putrefacta

68 3917 98 3974 et
109 3905 324 3982 authoritate
336 3905 474 3980 adiurit
492 3907 769 3979 aedificationem
784 3927 985 3993 murorum,
1008 3919 1043 3980 et
1090 3905 1185 3978 intra
1207 3929 1338 4001 paucos
1359 3907 1434 3977 dies
1454 3907 1678 3995 deciderent,
1707 3907 1747 3978 in
1770 3907 1856 3994 aliis'
1872 3912 2003 4003 capita,
2035 3913 2093 3981 in-

67 4027 182 4080 usaras
197 4003 403 4104 prohibuit,
429 4009 736 4104 quibusinopesa
750 4007 1043 4101 locupletioribus
1091 4008 1172 4078 aliis
1188 4003 1354 4095 brachia,
1377 4007 1418 4080 in
1442 4008 1522 4079 aliis
1543 4012 1667 4100 pedes,
1692 4024 1728 4083 et
1748 4012 1959 4084 accedebant
1975 4015 2076 4084 suro-
2151 4083 2153 4090 Α

68 4101 371 4186 mensurius.
423 4107 478 4182 lta
493 4109 568 4183 Deo
587 4113 732 4184 iuvante
755 4109 927 4204 paulatim
949 4124 1042 4183 certa
1091 4131 1167 4195 res,
1193 4110 1233 4178 in
1256 4109 1386 4204 quibus
1406 4109 1469 4180 alii
1490 4134 1565 4180 sese
1586 4112 1793 4204 praecipites
1813 4115 1852 4183 in
1870 4127 1994 4206 puteas
2009 4116 2076 4186 ab·

68 4209 345 4286 tedeslledeslae
359 4215 399 4284 in
406 4211 536 4284 Iudaea
551 4213 712 4285 restituta
722 4225 784 4299 est,
808 4227 840 4284 et
857 4213 896 4282 in
912 4235 1042 4302 magno
1091 4211 1279 4300 iieiehant,
1311 4213 1373 4283 alii
1397 4212 1477 4282 aliis
1498 4213 1613 4281 modis
1637 4232 1712 4284 sese
1726 4217 1939 4306 perdebant,
1956 4229 1998 4286 'et
2010 4239 2075 4286 ex·

68 4306 210 4404 imperio
234 4312 376 4394 Persico
399 4326 484 4385 nota
507 4316 597 4400 suit,
622 4327 664 4385 ut
680 4313 786 4386 multi
803 4313 889 4384 inde
908 4313 1040 4384 doctri-
1090 4313 1321 4404 tinguebatur
1339 4313 1510 4385 memoria
1530 4313 1636 4383 ctiam
1660 4315 1700 4384 in
1721 4310 1796 4402 his,
1822 4317 1885 4410 qui
1908 4319 2075 4388 convale-

69 4431 144 4483 nam
157 4428 278 4507 patere
295 4429 448 4511 possent.
499 4411 548 4488 Et
563 4415 750 4488 mediocris
766 4416 811 4506 in
834 4410 963 4488 ludaea
976 4439 1043 4509 pax
1091 4415 1246 4491 scebant.
1260 4463 1263 4470 ι
1296 4413 1415 4488 Huius
1430 4415 1652 4506 pestilentiae
1664 4415 1704 4489 fit
1718 4419 1855 4488 mentio
1871 4421 1967 4512 apud
1981 4417 2075 4510 Hip-

22 4579 23 4582 ,
69 4512 148 4598 luit,
170 4521 342 4613 usquead
356 4516 501 4614 tyranni
513 4511 610 4588 Ochi
623 4529 792 4610 tempora.
856 4551 859 4558 ·
1091 4531 1290 4612 pocratem,
1314 4519 1378 4612 qui
1400 4530 1486 4589 tunc
1508 4516 1613 4604 vixit,
1638 4531 1672 4589 et
1686 4519 1821 4590 dicitur
1841 4516 2076 4593 huc'consillo

1092 4642 1171 4691 eam
1193 4643 1214 4692 a
1235 4613 1418 4690 Thessalia
1439 4619 1633 4711 depulisse,
1657 4619 1812 4693 incensis
1834 4610 1969 4720 sylvis}
1993 4633 2077 4696 cnm
2210 4613 2213 4619 ’

74 4789 76 4794 ,
383 4692 472 4764 ¹⁸⁶⁸
498 4691 721 4764 emme·
1092 4723 1197 4793 flatus
1225 4734 1417 4793 ventorum
1444 4723 1489 4792 ab
1520 4718 1639 4794 Attica
1667 4721 1873 4798 adferebant
1902 4725 2078 4818 contagia.

163 4821 296 4904 Scribit
319 4816 566 4922 Thucydides,
593 4819 689 4897 hunc
703 4819 922 4894 Artaxerxen
945 4843 1044 4893 mor·
1090 4820 1165 4895 Nec
1179 4837 1252 4896 tam
1267 4845 1370 4896 saera
1385 4824 1460 4895 lues
1474 4824 1650 4918 descripta
1663 4823 1891 4915 legituraliis
1904 4829 2077 4922 tempori-

69 4931 162 4993 tunm
197 4947 272 4996 esse
303 4947 400 4996 anno
432 4925 582 5017 septimo
620 4924 706 4996 belli
739 4921 1044 5018 Peloponnesiaci,
1090 4925 1178 5013 bus,
1209 4925 1279 4995 nisi
1300 4949 1397 4998 anno
1427 4940 1506 5019 post
1529 4925 1684 4998 natalem
1701 4922 1834 4999 Christi
1851 4917 1967 5016 toas,
2001 4953 2074 5023 quo

70 5025 158 5112 quod
176 5023 362 5097 Graeciam
379 5027 584 5118 gravissime
596 5025 744 5102 adflixit.
794 5023 885 5098 Nam
908 5041 944 5100 et
960 5027 1043 5098 diu·
1091 5019 1187 5098 anno
1202 5025 1408 5120 Sigcbcrtus
1423 5041 1561 5116 narrat,
1584 5029 1690 5100 talem
1705 5026 1939 5121 pestilentiam
1955 5029 2076 5103 inho·

71 5131 211 5198 turnum
224 5129 310 5215 luit,
331 5127 475 5198 durarit
488 5127 584 5197 enirn
601 5152 717 5200 annos
728 5143 859 5221 septem
875 5143 909 5203 et
926 5126 1043 5220 vigin-
1090 5123 1267 5219 tharingia
1284 5146 1473 5221 grasmtam
1490 5151 1577 5203 esse.
1670 5209 1677 5222 ‚
2007 5150 2012 5178 ²
2092 5140 2099 5150 '

70 5223 113 5310 tl,
136 5230 201 5300 etsi
216 5231 340 5303 breves
360 5229 524 5302 inducias
547 5229 804 5324 aliquantisper
827 5224 976 5316 habuit,
1007 5243 1043 5304 ct
1191 5227 1465 5304 Denunciaruut
1478 5251 1621 5320 magnas
1635 5231 1848 5324 calamitates
1856 5237 2002 5330 eclipsis
2016 5260 2075 5310 so·
2207 5225 2212 5242 ⁸

69 5329 196 5402 multae
214 5330 373 5404 civitates
390 5331 521 5425 partim
537 5330 699 5402 lundltus
721 5333 856 5404 deletae
872 5349 974 5415 sunt,
999 5345 1041 5405 ut
1090 5331 1137 5403 lis
1159 5332 1265 5405 initio
1285 5333 1373 5405 belli
1394 5334 1504 5418 lacta,
1531 5355 1622 5427 qnae
1634 5336 1752 5408 medlo
1770 5339 1829 5409 die
1844 5340 2006 5411 tenebras
2021 5329 2092 5412 le-'

69 5425 200 5516 Platea,
225 5433 314 5508 urhe
323 5428 600 5530 Corcyreocum,
624 5434 709 5507 urbs
722 5431 934 5525 Meliorum,
958 5457 1042 5530 par·
1090 5434 1157 5517 cit,
1183 5447 1225 5509 nt
1238 5435 1359 5509 stellae
1373 5433 1680 5528 conspicerentur,
1704 5453 1739 5512 et
1752 5446 1888 5514 cometa
1895 5495 1906 5530 ,
1931 5441 1996 5538 q'n'i
2017 5465 2075 5515 ar-
