4706 5818
97 277 199 354 roos
585 361 587 366 ,
657 276 687 355 ι.
736 271 1032 360 ennourcon
1057 237 1306 352 cculoms
1356 241 1484 358 raas
1509 281 1558 363 ιι.
2017 293 2117 370 ιοιο

94 447 210 518 decim
225 446 338 518 millia
345 445 591 520 Romanorum
607 449 774 537 militnm,
787 473 849 523 seu
864 449 964 522 ducis
972 448 1081 522 Com·
1131 446 1173 518 in
1194 447 1401 522 suburbano
1425 470 1572 527 coronat
1592 454 1797 530 Patriarcha
1821 451 2026 556 Cyriacus,
2059 466 2118 536 in-

94 549 258 620 meutioli
279 543 430 620 Thracis
456 551 620 641 perfidia,
654 575 715 623 εειι
736 552 806 622 alio
831 575 925 628 casu.
978 551 1081 624 lnce
1131 570 1290 638 gressum
1313 551 1353 621 in
1372 555 1497 624 urbem
1521 560 1673 650 populus
1696 562 1832 654 recipit.
1891 559 1939 634 Et
1965 569 2049 658 quie
2069 571 2115 639 ad

93 672 180 720 vero
211 650 435 742 expeditione
462 650 625 742 Caganus
655 654 784 744 templa
817 653 1015 737 deleverat,
1047 666 1081 723 ει
1130 645 1390 724 Chalcedonem
1408 654 1606 731 Mauricius
1627 676 1788 752 aegrotus
1804 687 1885 734 cnm
1909 667 2058 758 coniuge
2081 683 2116 740 et

93 773 173 822 ossa
189 765 384 844 martyrum
408 774 450 820 ex
473 753 715 825 monumentis
740 756 898 825 eiecerat.
953 753 1079 826 Secuta
1128 752 1247 841 parvis
1262 753 1344 824 liliis
1364 768 1398 824 ει
1413 757 1554 831 filiabus
1574 762 1728 852 fugerat,
1748 766 1850 857 seqni
1874 790 1954 835 eum
1971 763 2112 840 Phocus

92 851 203 941 igitur
217 851 437 941 pestilentia,
462 854 500 923 in
515 878 584 948 qua
600 870 730 946 septem
746 855 839 926 filios
852 879 924 926 uno
938 856 996 925 die
1010 858 1078 931 Ca·
1131 851 1326 946 Tyrannus
1354 857 1466 932 iussit.
1538 861 1701 956 Suntque
1730 863 1769 934 in
1800 878 1905 956 portu
1937 883 2114 959 spectante

92 973 206 1039 ganne
239 952 374 1038 amisit,
406 955 552 1024 domum
582 956 699 1026 redire
729 971 905 1050 properat.
958 955 1079 1043 Quare
1130 950 1249 1023 Phoca
1262 957 1418 1046 primurn
1439 962 1511 1030 duo
1527 963 1685 1034 iuniores
1706 965 1770 1033 filii
1794 965 1960 1038 Mauricii
1985 973 2114 1058 necati,

90 1054 247 1124 ostendit
281 1077 380 1144 posse
407 1055 535 1124 redimi
559 1070 594 1126 et
623 1057 798 1149 captivos,
833 1082 897 1148 pro
928 1059 1079 1154 cingulis
1129 1055 1258 1124 deinde
1274 1069 1346 1128 tres
1362 1059 1474 1144 filiae,
1500 1077 1578 1152 post
1595 1059 1658 1134 has
1674 1063 2023 1140 malerConstantina
2039 1071 2112 1143 filia

90 1177 206 1224 unum
233 1178 378 1224 aureum
401 1156 499 1246 petit.
557 1156 669 1248 Negat
690 1157 887 1230 Mauricius
908 1183 969 1230 seu
995 1185 1076 1230 ava.
1129 1155 1215 1224 boni
1248 1160 1418 1250 principis
1448 1162 1599 1262 Tiberii.
1667 1165 1892 1260 Spectaverat
1914 1169 2112 1244 Mauricius

90 1254 192 1333 sicia,
220 1267 259 1324 ut
274 1255 452 1342 scribitur,
475 1277 537 1326 seu
552 1260 745 1349 pertinacia
760 1285 796 1330 se
811 1264 1076 1353 redempturum
1128 1256 1283 1327 filiorum
1305 1275 1338 1331 et
1360 1262 1514 1334 filiarum
1538 1288 1641 1336 neces
1664 1269 1828 1340 mirando
1857 1272 2018 1357 silentio,
2050 1277 2110 1352 sed

93 1377 169 1425 esse
185 1356 354 1446 captivos.
407 1354 520 1428 lratus
535 1359 644 1448 igitur
655 1358 814 1450 Capanus
829 1387 952 1432 omnes
966 1363 1078 1433 truci.
1127 1377 1207 1426 eum
1229 1361 1325 1431 videt
1354 1378 1510 1434 sanctam
1533 1369 1719 1457 coniugem
1744 1372 1850 1440 etiam
1877 1373 1994 1458 leciri,
2021 1370 2112 1446 hanc

89 1455 168 1525 dari
185 1455 297 1532 iussit.
348 1454 488 1528 Horum
505 1460 672 1532 interitus
687 1488 766 1532 cum
788 1485 955 1552 magnum
972 1465 1075 1534 dolo.
1127 1459 1239 1531 edidit
1269 1464 1524 1537 confessionem
1556 1493 1703 1542 suorum
1724 1472 1949 1544 delictorum:
1982 1471 2111 1548 Iustus

89 1579 166 1625 rem
184 1557 306 1627 multis
321 1558 482 1645 afferret,
507 1574 604 1631 ortae
618 1577 702 1634 sunt
716 1565 755 1632 in
773 1565 920 1658 reliquis
942 1565 1074 1634 exerei-
1127 1580 1163 1628 ιδ
1179 1555 1361 1646 Domine,
1396 1575 1428 1635 0¹
1451 1577 1583 1638 seclum
1606 1577 1657 1640 0⁸!
1678 1566 1855 1642 iudicium
1878 1583 1992 1647 litum·
2039 1577 2110 1647 Po-

89 1658 190 1726 tibns
204 1658 414 1744 seditiones,
441 1663 645 1750 praesertim
669 1665 752 1757 quia
776 1678 811 1734 et
826 1664 952 1736 Petrus
967 1668 1076 1737 scater
1127 1674 1199 1731 stea
1214 1664 1329 1754 stipsi
1345 1665 1523 1740 Mauricio
1539 1686 1642 1762 caput
1658 1678 1852 1764 praecisum
1881 1689 1943 1752 cst.
1994 1676 2111 1750 Cada-

88 1756 263 1827 Mauricii
294 1761 366 1828 dux
396 1762 570 1851 stipendia
594 1764 740 1855 indigne
760 1770 954 1858 pendebat,
980 1782 1014 1838 et
1037 1768 1074 1835 in
1125 1785 1208 1831 vern
1224 1763 1263 1832 in
1277 1767 1397 1838 littore
1416 1772 1549 1840 abiecta
1567 1788 1667 1855 sunt,
1693 1791 1732 1847 ut
1748 1802 1766 1846 a
1782 1777 1914 1868 populo
1928 1781 2110 1869 conspice-

90 1873 233 1928 tantum
255 1861 378 1954 odium
399 1864 495 1932 venit
518 1863 734 1951 Mauricius,
766 1881 805 1936 ut
827 1868 865 1936 in
888 1870 946 1937 die
966 1869 1074 1939 natali
1125 1877 1267 1949 rentur,
1301 1892 1392 1961 quoe
1429 1873 1559 1942 deinde
1591 1876 1637 1944 ob
1682 1873 1847 1947 eunucho
1881 1882 2034 1972 quodam
2070 1878 2109 1944 in

89 1953 230 2029 Christi
263 1961 464 2051 ingrediens
491 1964 529 2033 in
561 1969 732 2062 templum
773 1992 861 2057 pene
897 1969 1075 2060 lapidibus
1126 1967 1258 2054 templo
1273 1971 1406 2054 sepulta
1423 1987 1517 2043 sunt.
1568 1974 2110 2069 FiliusTheodosiuspraemis-

88 2063 241 2130 obrutus
268 2061 326 2133 sit.
379 2063 452 2132 Nec
481 2078 619 2136 tantum
645 2070 926 2138 benevolentiam
951 2070 1074 2161 populi
1126 2085 1185 2130 sus
1202 2075 1309 2132 croto
1326 2078 1445 2154 patro,
1470 2078 1511 2133 ut
1526 2069 1570 2134 od
1585 2065 1709 2138 Persas
1724 2073 1879 2162 fugeret,
1907 2075 2002 2146 hrrnc
2018 2101 2109 2168 quo-

89 2162 131 2228 in
150 2163 445 2232 adversaiortuna
462 2167 590 2246 amisit,
615 2165 673 2230 sed
692 2162 1076 2249 etiamvirtuslangue·
1127 2171 1195 2242 'que
1220 2176 1262 2222 ex
1291 2166 1372 2241 lu5a
1406 2179 1596 2235 retractum
1620 2166 1755 2258 Phocas
1791 2177 1961 2245 trucidari
1995 2177 2108 2249 iussit.

87 2262 182 2332 sacta
199 2275 261 2345 est,
287 2262 439 2332 etmulti
457 2286 596 2334 errores
609 2264 839 2332 consiliorum
855 2261 966 2331 secuti
984 2273 1075 2342 scint,
1128 2251 1214 2322 Mox
1232 2253 1406 2325 interfecti
1422 2269 1505 2325 ειιιιι
1519 2281 1552 2328 ει
1568 2265 1769 2344 Germanus
1785 2299 1884 2346 socer
1900 2273 2111 2365 Theodosii,

88 2365 183 2430 sicut
203 2362 349 2433 dicitur:
375 2361 490 2453 Aeger
512 2365 652 2434 animus
674 2387 812 2454 semper
831 2377 937 2434 errat.
988 2357 1077 2431 Phi.
1127 2367 1162 2424 et
1184 2355 1367 2439 filiaeius,
1393 2352 1590 2426 Theodosii
1614 2372 1778 2444 contusa,
1829 2372 1888 2447 Ab
1909 2373 1965 2447 hi,
1990 2383 2110 2450 decem

89 2463 264 2554 lippicum
285 2464 430 2546 ducem,
456 2464 513 2533 cui
538 2480 647 2555 nupta
673 2480 746 2534 erat
771 2463 939 2534 Mauricii
965 2486 1076 2546 soror,
1128 2455 1284 2545 cognatis
1314 2458 1523 2548 torporibus
1548 2459 1690 2529 initium
1717 2455 1914 2534 horrendae
1940 2482 2111 2551 saeviciae

89 2564 239 2632 inclusit
253 2563 293 2634 in
309 2587 502 2648 carcerem,
526 2565 615 2634 falso
637 2565 819 2655 suspicans
834 2587 1076 2653 cumregnum
1130 2560 1257 2628 lactum
1284 2572 1354 2641 est,
1379 2583 1469 2650 quae
1486 2573 1603 2648 postea
1620 2561 1726 2630 latius
1736 2579 1886 2651 grassata
1904 2580 1956 2634 est
1970 2567 2008 2636 in
2024 2584 2111 2640 ans.
2196 2609 2198 2612 -

91 2677 268 2754 appetere.
321 2663 593 2735 Germanuscui
611 2680 721 2757 nupta
744 2680 934 2735 eratsoror
958 2665 1078 2734 uxoris
1129 2682 1188 2728 cos
1217 2657 1396 2730 Mauricii.
1441 2658 1539 2730 Haec
1557 2675 1654 2730 tanta
1673 2663 1777 2732 ruina
1802 2664 2043 2738 nobilissimae
2059 2667 2111 2736 fa-

92 2764 286 2850 Mauricii,
319 2788 502 2834 cumeum
529 2761 768 2857 prehensurus
794 2779 899 2850 esset,
925 2767 1016 2854 fugit
1038 2766 1077 2833 in
1132 2759 1248 2830 miliae
1267 2759 1375 2850 digna
1410 2777 1462 2833 cst
1495 2762 1791 2840 consideratione.

92 2867 284 2956 templum:
326 2865 421 2935 filius
453 2862 693 2950 The⁰d⁰⁸f⁰⁸³
726 2869 784 2938 ⁶¹¹5
807 2865 979 2936 Gefmffli
1005 2867 1077 2935 filia
1230 2889 1309 2964 Etsi
1322 2895 1391 2965 fuit
1412 2897 1450 2964 in
1464 2896 1642 2967 Mauricio
1665 2899 1794 2970 virtus:
1820 2913 1938 2973 tamen
1961 2905 2017 2974 vel
2043 2905 2115 2975 ira·

93 2980 207 3057 ¹¹1¹l’ta
237 2978 332 3052 ‘fils
367 2989 486 3038 ⁰²⁰⁸¹¹⁸
515 2969 1078 3084 ²⁸1f¹¹⁵fib¹¹⁵2q⁰i³P³²⁰r⁸¹¹·
1131 2992 1259 3064 cundia
1292 2997 1346 3064 vel
1377 2997 1569 3087 pertinacia
1603 3001 1780 3089 peccavit,
1810 3025 1890 3071 cum
1925 3005 2116 3077 exercitum

94 3069 300 3157 spicabatur
328 3091 409 3138 eum
439 3070 608 3140 adiuvare
646 3071 793 3141 consilia
825 3091 924 3140 socer
957 3083 1078 3140 contra
1131 3118 1204 3164 non
1222 3097 1389 3182 redemit,
1413 3111 1681 3170 ,mmmmm
1702 3101 1771 3171 3134,
1794 3118 1934 3192 pecca„
1956 3129 2117 3175 commu„

82 3167 223 3256 'fPfflffl-
251 3211 262 3230 ¹
1133 3202 1191 3266 nia
1210 3192 1386 3266 humanae
1402 3199 1612 3275 infirmitati.
1665 3200 1784 3271 Poena
1799 3202 1908 3292 igitur
1925 3202 2034 3293 ipsius
2050 3227 2116 3274 noe

203 3281 304 3352 'l'alia
339 3287 495 3376 exempla
526 3309 592 3355 nos
619 3287 664 3355 de
691 3285 894 3356 infirmitate
925 3281 1079 3354 humana
1132 3298 1176 3365 de
1190 3297 1242 3366 ira
1260 3291 1328 3366 Dei
1344 3301 1553 3382 admoneat,
1575 3316 1620 3373 ut
1634 3303 1743 3373 simus
1764 3303 1939 3384 modesti,
1962 3318 1997 3374 et
2016 3302 2117 3373 viva-

97 3384 435 3469 commonefaciant,
461 3409 551 3479 quae
567 3389 759 3457 ostendunt
773 3410 847 3456 non
875 3386 990 3455 solum
1007 3387 1078 3453 sor·
1134 3420 1211 3467 mus
1229 3398 1265 3464 in
1283 3397 1494 3468 timoren&
1522 3415 1558 3470 et
1578 3403 1616 3470 ῑῃ
1637 3403 1873 3475 invocatione,
1917 3449 1921 3458 .
2040 3453 2043 3460 .

96 3497 225 3554 tunam
252 3486 403 3567 motari,
436 3486 495 3554 sed
523 3489 618 3579 qnod
651 3487 765 3559 multo
788 3486 924 3558 tristius
949 3499 1018 3566 est,
1043 3484 1081 3552 in

212 3585 220 3600 .
278 3585 319 3604 ..
413 3586 423 3603 .
501 3587 510 3605 .
590 3587 599 3604 .
665 3587 674 3605 .
826 3589 836 3607 .
1236 3527 1352 3601 Simul
1368 3544 1485 3601 autem
1500 3545 1533 3600 et
1550 3534 1756 3622 magnitudo
1771 3533 2010 3624 poenitentiae
2030 3558 2118 3604 con-

97 3607 238 3674 magnas
254 3609 339 3654 v1r1s
353 3600 510 3677 extrngm
525 3602 733 3678 sapientiam
750 3602 785 3659 ει
802 3600 980 3658 virtutem.

1136 3631 1331 3722 sideretur,
1357 3652 1463 3725 quam
1481 3635 1631 3724 optarim
1655 3635 1765 3724 magis
1780 3635 1962 3726 perspicue
1986 3635 2119 3705 descri-

94 3729 107 3748 “
173 3729 392 3809 'Auxerunt
426 3737 726 3810 consternationes
752 3737 920 3808 Mauricii
945 3751 981 3807 et
999 3760 1083 3828 pro·
1135 3747 1231 3826 ptam
1265 3754 1338 3802 esse
1366 3733 1529 3823 pluribus
1558 3735 1770 3804 testimoniis
1795 3736 2029 3807 invocationis
2050 3732 2119 3806 Dei

98 3836 200 3925 digia
222 3839 421 3908 etsomnia:
447 3838 661 3932 Conspectus
685 3851 737 3908 est
756 3852 891 3909 cometa
914 3833 1083 3928 Xiphias:
1136 3835 1301 3906 recitatis.
1353 3833 1422 3905 Sed
1454 3830 1542 3904 haec
1571 3859 1730 3926 expressa
1760 3839 1933 3908 confessio
1956 3839 1995 3906 in
2019 3852 2119 3907 tanto

100 3939 270 4009 Accurrit
293 3935 487 4009 monachus
502 3942 647 4034 quidam
673 3941 794 4012 stricto
817 3938 936 4028 gladio
952 3941 997 4006 ad
1013 3953 1084 4008 sta·
1137 3937 1260 4008 dolore
1273 3962 1290 4003 ε.
1309 3933 1427 4014 lustus
1444 3959 1481 4005 es
1497 3933 1652 4006 Domine
1666 3931 1742 4022 etc,
1758 3937 1885 4008 similis
1909 3951 1959 4009 est
1982 3937 2120 4007 coales-

100 4052 201 4110 tuam
227 4038 467 4130 imperatoris,
493 4043 696 4127 clamitans,
721 4043 969 4134 imperatorem
990 4040 1084 4107 ferro
1137 4035 1413 4108 sioniDaniclis:
1439 4031 1476 4106 Τ
1476 4034 1533 4105 ibi
1546 4034 1708 4108 Domine
1729 4037 1900 4124 iusticia,
1927 4036 2033 4108 nobis
2048 4062 2120 4108 au·

101 4138 302 4232 periturum
319 4162 410 4208 esse:
440 4137 518 4228 lpse
533 4145 734 4229 somniavit,
759 4169 796 4213 se
811 4143 902 4212 tradi
919 4140 1083 4230 iugulan-
1137 4147 1205 4206 tem
1233 4135 1402 4235 confusio
1418 4135 1542 4237 faciei
1565 4156 1626 4213 etc.
1668 4138 1849 4229 Significat
1871 4165 1945 4209 non
1969 4141 2122 4212 defuisse

103 4243 191 4308 dum
215 4263 278 4310 suo
294 4240 400 4311 militi
417 4233 576 4315 Phocoe.
628 4243 748 4332 Quare
770 4240 1012 4335 Philippicum
1044 4265 1085 4310 cx
1139 4263 1255 4310 veram
1273 4240 1377 4309 fidem
1394 4256 1427 4308 ει
1444 4241 1718 4311 invocationem.
1770 4241 2018 4329 Adiungamus
2037 4263 2121 4330 ergo

103 4365 244 4436 carcere
277 4344 444 4412 eductum
473 4345 686 4435 interrogat,
718 4345 832 4440 qualis
857 4346 902 4414 sit
928 4339 1087 4412 Phocas?
1138 4337 1205 4412 hoc
1219 4342 1358 4430 insigne
1374 4343 1623 4434 exemplnmad
1633 4337 1720 4412 haec
1734 4335 1844 4414 dicta:
1870 4339 2123 4418 Humiliamini

102 4439 327 4533 Respondet,
362 4446 605 4516 centurionem
637 4448 862 4517 ambitiosum
900 4466 993 4527 csse,
1025 4445 1086 4513 sed
1138 4442 1204 4512 sub
1220 4444 1355 4532 potenti
1370 4467 1479 4512 manu
1494 4441 1571 4512 Dei.

76 4541 281 4614 timidum.
337 4545 465 4619 ‚Addit
503 4546 612 4636 igitur
652 4545 849 4619 Mauricius
881 4540 948 4616 hoc
988 4557 1089 4614 velus
1240 4575 1348 4646 hem:
1384 4575 1476 4647 vivo
1508 4600 1591 4666 ego,
1624 4573 1717 4645 Nolo
1746 4589 1897 4646 ,nomm
1921 4576 2124 4670 peccam,

100 4645 257 4716 dictum:
285 4645 325 4717 Si
344 4647 490 4718 timidus
504 4662 572 4732 est,
597 4643 776 4722 homicida
791 4663 855 4734 est,
881 4661 921 4718 ut
938 4659 1088 4716 vetustas
1140 4679 1198 4746 sed
1217 4691 1257 4746 u,
1276 4691 1505 4748 convenam,
1521 4691 1553 4747 e,
1577 4678 1683 4747 vivat·

103 4745 211 4816 dixit:
237 4749 314 4818 πᾶν
337 4743 459 4822 δειλὸν
475 4745 644 4846 mouendu-
1246 4761 1253 4769 '

1244 4807 1350 4879 Item:
1378 4789 1692 4882 Gratiaexuberat
1709 4787 1813 4903 supra
1832 4812 2012 4883 delictum.

207 4877 369 4974 Cumque
387 4884 476 4952 varii
491 4899 607 4957 essent
619 4885 658 4953 in
674 4885 761 4954 urbe
777 4896 813 4952 et
835 4884 872 4951 in
896 4883 1017 4954 castris
1033 4898 1089 4954 tn-
1340 4971 1347 4988 .
1480 4947 1489 4963 ,
1590 4947 1600 4964 .
1637 4947 1647 4964 ‚
1828 4947 1837 4964 ο

106 4980 262 5062 mullus,
288 4982 417 5054 milite,
442 4987 486 5052 ad
512 4980 1089 5057 1„„,m0,mu,50nempp,0cam
1180 5047 1190 5065 ⁹
1245 4943 1347 5017 ltem.
1376 4940 1508 5014 Omnis
1539 4969 1602 5037 qur
1636 4961 1854 5019 rnvocaverrt
1893 4969 2023 5016 nomen
2048 4943 2125 5018 Do-

105 5080 225 5150 virum
241 5077 434 5152 Thracium
452 5085 629 5157 sublatum
650 5090 689 5156 in
706 5085 867 5180 elypeum
883 5085 1008 5157 iubent
1022 5089 1089 5154 im·
1143 5047 1251 5131 Μ’
1277 5046 1394 5116 ”lm
1418 5047 1495 5116 ²³5¹·

109 5195 305 5273 peratorem
329 5209 347 5253 a
373 5199 445 5255 toto
475 5189 628 5256 exercitu
659 5186 847 5257 nominari.
911 5185 981 5256 Hic
1012 5211 1091 5257 cnm
1245 5179 1317 5250 Nec
1339 5201 1422 5248 vero
1444 5177 1557 5246 multo
1583 5193 1662 5269 post
1683 5193 1718 5248 et
1733 5175 1870 5248 Phocus
1890 5194 1924 5248 et
1941 5178 1995 5246 illi
2016 5179 2124 5252 scele-

106 5284 421 5356 torbaemilitaris
446 5287 756 5360 acclamationibus
779 5288 981 5358 nominatus
1004 5303 1090 5358 essct
1143 5282 1210 5354 rati
1228 5281 1398 5352 exercitus
1415 5278 1531 5371 puniti
1547 5293 1648 5363 sunt,
1672 5294 1714 5350 ut
1737 5303 1818 5349 mox
1840 5281 1986 5353 dicetur.

109 5387 320 5476 imperator,
351 5404 516 5482 properat
537 5388 892 5481 Constantinopolin,
923 5390 1092 5462 obicum

1486 5472 1569 5552 ὅδ’
