4726 5828
211 273 260 346 ss
663 203 670 224 ³
948 267 1110 345 naon.
1153 267 1233 362 Ιιιι
1265 241 1493 346 ursula,
1691 315 1703 390 .·
2190 273 2241 350 so

213 443 352 528 nomia,
385 455 420 511 ct
443 440 652 531 gubernatio
673 440 819 532 politica
847 441 1046 515 reserantur
1064 443 1109 514 ad
1134 437 1204 514 hoc
1355 437 1448 514 Cum
1467 438 1577 531 igitur
1597 453 1691 510 terra
1712 441 1885 512 foecunda
1909 441 1971 524 sit,
2005 454 2040 512 ct
2061 443 2245 518 frumento

213 569 391 616 summum
403 545 559 628 bonum,
585 542 769 630 videlicet,
793 545 835 614 ad
855 544 949 636 piam
963 541 1202 616 Ecclesiarum
1255 553 1288 612 et
1311 543 1465 614 metallis
1492 543 1671 623 abundet,
1704 565 1831 632 magna
1852 543 1962 615 estin
1984 566 2024 614 ea
2047 545 2244 619 multitudo

168 653 171 658 ’
214 646 514 718 constitutionem.
1253 639 1458 730 homiuum,
1489 646 1596 715 urbes
1628 644 1779 730 multae,
1812 645 1903 716 aliae
1929 645 2009 716 aliis
2031 647 2184 720 maiores
2209 664 2247 721 et

200 779 205 786 ·
317 745 440 820 Redeo
464 759 581 816 autem
607 747 651 814 ad
677 769 756 815 eum
782 748 951 838 gradum,
977 770 1080 840 quern
1096 745 1202 818 initio
1254 746 1470 828 ornatiores,
1496 759 1643 841 apceset
1659 747 1740 838 pagi
1763 746 1923 836 plurimi.
1975 742 2162 836 Elegantia
2182 775 2246 820 ve-

215 849 411 920 nomiuavi.
462 845 530 921 Dei
552 847 722 917 beneficio
742 863 880 919 montes
902 852 945 917 ad
963 848 1204 919 basimtrian-
1254 871 1294 918 ro
1328 847 1568 918 aedificiorum
1598 860 1713 934 tanta,
1746 861 1786 920 ut
1814 848 2001 941 plerasque
2029 846 2247 923 Germaniae

215 953 309 1042 guli,
336 951 471 1044 aliquot
491 949 691 1018 miliaribus
710 972 817 1019 venas
836 946 988 1031 habent,
1021 951 1204 1040 gignentes
1253 951 1370 1040 part'es
1392 944 1458 1018 hac
1478 950 1583 1019 laude
1606 963 1757 1040 superet.
1810 947 2247 1024 Hocdecusmultasvir·

216 1077 295 1123 cum
322 1053 391 1122 alia
422 1050 564 1120 metalla
597 1051 750 1134 serrum,
784 1052 990 1142 plumbum,
1023 1064 1204 1138 stannum,
1254 1063 1346 1122 tutes
1365 1049 1624 1143 complectitur:
1655 1075 1739 1122 nam
1759 1051 1824 1130 ubi
1844 1075 1927 1124 cura
1944 1057 2248 1128 estrecteaedili-

216 1168 292 1224 tum
315 1179 399 1224 veru
422 1152 616 1244 plurimum
645 1152 791 1242 argenti.
848 1151 964 1223 Multa
982 1167 1063 1224 suut
1087 1167 1203 1223 autem
1255 1153 1381 1237 candi,
1402 1151 1452 1222 ibi
1468 1173 1606 1222 necesse
1626 1166 1677 1223 est
1691 1165 1726 1222 ct
1740 1155 1932 1224 multarum
1947 1154 2078 1226 artium
2095 1157 2248 1230 artifices

215 1269 363 1326 naturae
377 1254 564 1333 miracula,
596 1253 800 1346 ubicunque
816 1268 901 1326 sunt
923 1277 1034 1324 venae
1053 1254 1205 1325 metalli·
1255 1275 1347 1342 esse,
1378 1267 1412 1326 et
1432 1266 1577 1324 naturas
1600 1250 1787 1324 homiuum
1811 1255 1958 1328 dociles.
2012 1254 2152 1327 Deinde
2181 1283 2248 1350 per

217 1380 296 1442 cac,
329 1371 362 1427 ct
379 1357 454 1425 sine
469 1377 596 1444 magua
611 1354 779 1425 varietate
794 1357 944 1435 artium,
970 1369 1004 1429 et
1021 1353 1205 1426 machina·
1254 1377 1329 1426 sese
1345 1356 1460 1428 virtus
1475 1369 1527 1428 eat
1543 1355 1740 1444 intelligere
1756 1369 1791 1426 et
1805 1381 1923 1427 amare
1939 1356 2101 1427 ordinem
2121 1372 2156 1429 et
2170 1361 2246 1430 ele-

217 1484 297 1530 rum
315 1472 462 1530 exterra
479 1457 555 1526 erui
572 1469 605 1525 et
620 1457 787 1549 percoqui
804 1472 1049 1548 nonpossunt.
1085 1455 1205 1546 Quare
1256 1457 1412 1548 gantiam
1431 1455 1471 1525 in
1494 1457 1725 1530 aedificando.
1782 1455 1864 1528 Non
1886 1459 1982 1527 euim
2002 1459 2073 1528 iam
2096 1461 2247 1532 deluxu

216 1561 318 1631 facile
333 1559 484 1648 intelligi
500 1571 630 1650 potest,
657 1558 841 1627 multosiu
856 1559 899 1628 iis
915 1559 1001 1630 locis
1016 1583 1089 1628 esse
1105 1559 1205 1650 inge·
1254 1572 1316 1629 aut
1337 1557 1529 1628 immodico
1557 1560 1746 1649 splendore
1769 1559 1915 1652 loquor,
1944 1561 2006 1653 qui
2031 1583 2105 1630 non
2130 1576 2248 1652 potest

216 1663 336 1732 niosos
350 1659 518 1744 artifices,
543 1659 673 1729 multos
689 1659 793 1729 etiam
812 1661 873 1752 qui
894 1674 1023 1750 regunt
1038 1659 1203 1753 opificum
1253 1682 1327 1730 ease
1342 1659 1556 1745 multorum,
1581 1661 1642 1732 ted
1661 1662 1705 1730 de
1721 1661 1904 1738 communi
1921 1662 2153 1734 mediocrium
2174 1659 2247 1735 ho·

216 1786 359 1848 manus,
393 1761 595 1851 cognitione
622 1755 872 1830 Aritbmctices
904 1775 938 1832 et
970 1760 1205 1849 Geometriae,
1254 1761 1392 1833 minum
1416 1760 1691 1846 consuetudine,
1722 1761 1841 1855 quiin
1862 1761 2246 1855 omuibusoppidisiu

216 1866 347 1936 multos
371 1864 455 1932 item
481 1863 544 1956 qui
568 1875 732 1933 naturam
752 1887 871 1933 rerum
893 1864 931 1931 iu
950 1877 1042 1934 terra
1057 1887 1204 1934 nascen-
1254 1857 1321 1932 hac
1353 1862 1497 1980 regione
1529 1863 1611 1952 plus
1635 1858 1809 1934 adhibent
1834 1864 1919 1934 artis
1944 1864 1984 1931 in
2007 1864 2246 1951 aedificando,

217 1967 305 2038 tium
324 1965 513 2058 diligenter
528 1964 832 2053 contemplantur,
858 1977 898 2036 ut
910 1988 967 2035 eas
983 1967 1027 2036 ad
1044 1989 1147 2036 usum
1165 1965 1203 2035 iu
1255 1987 1361 2058 quam
1373 1964 1414 2033 in
1428 1963 1626 2058 plaerisque
1640 1965 1720 2034 aliis
1732 1962 1949 2034 Germaniae
1965 1966 2137 2054 partibus.
2177 1964 2247 2040 Est

215 2067 450 2138 medicatione
467 2067 691 2138 transierant.
1254 2079 1372 2136 autem
1388 2065 1526 2136 iusticia
1547 2067 1721 2159 quaedam
1743 2065 1939 2134 valetudini
1960 2066 2110 2151 servire,
2136 2092 2246 2160 quam

316 2167 509 2239 Fuerunt'
499 2190 537 2235 m
555 2162 767 2236 Macedonia
782 2188 893 2235 venae
907 2165 1117 2249 celebres,'
1105 2193 1144 2238 ru
1163 2193 1205 2240 eo
1255 2168 1300 2238 ad
1320 2189 1394 2237 rem
1418 2189 1507 2258 opus
1529 2179 1582 2236 est
1600 2166 1765 2238 distincta
1783 2187 1857 2234 esse
1872 2159 2073 2238 habitacula
2091 2191 2247 2260 puerpe-

214 2274 293 2343 loco
315 2270 378 2342 nbi
401 2271 487 2339 urbs
508 2261 766 2358 luitl’hilippi,
798 2267 883 2336 olim
908 2283 1109 2362 nuncupata
1131 2266 1208 2340 Da-
1254 2291 1394 2351 rarum,
1428 2281 1677 2357 aegrotorum,
1709 2268 1835 2336 turbae
1850 2268 2081 2353 domesticae,
2114 2269 2246 2342 deinde

215 2367 353 2453 thos,
342 2387 426 2443 rtem
448 2367 595 2441 Crenae.
655 2365 840 2438 Harum
818 2392 988 2440 venarum
1012 2383 1206 2463 proventus
1255 2368 1445 2460 prudentia
1461 2383 1515 2440 est
1537 2368 1848 2459 distingucrcloca
1863 2369 2099 2460 suppellectili
2117 2385 2244 2442 etcae-

216 2496 358 2545 annuus
372 2473 439 2543 luit
454 2472 564 2541 sexies
579 2486 720 2542 centum
735 2469 849 2540 millia
868 2486 1141 2558 coronatorum,
1165 2486 1206 2542 ιιι
1254 2468 1339 2540 teris
1365 2471 1483 2545 rebus.
1539 2467 1622 2540 Non
1647 2471 1685 2539 in
1708 2470 1833 2540 iisdem
1858 2465 2088 2559 habitaculis,
2121 2473 2245 2563 pauni,

217 2590 339 2648 nostro
370 2598 469 2646 more
506 2574 644 2666 loquar.
709 2569 834 2641 Fuisse
868 2586 984 2643 autem
1011 2574 1204 2666 aliquando
1255 2584 1386 2656 vestes,
1409 2572 1648 2657 frumentum,
1677 2572 1762 2641 vina
1784 2573 1917 2642 servari
1938 2587 2104 2668 possunt,
2130 2589 2191 2646 arrt
2213 2575 2245 2646 si

216 2677 398 2750 uberiores
432 2697 540 2745 venas
576 2672 826 2792 Fribergenses
861 2685 896 2744 ct
927 2673 1206 2766 Snebergenses,
1255 2673 1335 2766 quis
1358 2673 1538 2748 nauticam
1566 2673 1676 2744 vitam
1697 2674 1842 2764 probat,
1877 2686 1939 2743 aut
1962 2673 2245 2748 Amaxobiorum

216 2780 401 2849 manifesta
422 2775 624 2846 testimonia
650 2788 778 2848 extant.
1173 2801 1178 2823 ι
1254 2775 1559 2862 consuetudinem,
1584 2775 2129 2869 quitotumremlamiliaremiu
2142 2779 2245 2869 plan-

320 2878 391 2948 lam
408 2873 466 2948 bic
483 2877 672 2946 dicendum
689 2877 835 2948 essetde
850 2861 963 2947 causis
979 2877 1204 2948 metallorum
1255 2876 1336 2946 stris
1352 2872 1504 2962 vehunt,
1537 2877 1602 2948 ubi
1617 2876 1790 2964 distingui
1806 2899 1880 2944 non
1903 2889 2070 2968 possum,
2094 2879 2245 2961 stabula,

216 2995 250 3054 et
277 2978 504 3072 generatione
527 2979 705 3048 variarum
729 2979 950 3070 specierum,
968 2980 1062 3048 etde
1079 2993 1204 3050 natura
1253 2980 1370 3061 focus,
1390 2929 1572 3061 cubichla,
1600 2975 1917 3072 isGryllosimilis
1937 2991 2004 3062 eat,
2029 2977 2245 3072 quiaCirce

216 3077 445 3179 hydrargyri,
471 3081 567 3174 quod
588 3081 702 3151 sentio
721 3079 936 3167 singularem
953 3079 1103 3170 speciem
1120 3101 1206 3164 esse,
1255 3079 1293 3146 iu
1323 3101 1471 3169 porcum
1502 3091 1676 3164 mutatus,
1715 3079 1870 3170 recipere
1904 3072 2061 3150 hominis
2095 3081 2245 3170 figuram

213 3183 327 3256 aDeo
345 3184 394 3252 sic
417 3183 616 3264 conditam,
642 3194 682 3250 ut
703 3181 750 3250 sit
767 3181 991 3250 metallorum
1008 3203 1145 3266 semen
1172 3194 1206 3251 ιι
1255 3179 1384 3253 noluit.

214 3282 428 3357 hallucinari
442 3307 501 3354 eos
509 3333 521 3368 ,
549 3283 612 3375 qui
627 3305 702 3351 nun
717 3297 809 3354 certa
823 3282 915 3373 lege,
940 3285 1001 3353 sed
1019 3305 1100 3352 casu
1119 3308 1206 3353 con-
1356 3278 1478 3352 Tertia
1491 3302 1572 3372 pars
1587 3279 1760 3350 orationis
1775 3294 1827 3352 est
1840 3282 1884 3351 de
1909 3281 2067 3400 naturis,
2091 3282 2247 3372 ingeniis

214 3387 324 3459 fluere
351 3387 449 3456 illam
472 3408 623 3454 massam
650 3383 869 3464 existimant,
902 3397 943 3454 ut
966 3385 1116 3454 fulmina
1142 3407 1205 3456 scu
1255 3397 1289 3454 et
1310 3383 1471 3452 moribus
1493 3377 1700 3468 homiuum,
1732 3377 1819 3452 haec
1837 3383 1933 3451 enim
1950 3383 2140 3476 praecipue
2155 3410 2246 3456 con-

215 3489 286 3559 alia
310 3487 418 3558 mixta
441 3487 660 3606 imperfecta.
720 3483 789 3556 Sed
811 3498 884 3556 tote
904 3481 1137 3578 Philosophia
1161 3490 1206 3556 de
1255 3485 1444 3554 sideranda
1467 3497 1567 3570 sunt,
1602 3482 1694 3554 sicut
1723 3496 1761 3554 et
1779 3480 1960 3554 Homerus
1985 3486 2147 3574 monuit,
2180 3488 2246 3580 qui

215 3588 442 3662 metallorum
458 3587 612 3678 origine,
636 3586 876 3678 generatione,
899 3587 1078 3670 coctione,
1100 3589 1206 3656 diffe-
1256 3583 1418 3682 Ulyssem
1433 3585 1570 3656 aitnon
1585 3596 1724 3658 tantum
1742 3587 1848 3656 urbes
1863 3587 1995 3658 multas
2008 3586 2158 3673 vidisse,
2183 3591 2246 3658 sed

217 3693 360 3778 rentiis,
394 3691 608 3784 nequidem
639 3687 775 3778 magnis
802 3689 1046 3760 voluminibus
1078 3690 1206 3781 exponi
1256 3687 1361 3758 etiam
1379 3686 1510 3758 iudicia
1525 3699 1561 3758 et
1581 3709 1698 3758 morea
1719 3687 1937 3777 cognovisse.
1975 3686 2131 3762 Prosunt
2146 3689 2246 3760 euim

217 3807 349 3887 potest,
370 3807 406 3864 et
419 3787 702 3883 gratiahabenda
717 3802 770 3859 est
783 3789 861 3860 viro
877 3789 1208 3862 doctissimoGeor-
1256 3789 1414 3880 exempla
1435 3789 1481 3860 ad
1506 3788 1880 3858 commonefactiona·
1904 3790 1949 3860 de
1964 3789 2090 3861 multia
2107 3790 2249 3881 magnis

218 3896 276 3986 gio
298 3889 504 3986 Agricolae,
536 3892 638 3964 cuius
661 3903 780 3961 extant
803 3891 889 3962 libri
910 3893 956 3962 de
975 3892 1130 3964 metallis
1145 3916 1207 3965 cu·
1255 3892 1374 3962 rebus.
1432 3887 1585 3981 Figurae
1613 3912 1804 3981 corporum
1836 3913 1912 3960 nou
1938 3890 2133 3974 deformes.
2170 3913 2250 3964 non

89 4039 91 4044 ·
218 3998 317 4100 piose
333 3994 475 4086 scripti,
499 3994 630 4089 quibus
644 4005 679 4063 et
694 3991 844 4083 patriam
861 4007 983 4075 ornat,
1012 4009 1047 4068 ιι
1062 3995 1208 4066 univer·
1258 3986 1426 4062 horridae
1439 4005 1541 4074 aunt,
1566 4004 1602 4062 et
1616 3990 1758 4082 ingenia
1773 4005 1857 4062 suut
1869 3994 1915 4063 ad
1930 3992 2174 4084 disciplinam,
2197 3994 2245 4064 ad

219 4121 293 4170 sam
317 4097 558 4190 posteritatem
584 4097 629 4167 de
654 4087 711 4165 his
729 4093 902 4165 mirandis
923 4109 1070 4166 naturae
1089 4097 1207 4187 operi-
1258 4095 1424 4164 virtutem
1450 4094 1495 4163 ad
1519 4093 1719 4180 doctrinas,
1748 4095 1844 4164 etad
1866 4094 1954 4164 alias
1970 4088 2135 4166 honestas
2151 4108 2247 4166 artes

219 4202 304 4286 bus,
335 4199 385 4272 ita
407 4199 526 4283 docet,
561 4210 603 4268 ut
625 4196 663 4264 in
686 4190 754 4266 hoc
778 4218 906 4286 genere
930 4209 1001 4268 tam
1028 4198 1207 4270 luculenta
1258 4194 1396 4268 idonea.
1454 4193 1643 4266 Summum
1665 4207 1783 4264 autem
1803 4197 1939 4266 bunum
1962 4195 2067 4266 estin
2081 4196 2248 4268 societate

196 4302 349 4395 'scripta
369 4301 468 4371 nulla
487 4298 594 4369 luisse
608 4297 815 4376 existimem
1111 4319 1113 4322 ·
1258 4293 1465 4383 hominum,
1497 4321 1579 4367 vcra
1604 4293 1672 4367 Dei
1693 4297 1852 4388 agnitio,
1882 4321 1974 4390 quac
1991 4299 2088 4369 utin
2105 4293 2170 4368 hac
2187 4322 2248 4370 re·

321 4402 475 4496 Reliqua
493 4399 612 4495 Mysia
627 4423 708 4470 cum
722 4400 906 4500 paululum
931 4423 1052 4472 versus
1067 4414 1208 4492 septen·
1258 4399 1362 4490 gione
1378 4401 1514 4484 luceat,
1538 4394 1606 4470 Dei
1623 4398 1795 4470 beneficio
1809 4395 1988 4470 Ecclesiae
2004 4411 2096 4470 recte
2113 4400 2247 4472 consti-

219 4506 371 4580 trionem
389 4504 653 4595 progredimur,
684 4515 757 4572 tota
772 4502 869 4572 ferax
889 4515 939 4572 est
956 4503 1062 4572 tritici
1080 4505 1208 4598 etoly-
1259 4513 1355 4572 tutae
1379 4515 1481 4586 suut,
1507 4515 1542 4572 et
1563 4513 1693 4570 sonant
1714 4497 1902 4620 Evangelii
1924 4523 2046 4570 vocem
2068 4501 2148 4570 sine
2166 4525 2249 4572 cor-

219 4633 278 4680 rae
301 4622 335 4679 et
359 4607 512 4678 aliorum
534 4605 815 4688 frumentorum,
849 4616 884 4672 et
906 4604 943 4671 in
972 4603 1093 4674 multis
1121 4605 1208 4676 locis
1257 4603 1547 4698 ruptelrsetsme
1560 4601 1739 4685 dussdns
1762 4616 1797 4673 et
1813 4628 1852 4672 ιιι
1866 4601 2111 4693 congressibus
2126 4603 2249 4693 publi-

219 4708 331 4801 giguit
355 4709 479 4780 viuum
504 4720 539 4778 et
560 4727 714 4777 crocum.
771 4656 837 4776 Eat
859 4718 892 4776 et
915 4707 1081 4776 distincta
1102 4707 1207 4796 agris,
1258 4705 1308 4776 cis
1330 4727 1457 4793 magna
1478 4703 1678 4799 frequentia
1702 4716 1754 4773 eat
1770 4699 1958 4774 huminum
1981 4705 2139 4775 modeste
2161 4728 2250 4774 cou-

218 4811 348 4907 pratis,
387 4811 616 4893 fluminibus,
652 4806 779 4901 sylvis,
819 4829 859 4877 ac
891 4829 1132 4902 rerumquae
1161 4812 1205 4879 ed
1257 4806 1478 4877 venientium
1499 4809 1543 4878 ad
1567 4805 1758 4878 conciones
1784 4819 1819 4876 et
1847 4808 1894 4877 ad
1919 4830 2143 4879 communem
2166 4829 2252 4898 pre-

218 4914 351 4985 victum
384 4907 524 4981 homini
555 4908 824 4982 convenientem
863 4909 1078 4980 necessariae
1109 4925 1208 4996 sunt,
1257 4909 1447 4980 rationem.

219 5015 319 5108 copia
341 5025 439 5084 tanta
469 5028 541 5098 est,
569 5026 611 5083 ut
632 5011 736 5084 etiam
764 5011 922 5083 delectus
948 5025 983 5082 et
1012 5013 1209 5082 mundities
1360 5007 1414 5080 Ac
1437 5010 1605 5102 ubique'
1594 5034 1633 5077 sn
1660 5008 2005 5102 oppidisadiunctae
2024 5001 2249 5077 suntEccle-

218 5117 351 5190 servari
376 5115 499 5235 possit.
558 5112 656 5183 Haec
687 5115 732 5184 de
762 5125 876 5183 terrac
899 5126 1025 5184 natura
1049 5114 1206 5206 primum
1258 5106 1475 5182 siisscholae
1497 5112 1700 5196 literarum,
1730 5112 1770 5181 in
1789 5110 1921 5204 quibus
1940 5109 2176 5178 adolescentia
2192 5109 2253 5176 di-

218 5219 511 5302 commemoravi‚
543 5229 583 5287 ut
607 5216 696 5334 grati
721 5239 868 5285 munera
879 5215 1014 5285 diviua
1039 5239 1208 5306 agnosca·-
1258 5215 1323 5284 scit
1356 5236 1531 5285 summam
1556 5213 1739 5282 doctrinae
1760 5207 2005 5296 Christianae,
2035 5210 2186 5282 latinam
2215 5223 2256 5281 et

217 5346 314 5407 mus,
338 5333 375 5393 et
391 5319 584 5411 cogitemus
604 5317 681 5388 siue
695 5312 780 5400 hac,
805 5331 846 5388 ut
862 5318 910 5390 ita
928 5317 1063 5402 dicam,
1089 5319 1208 5390 nutri·
1258 5338 1418 5406 graecam
1443 5315 1620 5405 linguam,
1652 5327 1687 5384 et
1708 5315 1867 5387 iuniores
1885 5313 2034 5384 recitant
2053 5304 2255 5405 κατήχισιν

220 5424 373 5509 catione,
401 5436 535 5494 caetera
552 5424 646 5493 bona
664 5415 788 5490 haberi
805 5443 879 5491 uon
893 5420 1061 5513 potuisse.
1230 5393 1238 5502 l
1259 5419 1483 5504 adverbum,
1507 5431 1548 5488 ut
1561 5417 1751 5490 assuefiant
1763 5419 1807 5488 ad
1824 5413 2042 5508 agnitionem
2058 5428 2092 5486 et
2105 5415 2254 5486 invoca-

216 5728 341 5806 A
