4604 5804
72 321 135 394 m
453 324 458 333 ·
667 321 672 330 ·
735 322 765 400 t.
804 314 1392 400 'canonicoucsmoms
1529 313 1553 426 ς
1595 283 1636 323 ’Ὺ
1836 376 1841 385 .
2009 319 2087 400 ase

69 489 331 582 tenerelontam
347 491 515 577 tunicam,
541 493 690 568 alterum
708 511 855 573 curtam.
887 485 1040 588 Propter
1091 495 1220 579 sisset,
1244 491 1399 565 serravit
1421 513 1523 576 eum,
1549 505 1585 565 ct
1608 488 1814 564 int'erviros
1837 487 2031 568 honoratos
2047 509 2085 567 ct

70 591 151 667 lasne
169 593 378 665 sententiam
399 595 519 687 plagas
541 599 714 693 accepisse
736 598 852 694 Cyme
875 589 1041 679 traditur,
1091 595 1224 668 amicos
1239 619 1358 667 secum
1369 589 1510 670 habuit.

68 696 289 792 quiaiusti'cia
309 709 369 768 est'
384 697 596 790 aequalitas,
621 723 695 773 nou
712 725 802 797 quae
820 701 924 771 nobis
940 700 1041 770 vide—
1193 697 1409 770 Nominatur
1438 719 1523 790 ergo
1544 693 1695 770 Cmesus
1717 695 1814 769 inter
1834 701 1994 793 exempla
2024 701 2085 770 in·
2120 751 2128 766 .

68 811 135 884 tur,
158 798 217 867 sed
232 821 338 892 quam
354 799 409 868 lex
425 802 578 877 ordinat.
609 797 1042 877 Haecautemfacithanc
1091 799 1309 886 constantiae
1328 801 1505 881 fortunae.
1563 798 1636 872 Sed
1657 821 1762 875 causa
1784 802 1896 892 magis
1918 805 2084 874 conside·
2184 887 2189 898 ¹

67 899 319 995 aequalitatem,
341 912 384 970 ut
404 921 507 973 suum
525 905 676 1000 quisque
695 919 834 991 teneat,
859 918 894 978 et
916 898 1042 998 prohi·
1092 905 1201 973 randa
1229 915 1291 974 est.
1342 897 1476 972 Errore
1499 913 1684 984 moretur,
1710 915 1754 972 ut
1769 902 1903 974 bellurn
1927 925 2003 974 non
2018 929 2083 975 ne·

66 1003 219 1075 betsurta
237 1014 272 1074 ct
286 999 442 1095 rapinas.
840 1049 848 1066 ·
1091 1004 1281 1076 cessarium
1296 1017 1453 1089 moveat,
1479 1003 1528 1076 ita
1543 1004 1776 1076 calamitatem
1792 999 1952 1077 attrahit.
2002 1007 2082 1078 Do·
2120 1039 2124 1047 ·

157 1103 326 1196 Egressus
360 1125 402 1174 ex
433 1103 669 1177 adolescentia
699 1105 769 1179 luit
798 1105 920 1202 socios
948 1105 1041 1196 regis
1093 1121 1148 1179 cet
1160 1106 1289 1197 igitur,
1314 1129 1361 1175 ue
1377 1127 1433 1175 res
1452 1105 1599 1198 ma'gnas
1613 1105 1692 1176 sine
1715 1106 1920 1178 necessitate
1937 1131 2081 1180 movea-

67 1203 241 1301 Cyaneis,
266 1206 330 1299 qui
357 1227 378 1275 a
397 1201 549 1277 Daniele
574 1207 783 1284 nominatur
805 1205 938 1280 Darius
959 1205 1041 1279 Me-
1091 1232 1190 1296 mus,
1214 1211 1274 1278 sed
1295 1208 1407 1279 aimus
1424 1230 1599 1279 memores
1622 1209 2021 1296 nostrae'inlirmitatis,
2046 1224 2082 1284 et

69 1309 144 1393 dus,
166 1315 199 1378 e't
214 1331 342 1398 magna
359 1306 453 1378 bella
477 1307 583 1399 gessit
604 1309 719 1381 'annos
734 1309 886 1402 amplius
900 1307 1041 1400 viginti,
1091 1308 1286 1382 necessaria
1308 1309 1498 1396 iaciamus,
1520 1310 1611 1380 sicut
1631 1322 1859 1402 praeceptum
1884 1324 1951 1382 est:
1987 1310 2083 1386 Sub-

67 1421 240 1502 aotsquam
267 1409 384 1503 coepit
397 1387 630 1506 Babylonem.
680 1409 773 1484 Nam
795 1435 857 1483 rex
872 1408 1040 1507 Assyrios
1091 1413 1187 1485 ditus
1201 1426 1276 1484 esto
1290 1411 1389 1494 Deo,
1415 1424 1450 1482 ct
1463 1435 1525 1482 ora
1539 1436 1621 1484 eum
1636 1425 1700 1485 etc.
1754 1411 1861 1484 ltem:
1888 1409 2082 1486 Commen-

68 1507 173 1580 lllcdis
191 1511 328 1583 bellum
351 1511 541 1599 intulerat,
575 1526 609 1586 et
635 1507 696 1585 hic
725 1515 860 1586 socium
886 1507 1041 1584 habebat
1091 1515 1136 1585 da
1153 1514 1235 1586 Deo
1248 1514 1344 1586 viam
1360 1526 1457 1584 tuam
1473 1526 1539 1591 etc.

67 1607 233 1685 Cmesum.
286 1611 459 1686 Nominat
479 1626 597 1687 autem
621 1637 738 1708 regem
753 1613 940 1712 Assyrium
964 1611 1041 1686 He·
1084 1689 1089 1697 ,
1193 1615 1306 1690 Notae
1328 1615 1400 1687 sint
1421 1630 1455 1686 et
1469 1613 1716 1687 memorabiles
1736 1615 1932 1688 sententiae
1953 1617 1993 1689 in
2014 1615 2083 1692 hac

68 1715 200 1786 rodotus
215 1713 453 1812 Labynitum,
479 1715 542 1812 quai
563 1717 782 1790 existimatur
805 1741 879 1789 esse
893 1715 1042 1788 Baldas-
1091 1713 1252 1790 historia.
1301 1713 1411 1810 Apud
1425 1714 1650 1844 Herodptum
1664 1716 1782 1812 inquit
1797 1716 1923 1804 Solon,
1948 1743 2026 1812 pag.
2041 1718 2083 1816 β.

68 1814 707 2010 titubltt‘lttmltitt
726 1817 1048 1996 ttltltttti
1091 1820 1379 1993 {ttttlttt
1392 1817 2083 2016 tttfttttlttttttttttm‘}

69 2019 231 2112 copiosius
246 2020 462 2112 descriptum
479 2036 539 2094 est.
590 2021 675 2095 Fuit
692 2036 809 2094 autem
824 2048 867 2094 co
883 2037 1045 2116 tempore
1092 2025 1139 2098 tis
1160 2025 1419 2096 calamitatibus
1443 2037 1480 2096 et
1499 2022 1658 2095 adversis
1676 2021 1825 2094 casibus.
1876 2022 1987 2118 Apud
2009 2022 2083 2096 Xe·

69 2119 306 2194 florentissima
327 2117 450 2207 lonis,
475 2135 510 2192 et
529 2123 700 2207 urbiBus,
725 2125 878 2216 ingeniis
901 2139 936 2197 et
956 2124 1043 2196 arti-
1093 2122 1314 2216 nophoutem
1361 2126 1545 2197 oraculum
1587 2125 1771 2198 recitatur:
1831 2121 1988 2200 Σαυτὸν
2023 2151 2083 2226 γι-

69 2223 127 2294 bus
146 2215 384 2296 ornatissima.
436 2220 507 2295 Sed
529 2221 659 2322 aCyro
678 2239 714 2298 et
726 2224 893 2321 Harpago
910 2227 1043 2300 multae
1092 2219 1252 2302 odonna
1277 2221 1471 2321 εὐδαίμων
1491 2228 1628 2323 Κρὸῒσε
1650 2217 1838 2322 περάσεις.Ι

14 2395 15 2400 ,
68 2347 201 2416 maguae
215 2325 327 2396 urbes
339 2325 476 2398 deletae
491 2339 592 2413 sunt,
616 2329 831 2425 fueruntque
852 2343 971 2402 tautae
985 2351 1045 2400 ca·
1196 2327 1281 2402 Post
1294 2329 1430 2399 beilum
1446 2342 1582 2421 gestum
1596 2329 1765 2400 adversus
1780 2325 1901 2398 lonios
1916 2341 1950 2399 et
1962 2327 2084 2422 Lydos

14 2453 15 2480 ³
69 2425 248 2512 limitatas,
281 2439 323 2498 ut
350 2426 546 2498 multitudo
570 2429 722 2520 navigiis
743 2455 785 2500 ex
806 2431 958 2504 urbibus
985 2432 1045 2502 su·
1094 2430 1209 2532 Cyrus
1223 2429 1444 2525 Babylonem
1460 2431 1577 2524 coepit
1592 2429 1772 2515 obsidere,
1798 2452 1903 2524 quam
1925 2453 2005 2500 cum
2023 2455 2082 2502 oc·

70 2528 175 2618 girus,
192 2528 292 2599 uitro
308 2548 345 2596 se
363 2526 402 2597 in
426 2551 524 2618 mare
540 2531 757 2607 demerserit.
807 2528 966 2626 Apparet
981 2555 1042 2603 au·
1095 2548 1274 2628 cupassct,
1300 2532 1500 2606 tenuitiam
1515 2533 1588 2608 duo
1610 2531 1762 2601 maxima
1777 2553 1904 2620 regna,
1928 2529 2083 2626 Lydium

67 2641 128 2700 tem
140 2630 336 2702 libidinum
350 2629 575 2702 confusiones
590 2655 730 2705 causam
745 2633 851 2706 luisse
867 2648 1044 2707 tantarum
1096 2653 1130 2710 et
1155 2633 1433 2731 Babylonicum,
1456 2647 1490 2706 et
1510 2633 1716 2704 antecelluit
1735 2632 1894 2722 potentia
1915 2633 2084 2704 omnibus

68 2751 280 2824 poenarum.¹
1095 2739 1238 2830 regibus
1261 2735 1400 2828 generis
1421 2731 1581 2806 humani.
1630 2732 1707 2806 Etsi
1732 2734 1840 2824 igitur
1863 2755 1919 2804 res
1939 2755 2085 2824 magnas

159 2832 213 2906 Bo
230 2847 392 2926 tempore
414 2830 555 2906 Phocea
569 2833 690 2908 Ionica
707 2837 798 2910 u'rbe
820 2837 1045 2909 circumsessa
1096 2842 1201 2933 gessit
1220 2836 1336 2936 Cyrus
1360 2843 1443 2909 aute
1466 2850 1671 2928 occupatam
1693 2833 1934 2928 Babylonem,
1965 2849 2084 2906 tamen

70 2937 108 3006 ab
126 2933 313 3029 Harpago,
347 2937 441 3006 cives
469 2937 606 3010 deserta
634 2940 748 3030 patria
770 2930 984 3031 navigarunt
1006 2939 1045 3010 in
1096 2943 1239 3014 initium
1261 2934 1489 3011 monarchiae
1508 2936 1670 3009 Persicae
1695 2938 1925 3009 constitutum
1945 2951 1997 3010 est
2017 2932 2085 3008 hac

70 3032 313 3122 Occidentem,
338 3048 372 3109 et
390 3035 596 3134 Massyliam
613 3041 652 3110 in
666 3041 785 3113 littore
802 3039 943 3112 Gallico
957 3065 1047 3112 con·
1095 3043 1263 3131 victoria,
1290 3067 1359 3136 qua
1375 3063 1548 3113 summam
1570 3063 1685 3110 arcem
1702 3039 1845 3130 imperii
1860 3035 2086 3134 Babylonem

14 3161 16 3236 f
70 3136 248 3227 dideront,
275 3137 338 3209 ubi
359 3139 467 3230 longo
488 3154 647 3235 tempore
664 3141 993 3235 lonicam‘linguam
1011 3157 1046 3216 et
1097 3147 1224 3241 coepit.
1262 3141 1412 3218 Btauni
1436 3142 1656 3237 septuaginta
1674 3139 1769 3212 exilii
1788 3137 2001 3212 ludaeorum
2016 3136 2086 3214 hoc
2125 3161 2129 3166 ·

70 3239 238 3312 doctrinas
260 3239 503 3327 retinuerunt,
534 3255 570 3316 et
594 3245 753 3332 iusticias
777 3270 817 3315 ac
837 3245 1046 3337 disciplinae
1078 3257 1205 3330 anno,
1229 3261 1328 3340 rapta
1341 3245 1540 3342 Babylone,
1565 3243 1658 3315 liniti
1677 3265 1750 3314 esse
1764 3243 1981 3318 scribuntur.
2015 3239 2086 3315 Hic

30 3359 34 3362 ·
70 3339 165 3414 laude
178 3343 431 3414 excelluerunt.
481 3340 620 3414 Nomen
647 3346 767 3416 estab
790 3339 895 3430 ἁλία,
923 3347 1046 3432 idest,
1097 3349 1304 3420 nominatur
1332 3369 1449 3417 annos
1478 3347 1615 3437 primus
1641 3343 1747 3438 Cyri,
1778 3345 1912 3414 scilicet
1940 3367 2087 3416 monar-
2175 3419 2182 3437 ,

14 3481 16 3500 =
70 3465 152 3514 nave
178 3439 390 3537 piscatoria,
424 3457 457 3516 et
483 3447 621 3536 μᾶσαι,
656 3447 787 3526 idest,
821 3445 966 3536 alligare
989 3447 1045 3516 vel
1097 3446 1216 3536 chiae,
1241 3459 1320 3541 post
1336 3459 1472 3538 captam
1486 3445 1726 3540 Babylonem,
1751 3444 1790 3512 in
1809 3447 1846 3519 2.
1867 3444 1930 3517 lib.
1949 3443 2087 3515 Parali-

69 3567 237 3638 quaerere,
253 3546 348 3640 quod
365 3558 512 3638 propter
526 3548 811 3619 commoditatem
825 3561 949 3644 portua
965 3571 1045 3619 eum
1098 3575 1193 3645 pom.
1208 3563 1242 3621 et
1258 3549 1374 3642 primo
1389 3549 1483 3620 libro
1500 3545 1645 3620 Esdrac.
1922 3553 1926 3562 ’

69 3643 175 3720 locum
190 3647 399 3740 navigantes
417 3647 622 3738 elegerint.¹
1197 3650 1290 3724 Cum
1319 3666 1436 3724 antem
1464 3647 1579 3744 Cyrus
1606 3647 1742 3733 victor,
1772 3644 1917 3716 domitis
1944 3647 2087 3718 duobu's

161 3749 275 3840 Capto
297 3761 413 3819 autem
428 3747 560 3822 Croeso
582 3748 779 3843 pepercisse
804 3745 871 3822 hac
891 3752 1047 3823 occasio·
1097 3753 1295 3852 praecipuis
1311 3753 1453 3844 regibus
1470 3745 1594 3822 Asiam
1615 3762 1767 3834 teneret,
1793 3747 1968 3842 sciretque
1984 3771 2087 3841 saepe
2215 3801 2218 3808 -

71 3847 238 3946 neGyms
254 3849 434 3924 scribitur.
471 3847 564 3922 Cum
579 3853 617 3921 in
636 3874 760 3942 rogum
782 3852 970 3945 impositus
992 3867 1048 3926 ter
1098 3873 1218 3954 gentes
1233 3851 1416 3951 Scythicas
1430 3855 1470 3924 in
1485 3848 1608 3925 Asiam
1626 3851 1760 3922 infusas
1777 3871 1869 3935 esse,
1894 3865 1928 3921 et
1940 3874 2087 3942 magnas

71 3949 261 4024 clamasset:
295 3947 332 4021 Ο
347 3945 485 4040 Solon,
510 3950 625 4049 Cyrus
649 3953 816 4041 miratus,
841 3978 904 4025 cur
926 3955 965 4024 in
987 3980 1046 4025 ex·
1096 3961 1310 4032 vastationes
1324 3956 1456 4042 fecisse,
1480 3948 1614 4025 utAsia
1628 3966 1704 4024 tuta
1718 3965 1819 4038 essct,
1841 3953 1977 4024 bellum
1989 3953 2088 4023 Mas-

70 4061 173 4123 tremo
197 4053 348 4125 articulo
371 4055 463 4126 vitae
491 4049 583 4126 hanc
602 4079 725 4128 vocem
758 4069 917 4144 sonaret,
943 4057 1047 4130 iussit
1097 4061 1240 4153 segetis,
1276 4059 1339 4154 qui
1366 4057 1476 4128 vicini
1507 4070 1608 4127 erant
1642 4056 1733 4126 mari
1764 4052 1912 4145 Caspio,
1949 4055 2083 4124 intulit.

71 4171 143 4223 cum
163 4156 321 4226 liberari.
374 4153 429 4226 lbi
455 4153 606 4228 Croesus
627 4159 864 4249 interrogatus
887 4162 1048 4231 narravit
1097 4163 1221 4238 Fuisse
1237 4177 1353 4235 autem
1372 4157 1586 4249 Massagetas
1602 4152 1805 4230 Gothorum
1824 4155 1992 4247 stirpem,
2018 4178 2087 4228 no-

72 4275 164 4324 suum
188 4270 223 4327 et
243 4256 387 4330 Solonis
408 4257 647 4351 colloquium,
672 4260 734 4356 qni
752 4262 907 4347 dixerat,
931 4263 1047 4331 nemi·
1097 4288 1180 4336 men
1202 4264 1354 4346 indicat,
1386 4263 1479 4357 quod
1507 4283 1526 4330 a
1552 4256 1654 4328 Getis
1680 4257 1913 4347 compositum
1948 4267 2017 4343 est,
2049 4271 2087 4330 et
2123 4273 2124 4278 ’

71 4377 146 4424 nem
172 4370 254 4429 aute
282 4359 374 4428 vitae
401 4359 508 4428 linem
537 4359 679 4430 beatum
704 4383 778 4432 esse
803 4363 1047 4449 iudicandum,
1098 4365 1189 4440 Mes.
1242 4363 1404 4437 Fuerunt
1419 4374 1536 4434 autem
1552 4355 1632 4429 Mes
1645 4371 1679 4429 et
1694 4354 1831 4430 Gether
1844 4359 1976 4450 posteri
1991 4357 2085 4445 Sem,

59 4457 148 4549 *quia
166 4460 315 4552 singulis
340 4472 422 4530 aute
444 4471 594 4532 mortem
618 4461 731 4532 tristia
752 4464 864 4534 multa
888 4465 1046 4535 accidere
1099 4481 1142 4542 ut
1156 4466 1307 4540 Genesis
1325 4477 1482 4538 testatur.
1533 4456 1592 4533 Ab
1616 4457 1689 4530 illis
1706 4457 1816 4530 Getas
1839 4483 1914 4530 esse
1933 4484 2088 4531 consen-

72 4573 217 4646 possent.
267 4559 364 4632 llaec
378 4562 590 4652 cogitantem
610 4565 659 4634 ait
671 4586 709 4634 se
724 4563 925 4657 deplorasse
945 4587 1045 4637 suam
1098 4585 1241 4643 taneum
1260 4581 1320 4640 est
1352 4565 1401 4640 Bt
1417 4562 1527 4634 vicini
1542 4563 1657 4633 inilia
1669 4561 1812 4652 regione
1825 4562 1972 4632 fuerunt
1986 4559 2111 4632 Mas--

74 4659 272 4750 stulticiam,
297 4665 392 4757 quod
407 4662 559 4736 confisus
573 4665 748 4757 praesenti
762 4669 943 4758 potentia,
969 4668 1048 4738 bel-
1097 4686 1250 4763 sagetae,
1273 4669 1382 4742 Suevi
1399 4681 1433 4740 et
1446 4663 1567 4740 Alani·

74 4756 141 4830 lum
161 4761 254 4859 Cyro
278 4764 474 4852 intulisset,
505 4780 592 4839 tunc
612 4790 687 4838 non
708 4767 865 4856 cogitans
883 4769 1049 4843 fortunae
1201 4771 1243 4842 lo
1260 4767 1328 4843 hoc
1349 4771 1446 4841 bello
1462 4771 1547 4842 dum
1564 4769 1663 4839 abest
1676 4762 1809 4860 Cyrus,
1834 4765 1968 4835 interea
1986 4765 2086 4835 domi

74 4857 356 4948 inconstantiam,
377 4869 617 4962 cumquidem
635 4885 669 4944 et
694 4870 837 4940 oraculo
853 4885 947 4943 recte
968 4895 1048 4944 mo-
1098 4873 1289 4970 Cambyses
1311 4886 1435 4965 regnat
1455 4895 1569 4944 annos
1584 4891 1654 4942 sex.
1705 4865 1757 4939 lta
1781 4865 1977 4938 miscentur
1998 4867 2087 4937 anni
2178 4931 2188 4948 ,

74 4962 162 5036 nitas
177 4979 282 5054 esset,
306 4991 343 5038 se
365 4969 508 5041 beatum
524 4971 617 5056 lore,
641 4973 670 5042 si
687 4995 761 5043 sese
783 4985 912 5045 nosset.
963 4971 1047 5062 Quo
1098 4975 1187 5073 Cyri
1216 4988 1251 5046 et
1275 4973 1472 5070 Cambysis.
1520 4969 1569 5045 Et
1599 4989 1802 5066 quanquam
1823 4965 1938 5063 Cyrus
1968 4970 2085 5060 primo

76 5083 150 5134 cnm
170 5067 357 5142 iudicasset
379 5089 415 5138 se
437 5071 595 5158 moueri,
620 5075 770 5171 nequid
790 5087 965 5148 moveret:
993 5088 1048 5148 ta·
1098 5101 1195 5152 anno
1210 5072 1437 5149 monarchiae
1453 5087 1533 5168 post
1545 5087 1680 5165 captam
1692 5069 1914 5166 Babylonem
1937 5069 2086 5142 laetissi-
2144 5135 2149 5138 .
2287 5063 2288 5066 '

75 5183 152 5236 men
165 5171 211 5240 ab
226 5170 470 5243 adulatoribus
484 5171 669 5246 incitatum
682 5167 721 5247 se
735 5198 825 5262 esse,
846 5177 908 5270 qui
923 5201 1050 5249 oracu-
1099 5203 1197 5250 mum
1219 5179 1373 5251 edictum
1393 5180 1436 5249 de
1457 5171 1684 5248 restituendis
1699 5168 1840 5244 ludaeis
1861 5171 2087 5263 in‘patriarn,

74 5261 144 5337 lum
158 5271 210 5342 sic
221 5272 442 5368 interpretati
456 5286 582 5359 essent,
607 5289 647 5348 ut
662 5279 856 5369 potentiam
872 5301 972 5350 suam
988 5304 1049 5351 co·
1100 5295 1135 5352 et
1149 5284 1194 5351 de
1209 5280 1464 5352 instauratione
1480 5276 1604 5365 templi
1617 5288 1653 5346 et
1664 5273 1810 5366 politiae
1828 5271 1991 5344 ludaicae
2008 5273 2086 5342 edi-

71 5363 189 5454 Slt‘aret
207 5377 378 5447 maiorem
403 5397 476 5446 esse
491 5372 578 5471 Cyri
594 5377 772 5468 potentia,
798 5393 833 5451 et
848 5395 1047 5472 permotum
1100 5383 1218 5470 derat,
1242 5395 1360 5456 tamen
1377 5395 1496 5474 postea
1514 5377 1608 5448 lilius
1623 5374 1813 5470 Cambyses
1830 5369 2016 5464 prohibuit
2029 5396 2086 5443 re-

71 5487 155 5561 me,
177 5491 225 5550 ut
239 5477 372 5551 bellum
386 5491 558 5552 moveret.
609 5475 801 5602 Haec-cum
814 5478 929 5577 Cyrus
945 5483 1050 5555 audi·
1100 5484 1248 5610 ditum,
1273 5485 1356 5578 quia
1379 5481 1700 5648 ¹³²¹¹23¹J¹¹⁸¹¹¹²⁰³
1721 5487 1796 5550 erat
1817 5471 2018 5570 Aegyptiis,
2050 5487 2086 5546 et
