4726 5828
109 265 189 343 uo
602 289 607 306 ·
758 253 918 336 onon
955 248 1494 334 nnanrnunuccc
1771 373 1774 380 Ι
2070 281 2143 360 ns

107 436 178 512 No,
196 434 282 510 146.
747 461 751 468 ¹
925 459 974 502 an.
990 436 1086 504 toto.
1153 446 1326 520 organum
1356 427 1538 502 actionum
1558 425 1627 504 Dei
1655 435 1807 510 maxime
1835 441 2136 524 admirandarum.
2233 405 2236 412 -

115 532 291 566 *Ν
923 527 1095 561 '³⁶'
1152 527 1354 602 Nascuntur
1372 530 1412 600 in
1435 532 1540 602 corde
1564 532 1688 607 vitales
1708 538 1870 631 spiritns,
1895 557 1930 618 et
1951 545 2037 620 inde
2057 572 2138 624 sur.
2214 549 2217 555 ’

398 651 474 738 De
502 659 602 738 am
630 647 820 738 medica·
1030 653 1034 660 ·
1152 653 1230 704 sum
1245 630 1366 722 magni
1381 627 1557 706 halitunm
1571 647 1688 708 aestus
1700 639 1799 712 velut
1811 639 1941 737 Euripi
1955 644 2136 726 vehuntur

177 799 212 852 cn
232 797 324 854 oetaeo.
342 795 410 853 nect
437 795 471 850 ι.
484 791 530 853 ιν.
548 813 575 868 p.
588 793 641 848 eto
655 811 731 866 ιιι,
759 791 877 851 senec
893 787 981 849 niv.
998 811 1027 864 ρ.
1041 791 1100 848 aar.
1151 731 1190 852 ll
1212 733 1416 853 ⁸⁰¹⁰¹²¹⁰¹¹¹2
1437 733 1500 854 (Γῆ
1519 749 1646 854 imm,
1661 741 1796 813 melfi
1812 744 2050 823 familiaritate
2064 754 2135 824 mi-

213 877 241 922 ιι
264 865 394 950 himera.
412 838 498 921 “ntt.
520 881 549 984 fs
564 861 624 920 ιιι.
646 891 683 906 -
715 861 805 916 nsum
830 860 974 934 caponum
998 861 1101 934 prodor
1150 847 1260 954 ²¹⁰¹?
1281 847 1320 954 ct
1343 834 1536 954 lucidiores
1564 839 1666 958 iactr,
1697 843 1880 962 cerebrum
1901 851 2071 926 adiuvant
2092 855 2132 928 in

213 935 332 995 theh.
348 934 424 992 ¹⁵⁵⁵·
456 933 484 988 ⁸·
547 930 571 1004 l·
588 931 627 1004 tl·
1129 936 1422 1026 ¹cogitationibus
1450 937 1663 1027 formandis,
1696 943 1752 1013 1111
1779 970 1864 1016 vero
1891 948 2037 1041 fluctuo,
2067 957 2132 1050 qui

1148 1050 1232 1111 suut
1248 1038 1286 1106 in
1299 1031 1464 1108 thalamis
1475 1041 1610 1127 cordis,
1634 1046 1831 1118 accendunt
1845 1049 2002 1130 affectus.

1250 1135 1292 1210 ln
1315 1133 1407 1210 hauc
1427 1152 1536 1212 totam
1558 1136 1732 1218 halitnnm
1752 1151 2019 1243 scaturiginem,
2047 1180 2132 1229 vere

1147 1261 1185 1309 se
1205 1239 1330 1314 inserit
1344 1239 1527 1311 divinitas:
1553 1241 1596 1314 ln
1611 1247 1754 1328 cerebro
1768 1248 1898 1324 format
1911 1254 2058 1328 noticias
2071 1257 2130 1330 lu·

109 1071 241 1168 Oratio
259 1091 308 1167 de
330 1101 413 1168 orte
433 1091 608 1190 medica,
625 1112 690 1164 reu
711 1085 758 1162 dc
769 1083 910 1162 honore
927 1085 1097 1164 hahendo

109 1195 328 1288 corporibus
341 1201 500 1290 nostru,-
524 1197 693 1266 recitata
711 1215 737 1263 a
753 1193 802 1263 D.
820 1189 990 1264 Jocolo
1010 1195 1057 1266 M
1060 1197 1097 1265 ι’·

103 1299 276 1392 tactio,
303 1322 388 1374 cum
401 1291 814 1394 ‘lssssmmlurdmdm
829 1291 949 1366 ‘'lm''
962 1295 1097 1367 Μεθ’
1146 1340 1314 1425 cidiores,
1339 1354 1374 1412 et
1393 1342 1583 1414 firmiorem
1605 1347 1868 1422 adsensionem:
1893 1354 1933 1425 in
1943 1359 2049 1430 eorde
2063 1361 2128 1431 ad·

418 1399 520 1474 “lul
534 1391 786 1471 mmmm·
1145 1441 1257 1514 iectus
1270 1443 1377 1528 tales,
1401 1444 1517 1535 qualis
1530 1457 1581 1516 est
1594 1445 1669 1538 ipse
1683 1447 1790 1524 Dens.
1839 1449 1898 1526 Aa
1915 1450 2012 1528 bunc
2022 1482 2126 1532 usum

103 1541 334 1628 Gravissime
353 1559 578 1642 praeceptum
601 1558 655 1617 est
669 1543 709 1614 in
725 1542 887 1614 doctrina
905 1538 1097 1624 Ecclesiae,
1145 1566 1225 1614 cum
1247 1543 1390 1614 condita
1410 1543 1456 1615 sit
1478 1540 1664 1618 hominnm
1682 1563 1828 1638 natura,
1852 1569 1942 1628 etur
1955 1561 2126 1654 seriptum
2166 1559 2169 1568 '

102 1654 284 1729 honorem
298 1650 529 1723 tribuendum
543 1669 617 1718 esse
634 1645 775 1738 corpori
792 1639 960 1718 humano.
1012 1641 1094 1732 Qua
1144 1658 1213 1730 est,
1237 1644 1426 1742 rouvelle
1439 1645 1534 1718 Deus
1552 1649 1673 1721 omnia
1685 1649 1724 1720 in
1739 1653 1904 1727 omnibus
1915 1677 2010 1748 esse,
2032 1676 2127 1735 recte

101 1755 347 1850 adpellatione
377 1776 451 1822 non
479 1761 618 1821 tantum
642 1743 712 1818 hoc
730 1744 965 1835 significatur,
996 1746 1093 1838 quod
1143 1747 1277 1817 dictum
1291 1759 1361 1828 est,
1385 1769 1513 1839 corpus
1527 1743 1664 1820 honore
1678 1753 1913 1827 adficiendum
1926 1783 2011 1832 esse.
2054 1759 2126 1834 Co-

101 1850 320 1948 Philosophi
344 1854 521 1936 dicerent,
554 1850 721 1922 tuendam
744 1869 819 1918 esse
843 1846 1093 1927 valetudinem,
1143 1847 1292 1937 gitemus
1307 1846 1422 1937 igitur
1442 1863 1572 1942 quanta
1587 1851 1717 1922 scelera
1733 1854 1806 1926 sint
1820 1859 1993 1950 expellere
2007 1859 2125 1934 Deum
2227 1889 2231 1904 ¹

103 1975 141 2032 et
163 1955 394 2050 depellendos
414 1953 576 2035 morbos,
600 1969 663 2018 seu
676 1947 935 2019 conservandas
949 1967 1023 2018 esse
1037 1947 1092 2016 vi·
1142 1971 1184 2016 ex
1208 1943 1275 2020 hoc
1295 1973 1360 2020 suo
1382 1949 1585 2036 domicilio,
1608 1965 1650 2023 ut
1671 1953 1817 2027 eiiciuut
1832 1960 1894 2053 qui
1909 1985 1947 2031 se
1962 1963 2126 2034 lihidini-

102 2085 161 2132 res
183 2056 363 2148 corporis,
388 2066 562 2147 quamnm
579 2050 655 2120 fieri
673 2061 797 2141 potest.
846 2046 916 2119 Sed
931 2071 1011 2119 cum
1026 2043 1093 2118 ho·
1143 2050 1209 2120 bus
1237 2063 1297 2120 aut
1324 2048 1406 2120 aliis
1435 2051 1578 2140 flagitiis
1607 2055 1865 2130 contaminent:
1896 2063 1953 2132 vel
1974 2065 2127 2136 omuino

101 2185 171 2232 nos
200 2157 426 2239 nominatur,
455 2175 559 2222 causa
587 2147 916 2242 comprehenditur,
949 2157 1093 2242 propter
1142 2150 1322 2222 destruere
1342 2145 1411 2220 hoc
1433 2153 1623 2244 ternplum,
1647 2169 1687 2225 ut
1704 2180 1831 2248 magna
1848 2161 2040 2235 multitudo
2056 2161 2125 2236 ho-

103 2285 213 2357 quam
237 2257 403 2327 valetudo
425 2275 552 2342 magna
573 2273 655 2322 cura
677 2253 808 2322 tuenda
824 2263 893 2332 est,
919 2251 1093 2335 videlieet,
1142 2251 1279 2320 minum
1301 2251 1419 2342 perdit
1438 2274 1585 2346 corpora
1598 2257 1694 2327 ferro
1708 2272 1743 2330 et
1755 2259 1835 2337 aliis
1848 2258 2035 2336 machinis:
2062 2269 2124 2338 sed

102 2364 189 2455 quia
204 2380 336 2450 corpus
348 2357 392 2425 ad
406 2355 548 2424 divinos
562 2374 647 2422 usus
661 2353 844 2423 conditum
860 2365 922 2422 ιιι.
972 2350 1092 2440 Sig'ni-
1142 2351 1397 2442 multoplures
1420 2355 1578 2445 crapula,
1611 2357 1753 2445 illuvie,
1785 2376 1988 2457 contemptu
2010 2391 2125 2439 reme.

101 2467 186 2534 licat
207 2460 306 2530 enim
327 2453 712 2527 honosconfessionem
728 2453 970 2524 antecellentis
985 2453 1091 2523 boni-
1141 2452 1295 2528 diorum.
1345 2451 1440 2524 Haec
1472 2455 1548 2524 lues
1572 2481 1653 2526 vere
1681 2453 1872 2554 ἐπιδήμιος
1901 2469 2041 2538 assidue
2060 2493 2126 2560 pec

102 2565 209 2648 gatis,
240 2583 330 2654 quae
358 2557 514 2650 primum
546 2552 622 2625 Deo
649 2555 818 2644 debetur,
852 2555 981 2656 deinde
1010 2577 1090 2625 cum
1133 2567 1255 2642 ,totum
1278 2575 1387 2644 genus
1408 2548 1604 2626 humanum
1628 2573 1783 2650 vagatur·
1833 2561 1929 2636 llaec
1944 2591 2071 2658 magna
2088 2583 2125 2641 et

101 2662 320 2742 transfertur
340 2661 385 2731 ad
408 2657 497 2728 alias
518 2678 593 2741 res,
617 2667 737 2727 tamen
754 2666 898 2746 propter
911 2652 1025 2725 Βιιιιιι
1040 2655 1092 2724 eis
1140 2655 1271 2726 atracia
1291 2656 1420 2726 scelera
1439 2659 1659 2747 agnoscenda
1683 2675 1719 2732 et
1740 2662 1946 2756 corrigenda
1962 2683 2063 2756 suut,
2087 2684 2124 2742 et

100 2763 297 2848 tribuitur,
320 2775 362 2833 ut
380 2755 554 2830 honorem
570 2755 762 2828 tribuimus
777 2755 999 2846 parentibus,
1022 2756 1090 2824 im-
1140 2776 1242 2846 saepe
1271 2757 1479 2846 cogitandae
1504 2771 1588 2831 sunt
1608 2779 1749 2850 musae,
1780 2787 1844 2837 cnr
1864 2765 1962 2839 Deus
1983 2769 2125 2846 iusserit

101 2868 234 2965 periit,
259 2864 413 2952 artibus,
433 2859 582 2948 legibus.
632 2857 738 2929 Arctet
751 2855 848 2925 euim
861 2877 902 2926 ac
915 2857 1009 2946 leges
1022 2853 1091 2924 sci-
1140 2851 1311 2928 honorem
1327 2853 1458 2928 habere
1473 2860 1625 2950 corpori.

100 2991 185 3042 mus
197 2965 317 3036 radios
329 2985 402 3035 esse
415 2959 619 3052 sapientiae,
641 2981 733 3052 qnae
745 2952 870 3027 iuDeo
884 2971 937 3028 est
949 2969 1089 3027 aeterna
1241 2954 1324 3030 Diri
1343 2958 1390 3027 de
1406 2979 1509 3028 ιιιιιι
1523 2959 1644 3048 liuali,
1666 2963 1750 3055 quia
1763 2963 1811 3060 sit
1827 2968 2009 3042 conditum
2022 2986 2065 3045 nt
2078 2972 2126 3048 sit

101 3088 141 3144 et·
167 3071 340 3151 immota,
371 3085 434 3156 per
458 3057 548 3156 quos
566 3081 641 3130 sese
663 3057 741 3128 vult
763 3058 904 3147 agnosci
922 3071 957 3130 et
980 3058 1089 3130 vitam
1122 3057 1313 3150 templum
1328 3053 1408 3130 Dei.
1456 3054 1730 3134 Consideremus
1748 3065 1853 3138 etiam
1868 3069 1979 3164 ipsius
1992 3072 2126 3168 opificii

100 3172 191 3263 regi.
243 3165 304 3240 Sic
325 3163 474 3257 imperia
491 3161 623 3231 scimus
637 3159 799 3231 ordinem
814 3181 889 3229 esse
900 3157 1092 3252 sapientiae
1140 3173 1268 3245 artem,
1291 3182 1381 3254 quae
1395 3182 1474 3232 rum
1487 3183 1569 3232 vere
1583 3161 1629 3236 sit
1641 3163 1782 3254 divina,
1806 3183 1846 3242 nt
1858 3173 2021 3247 ostendat
2036 3198 2126 3270 qua-

4 3331 5 3338 ,
100 3274 192 3354 Dei,
225 3282 263 3341 et
288 3264 489 3339 conservari
513 3287 536 3332 a
554 3259 650 3345 Deo,
681 3283 721 3330 ac
746 3259 978 3349 intelligimus
1000 3259 1091 3330 velle
1124 3260 1185 3359 'lis
1204 3260 1251 3332 sit
1271 3259 1385 3346 Deus,
1416 3275 1563 3354 propter
1588 3258 1681 3337 hanc
1703 3291 1843 3340 causam
1866 3272 1973 3344 etiam
1994 3298 2124 3370 corpus

99 3375 222 3449 Deum
243 3391 310 3440 uos
331 3367 387 3438 illi
403 3364 525 3438 ordini
542 3361 717 3433 subiectos
730 3381 816 3434 esse.
868 3359 921 3432 De
933 3361 1089 3452 parenti·
1140 3355 1279 3432 honore
1299 3360 1534 3434 adliciendum
1558 3379 1620 3440 est.
1677 3365 1721 3438 ln
1740 3367 1818 3441 Deo
1837 3375 2046 3468 praecipuae
2068 3401 2124 3450 res

100 3480 174 3548 bus
197 3495 283 3544 vero
302 3469 448 3551 scimus,
480 3479 516 3536 et
537 3463 730 3534 caetitatem
750 3459 930 3550 coniugii,
960 3483 1090 3531 arcano
1142 3473 1241 3532 sunt:
1281 3460 1475 3554 sapientia,
1509 3464 1658 3552 veritas,
1689 3468 1847 3560 bouitas,
1878 3475 2135 3564 beneficentia,

100 3576 173 3650 Dei
198 3571 348 3645 consilio
368 3567 541 3638 sancitam
564 3585 655 3647 esse,
679 3574 716 3633 et
738 3561 1000 3650 generationem
1022 3557 1091 3631 Dei
1140 3561 1292 3640 iustitia,
1318 3563 1476 3655 entitas,
1498 3566 1693 3638 consumis
1709 3569 1747 3639 in
1763 3573 1877 3660 bono,
1898 3579 1993 3670 quod
2012 3578 2124 3670 ipsius

100 3699 198 3769 opus
218 3695 313 3755 esse,
336 3683 371 3742 et
391 3671 436 3742 ab
460 3667 537 3760 ipso
558 3662 777 3745 commori,
800 3675 835 3732 et
848 3663 941 3732 vella
957 3685 1038 3731 eum
1051 3675 1092 3734 nt
1141 3662 1313 3754 sapientia
1332 3662 1662 3754 discemitamalo,
1685 3669 1769 3762 item
1790 3673 1975 3748 liberrima
1988 3678 2125 3754 electio.

4 3755 5 3776 l
100 3779 154 3851 sit
174 3787 339 3847 mutuum
359 3771 485 3841 foedus
503 3779 539 3838 et
562 3779 684 3837 mutua
703 3759 841 3860 στοργὴ
855 3763 951 3834 inter
964 3785 1092 3853 paren·
1142 3762 1202 3834 sie
1215 3776 1268 3833 est
1283 3775 1398 3834 autem
1413 3765 1578 3837 conditus
1591 3761 1719 3857 homo,
1741 3785 1781 3844 nt
1794 3777 1951 3848 membra
1965 3783 2126 3872 corporis

99 3895 160 3952 tes
183 3889 219 3948 et
240 3888 360 3956 natos,
390 3893 497 3964 quiam
520 3867 600 3938 vult
621 3885 696 3934 esse
719 3863 1093 3934 commoueiartionern
1142 3862 1214 3936 sint
1241 3859 1369 3940 harum
1400 3866 1617 3958 optimarum
1647 3894 1767 3942 rerum
1796 3875 2047 3952 instrumenta:
2082 3885 2123 3954 in

102 3981 155 4052 de
171 4000 237 4048 suo
251 3995 371 4046 amore
384 3991 465 4060 erga
480 3969 594 4039 lilium
606 3980 642 4039 et
657 3987 739 4056 erga
752 3987 828 4034 nos.
878 3963 931 4034 lta
944 3963 1088 4035 cuicun-
1142 3965 1287 4049 cerebro
1308 3965 1427 4038 lucent
1450 3967 1602 4038 noticiae
1623 3973 1816 4057 elverico,
1841 3975 2040 4054 intellectus
2054 4009 2125 4056 nu·

4 4097 7 4104 ’
102 4105 177 4177 que
200 4078 252 4148 rei
272 4072 446 4145 honorem
463 4069 672 4152 trilnrimus,
697 4065 933 4157 significamus
946 4065 1091 4160 aliquod
1144 4087 1340 4152 merorum,
1364 4067 1455 4137 radii
1478 4067 1564 4160 legis
1587 4071 1747 4160 divinae,
1772 4076 2009 4154 discernentes
2031 4100 2126 4158 recta

103 4185 148 4253 in
170 4203 212 4250 ea
236 4176 403 4249 divinum
421 4174 557 4243 bonum
578 4192 673 4254 esse,
696 4180 842 4260 propter
864 4168 960 4260 quod
980 4189 1020 4236 ea
1039 4191 1094 4239 res
1143 4181 1179 4237 et
1198 4191 1272 4236 uon
1290 4179 1393 4238 recta.
1444 4164 1490 4239 Ει
1514 4193 1532 4239 ι
1554 4173 1698 4244 cerebro
1721 4178 1821 4247 nervi
1843 4181 2027 4269 oriuntur,
2061 4187 2124 4281 qui

103 4296 144 4354 et
166 4277 410 4351 conservanda
432 4287 467 4344 et
489 4269 715 4342 anteferenda
725 4281 790 4338 ιιι
811 4267 957 4338 caeteris
977 4269 1095 4341 rebus.
1144 4265 1353 4357 cogitatione
1383 4269 1518 4360 impelli
1545 4287 1712 4362 possunt,
1738 4289 1774 4348 et
1802 4294 1944 4352 externa
1965 4287 2126 4360 membra

104 4382 211 4457 Sicut
228 4375 436 4451 Aristoteles
457 4371 595 4469 iuquit,
619 4364 745 4462 τίμιον
761 4390 835 4438 esse
851 4369 1022 4462 quiddam
1038 4361 1095 4441 di·
1144 4370 1201 4439 vel
1222 4369 1317 4441 cient
1336 4371 1392 4438 vel
1409 4367 1613 4457 cohercent,
1638 4387 1680 4446 ut
1695 4379 1849 4452 actiones
1864 4407 1944 4454 eum
1959 4401 2054 4458 recto
2068 4389 2126 4460 iu.

105 4485 248 4556 dnum·
483 4562 487 4572 .
1145 4469 1239 4542 dicio
1263 4484 1494 4574 congruentes
1507 4473 1604 4543 effici
1626 4478 1780 4568 possint,
1804 4495 1845 4554 nt
1865 4509 1947 4556 cum
1968 4483 2126 4561 Achilles

209 4575 306 4654 cum
325 4579 436 4671 igitur
455 4572 628 4669 praecipit
645 4570 1032 4656 coelestemandatum,
1055 4585 1096 4642 ut
1145 4571 1273 4641 ardens
1302 4569 1356 4641 ira
1378 4595 1451 4641 non
1477 4572 1627 4660 iniusta,
1658 4577 1815 4668 gladium
1836 4587 2040 4676 stringeret,
2071 4605 2125 4662 ta·

104 4703 260 4778 corpora
274 4694 395 4752 nostra
405 4673 544 4748 honore
558 4673 766 4757 afficiamus,
791 4673 1031 4766 quaerendum
1045 4685 1097 4742 est
1145 4693 1228 4742 men
1250 4695 1333 4744 ιιιιιι
1356 4672 1461 4744 tacita
1482 4675 1647 4766 cogitatio
1669 4699 1797 4753 nervos
1815 4705 1882 4754 ceu
1899 4681 2054 4761 habenas
2068 4692 2126 4764 iu-

107 4809 203 4884 quae
227 4804 284 4854 res
301 4781 424 4853 divina
447 4775 592 4870 propria
613 4773 658 4844 sit
678 4795 868 4866 corporum
882 4787 1097 4859 nostrorum,
1145 4775 1245 4846 beret
1275 4769 1455 4845 retrahere
1485 4799 1649 4865 manum,
1681 4783 1783 4852 nervi
1813 4797 1849 4853 et
1876 4807 2003 4858 manus
2030 4808 2127 4866 recto

107 4910 204 4984 qnae
217 4901 336 4958 tamen
351 4881 597 4952 videmusesse
610 4874 978 4966 fragileemassascen
993 4887 1098 4945 testas
1146 4874 1278 4944 iudicio
1297 4877 1551 4969 obtemperant.
1601 4878 1704 4952 Hanc
1725 4881 1952 4974 sapientiam,
1982 4891 2129 4966 liberta·
2245 4914 2253 4928 ¹

109 5013 154 5060 ex
176 4989 252 5060 luto
275 4985 476 5058 concretas,
533 4977 603 5049 llic
625 4976 779 5070 primum
804 4975 850 5044 de
873 4997 977 5047 musa
998 4975 1098 5048 finali
1146 4989 1236 5061 tem,
1261 4976 1445 5064 virtutem,
1468 4973 1586 5051 adhuc
1607 4993 1786 5076 utcunque
1807 4983 1845 5054 in
1861 4981 2049 5064 hominum
2064 5021 2129 5068 na.

110 5089 228 5163 dicam
1146 5089 1226 5147 tura
1255 5077 1430 5172 reliquam
1458 5103 1532 5150 esse
1558 5081 1738 5168 videmus,
1765 5085 1904 5159 etiamsi
1926 5093 2132 5185 languidior

215 5189 431 5282 Quanquam
448 5177 535 5253 haec
548 5200 716 5272 corporea
731 5175 846 5247 moles
860 5199 901 5246 ex
917 5176 994 5250 luto
1008 5177 1098 5250 iacta
1149 5191 1219 5263 est,
1251 5199 1357 5272 quam
1383 5179 1498 5274 qualis
1517 5179 1622 5250 initio
1642 5185 1785 5259 condita
1806 5203 1871 5261 est.
1929 5191 2053 5269 Voluit
2076 5215 2129 5272 ta·
2357 5271 2358 5278 χ

114 5305 180 5378 ιιι
205 5303 327 5364 tamen
349 5287 395 5358 ad
417 5279 515 5356 hunc
534 5301 639 5354 nsum
662 5277 806 5350 condita
820 5291 892 5358 est,
915 5291 957 5350 ut
969 5279 1009 5349 in
1024 5291 1099 5351 tota
1148 5299 1231 5349 men
1246 5277 1342 5350 Deus
1362 5279 1402 5349 in
1421 5281 1527 5350 uobis
1548 5275 1665 5356 adhue
1685 5285 1804 5360 lucere
1823 5292 1868 5360 de
1882 5315 1956 5364 sese
1970 5301 2129 5372 testimo.
2357 5279 2358 5344 l

113 5392 324 5468 artemitate
351 5383 574 5460 domicilium
603 5391 640 5450 et
667 5379 841 5474 templum
870 5377 918 5451 sit
944 5377 1034 5464 Dei,
1066 5393 1101 5453 et
1153 5379 1213 5452 uia
1228 5393 1264 5453 et
1277 5379 1566 5473 significationes,
1590 5407 1681 5478 qam
1694 5394 2024 5486 commonebam,
2044 5425 2133 5497 qm·
2200 5447 2215 5476 ο

164 5497 347 5568 Mensura.
371 5492 477 5562 orm
501 5487 586 5559 vu.
599 5479 680 5554 ΧΠ.
1601 5483 1625 5558 g
