4706 5818
206 317 282 394 ess
450 291 660 380 sentem
685 289 762 368 en.
786 283 906 414 nmo
929 227 1160 402 snlnrsn
1177 281 1326 374 enne.
1349 283 1418 372 m
1444 289 1640 372 eustos.
1663 219 1985 373 semion.
2151 295 2233 372 sss

209 487 317 563 catio.
361 476 468 552 Tales
484 471 561 543 ludi
578 479 662 541 sunt
678 457 959 544 haereticorum,
983 457 1194 554 detorquere
1215 469 1220 532 t
1241 463 1422 540 licentiam
1438 459 1659 557 habuerant,
1684 461 1905 560 coherceret,
1928 464 2080 546 venitin
2097 466 2237 552 odium,

211 591 306 664 dicta
318 586 357 654 in
371 574 573 674 peregrinas
588 564 790 654 sententias.
840 555 1006 632 Cbristus
1030 559 1194 632 nominat
1216 535 1219 630 l
1242 579 1277 638 et
1291 569 1337 638 ab
1359 567 1437 660 ipao
1453 565 1540 645 leto
1555 565 1735 642 Proeieeto
1760 549 1958 662 praelusio,
1987 569 2148 664 quinum
2162 571 2236 640 im.

214 711 306 787 opus
322 677 488 754 mulieris
495 727 510 766 ,
535 672 666 744 scilicet
680 663 822 748 Herae,
847 673 1028 780 peceqtum
1045 674 1081 733 et
1096 685 1195 732 mor·
1216 653 1220 764 ξ
1242 683 1440 762 peratorem
1464 669 1614 755 feceret,
1646 669 1855 744 interfectus
1875 684 1947 758 est,
1986 693 2084 742 anuo
2106 669 2236 744 aetatis

213 809 298 866 tem.
360 781 419 853 Illi
441 772 704 870 generationem
727 766 949 854 interpretati
972 774 1072 850 sunt,
1103 786 1195 855 quae
1243 770 1459 862 sexagesimo
1475 770 1606 866 primo,

213 907 266 965 est
281 906 371 982 opus
385 877 462 950 Dei
468 934 478 965 ,
502 871 704 947 institutum
718 878 759 938 ut
772 865 833 937 fist
847 861 1074 956 copulatione
1082 863 1196 936 Maris

215 1009 252 1069 et
265 983 467 1066 foeminae·
1516 997 1692 1074 Didiae
1724 993 1965 1076 letiense.

317 1085 374 1162 Sic
390 1098 427 1156 et
443 1073 689 1152 definitionem
709 1065 868 1138 iusticias
892 1065 986 1136 male
1008 1068 1197 1138 detorsisse

216 1219 277 1271 eos
290 1201 419 1264 narrat.
471 1163 698 1266 Δικαιοσύνη
714 1163 792 1241 ἐστὶ
810 1161 980 1241 secroto
993 1167 1089 1242 θεοῦ
1101 1163 1196 1262 μετὰ
1346 1157 1835 1242 Cumautemiuillareculi
1858 1169 2083 1263 turpitudine
2106 1171 2237 1242 necin

219 1290 395 1384 ἐσόιητος.
445 1279 543 1372 Ergo
557 1295 681 1350 omnes
701 1269 863 1342 omnium
888 1272 994 1340 rebus
1018 1284 1055 1341 et
1074 1271 1198 1340 uxori·
1244 1264 1469 1358 principibus
1492 1269 1664 1341 autoritas
1687 1283 1795 1355 esset,
1819 1295 1885 1344 nee
1908 1259 2141 1343 inmilitihue
2155 1295 2238 1342 mo.

217 1403 281 1474 bus
295 1384 658 1483 aequaliterutantor.
711 1367 761 1444 At
776 1369 955 1456 delinitio,
978 1371 1009 1440 si
1023 1395 1099 1440 non
1115 1371 1198 1442 reii-
1246 1363 1380 1453 destia,
1419 1366 1649 1460 Sulpicianus
1677 1363 1880 1446 Praefectus
1907 1373 2008 1445 urbi,
2037 1385 2074 1444 ,q
2102 1369 2238 1444 mdiu,

219 1494 339 1574 denda
355 1501 425 1574 est,
450 1482 611 1576 loquitur
630 1480 674 1548 de
696 1473 910 1567 aequalitate
931 1472 1097 1544 ordinata
1120 1473 1198 1564 lege
1238 1465 1409 1556 lulianus
1423 1470 1540 1562 palam
1556 1485 1593 1544 et
1608 1469 1836 1563 impudenter
1852 1472 1999 1546 mercati
2013 1486 2098 1545 sunt
2117 1474 2238 1565 impe·

216 1592 300 1682 Dei,
324 1613 414 1688 quae
429 1585 531 1658 dicit:
563 1579 645 1654 Non
660 1571 920 1650 moechaberis:
953 1573 1037 1646 Non
1062 1573 1197 1648 bertum
1247 1569 1353 1640 rium.
1403 1566 1632 1665 Sulpicianus
1648 1574 1811 1666 promisit
1827 1571 2238 1666 singulisttorianie

213 1698 331 1772 facies.
394 1686 496 1760 Talis
528 1683 574 1757 sit
605 1677 816 1774 aequalitas,
856 1675 973 1771 qualis
998 1676 1074 1768 lege
1099 1675 1199 1748 ordi-
1246 1670 1461 1764 quingentos
1485 1687 1690 1757 coronatos,
1726 1674 1894 1748 videlicet
1912 1675 2070 1748 sestertia
2091 1675 2237 1766 viginti.

212 1813 298 1873 nata
323 1810 385 1870 εει.
1248 1771 1409 1844 lulianus
1439 1774 1604 1867 promisit
1635 1789 1816 1848 sexcentos
1839 1791 2028 1850 coronatos
2049 1789 2084 1848 et
2106 1777 2238 1868 viginti

314 1894 502 1970 Caeterum
518 1887 593 1982 ipsa
609 1878 770 1956 delinitio
790 1877 821 1949 si
842 1901 917 1950 non
939 1877 1072 1950 insulse
1094 1898 1200 1947 enar·
1247 1873 1428 1968 quinque,
1452 1873 1616 1948 videlicet
1631 1878 1790 1950 sestertia
1805 1876 1932 1969 viginti
1955 1878 2127 1974 quinque.
2180 1875 2238 1948 lta

136 2079 142 2092 ,
214 2017 333 2084 retur,
356 1993 479 2086 legalis
495 2002 567 2074 εει,
590 2009 665 2058 non
679 1980 901 2072 evartgelica,
924 1979 1009 2073 quia
1025 2003 1099 2049 non
1114 1978 1199 2050 facit
1249 1973 1361 2047 vincit
1378 1971 1557 2060 lulianus,
1590 1979 1651 2072 qni
1677 1979 1794 2051 tenuit
1815 1977 2005 2081 imperinm
2025 1981 2115 2052 duos
2131 2003 2237 2052 men.

123 2093 128 2099 ·
214 2102 434 2178 mentionem
463 2085 686 2170 mediatoris,
726 2085 788 2152 sed
813 2080 974 2176 loquitur
996 2082 1042 2152 de
1062 2079 1200 2165 effectu,
1248 2099 1302 2147 ses
1335 2087 1370 2146 et
1398 2075 1473 2146 dies
1506 2077 1675 2174 quinque.
1748 2076 1910 2176 Cumque
1940 2097 2030 2152 esset
2061 2075 2169 2152 heluo
2200 2092 2236 2151 ee

214 2203 380 2276 videlicet
408 2197 454 2268 de
482 2193 640 2264 novitate
662 2186 759 2256 iuxta
778 2184 930 2278 primam
953 2195 988 2254 et
1007 2182 1199 2252 secundam
1248 2177 1401 2263 aleator,
1425 2200 1492 2249 uec
1508 2182 1607 2252 daret
1623 2180 1794 2272 promissa
1815 2171 2008 2268 militibus,
2033 2181 2154 2266 statim
2173 2204 2237 2252 ve-

214 2305 375 2380 tabnlam
394 2293 575 2384 Decologi.
627 2285 775 2358 Novitas
800 2285 896 2356 iuxta
919 2284 1072 2376 primam
1096 2285 1200 2354 tabu·
1248 2278 1303 2349 nit
1333 2277 1372 2348 in
1403 2279 1540 2356 odium.
1605 2275 1655 2354 Et
1676 2279 1765 2354 alebi
1786 2283 1958 2354 exercitus
1983 2283 2022 2352 in
2044 2279 2238 2352 Pannonia

214 2411 287 2481 lam
310 2417 363 2475 est
382 2389 676 2473 communicatio,
708 2411 778 2482 qna
802 2411 838 2458 se
853 2383 952 2457 Deus
970 2385 1075 2458 nobie
1100 2408 1199 2456 com-
1247 2380 1496 2470 imperatorem
1519 2381 1712 2475 appellavit
1732 2377 1922 2467 Severum,
1956 2384 2058 2453 cuius
2079 2383 2150 2455 fuit
2171 2408 2234 2452 ex·

213 2506 392 2588 municat,
417 2499 539 2578 idest,
565 2515 635 2588 qua
651 2489 762 2580 fulget
775 2488 814 2559 in
829 2487 953 2568 nobis,
979 2499 1073 2557 recte
1087 2509 1199 2578 agno-
1221 2529 1224 2574 ,
1247 2481 1379 2552 celleus
1400 2481 1584 2574 ingenium
1608 2497 1643 2557 et
1665 2482 1789 2556 virtus.
1855 2481 1944 2556 lnde
1966 2483 2070 2554 civile
2093 2484 2232 2555 bellum

165 2661 169 2668 -
214 2612 340 2694 scitur,
370 2616 407 2676 ει
425 2596 586 2674 accendit
605 2594 644 2662 in
667 2591 772 2662 nobis
791 2591 901 2660 verbo
928 2587 1111 2673 timorem,
1142 2588 1199 2657 di·
1221 2579 1223 2630 ἶ
1248 2583 1373 2673 ingens
1402 2597 1521 2656 ortum
1550 2598 1601 2657 est
1630 2584 1724 2658 inter
1745 2583 1915 2658 Severum
1948 2597 1983 2656 et
2013 2583 2239 2657 Pescennum

213 2710 422 2790 lectionem,
446 2694 799 2778 fiduciamttegetc.
837 2687 978 2788 Deinde
991 2690 1028 2758 in
1044 2689 1197 2760 secunda
1247 2681 1415 2774 Nigrum,
1440 2681 1565 2782 Syriae
1584 2700 1777 2768 rectorem,
1811 2703 1845 2760 et
1862 2683 2030 2758 Clodium
2045 2682 2238 2768 Albinum,

214 2811 335 2886 tabula
353 2804 490 2880 iusticia
507 2811 558 2870 est
574 2794 785 2889 aequalitas,
805 2791 929 2874 idest,
956 2788 1099 2862 dilectio
1112 2815 1198 2885 pro·
1245 2779 1456 2857 Britanniae
1479 2801 1672 2874 rectorem,
1712 2812 1801 2884 quos
1829 2787 2075 2880 significarunt
2095 2782 2237 2859 Parelia

216 2912 300 2986 rimi
316 2909 478 2981 ordinata
500 2903 576 2992 lege
591 2893 671 2970 Del.
724 2891 821 2964 Haec
841 2892 1085 2986 interpretatio
1111 2918 1197 2964 con·
1248 2885 1287 2957 iu
1305 2887 1422 2982 primo
1438 2888 1610 2960 sacrificio
1628 2885 1760 2962 Iuliani
1774 2901 1973 2984 conspecte.
2019 2963 2024 2973 ,
2140 2931 2143 2936 ,

214 3013 310 3108 gruit
326 3034 406 3082 cum
425 2999 639 3080 Osiandrica
657 2994 883 3078 delinitione,
911 2997 956 3064 de
982 2991 1120 3067 iusticia
1141 3019 1199 3066 es·

214 3103 379 3188 sentiali.
429 3105 577 3178 Necesse
600 3113 651 3169 est
676 3112 793 3200 autem
813 3095 913 3188 prius
932 3097 1045 3166 teneri
1070 3098 1198 3166 delini-
1298 3088 1408 3162 Anno
1422 3092 1550 3163 mundi
1566 3106 1691 3188 quater
1705 3093 1907 3180 millesimo,
1923 3093 2114 3167 centesimo
2129 3093 2238 3188 quin.

214 3218 351 3292 tionem
380 3207 540 3280 laeticiae
569 3199 671 3284 fidei,
707 3220 776 3292 qna
800 3207 945 3288 propter
966 3197 1198 3270 mediatorem
1457 3195 1661 3285 quagesimo
1679 3194 1840 3285 septimo.

215 3315 367 3413 persona
400 3309 514 3402 placet
545 3299 623 3373 Deo
657 3322 720 3391 per
752 3297 1051 3380 misericordiam,
1099 3300 1198 3372 iuxta
1299 3286 1409 3364 Anno
1445 3289 1583 3365 Romae
1621 3295 1914 3384 nongentesimo,
1963 3295 2237 3390 quadragesimo

215 3419 366 3492 dictum:
396 3403 580 3482 iustificati
593 3402 662 3473 fide
678 3422 798 3494 pacem
817 3393 998 3470 habemus.
1460 3395 1600 3487 quinto.

290 3591 293 3600 ⁴
317 3511 414 3588 llaec
436 3512 480 3581 de
502 3505 605 3578 libris
626 3498 820 3573 Clementis
843 3499 998 3568 breviter
1026 3497 1119 3584 dixi,
1158 3509 1198 3569 ut
1300 3490 1410 3564 Aurio
1429 3488 1564 3565 Christi
1577 3493 1768 3564 centesimo
1783 3496 2012 3585 nonagesimo
2029 3497 2170 3592 quinto.

216 3621 329 3692 sciant
350 3614 526 3689 iuniores,
552 3602 727 3677 contineri
754 3601 793 3668 in
816 3599 866 3670 eis
888 3611 923 3670 et
947 3594 1132 3684 historias,
1164 3612 1199 3672 et

217 3717 472 3814 disputationes
487 3709 623 3803 aliquas
641 3701 924 3776 consideratione
940 3699 1077 3792 dignas.
1608 3651 1638 3720 S
1652 3667 1673 3719 θ
1687 3667 1710 3718 u
1725 3668 1782 3719 θ’·
1800 3673 1823 3717 ¹1
1835 3671 1866 3722 8·

1352 3793 1504 3871 Severus
1542 3799 1736 3892 imperator
1766 3800 1931 3874 successit
1960 3802 2144 3874 interfecto
2176 3800 2239 3874 lu·

268 3919 378 3995 Anno
414 3907 543 3982 mundi
577 3901 949 4000 quadringentesimo,
994 3900 1200 3990 centesimo,
1250 3901 1361 3977 liano.
1413 3899 1593 3992 Regnavit
1607 3904 1720 3972 annos
1735 3903 1942 3977 octodecim.
1984 3903 2097 3976 Natus
2112 3903 2183 3975 fuit
2197 3903 2238 3974 in

271 4051 274 4060 ‚
354 4049 357 4054 ·
423 4005 716 4108 quinquagesimo
733 4017 841 4074 sexto.
1085 4054 1089 4062 ,
1251 4005 1340 4074 urbe
1355 3997 1534 4096 llphricae
1549 4000 1656 4094 Lepti
1678 4005 1830 4096 equestri
1855 4007 1950 4092 loeo,
1982 4002 2123 4077 Romae
2146 4007 2238 4076 edu·

268 4120 376 4192 Anno
418 4111 555 4188 Romae
591 4105 885 4198 nongentesimo,
933 4101 1200 4198 quadragesimo
1250 4117 1348 4176 catus
1364 4127 1383 4174 a
1400 4102 1451 4173 M.
1467 4102 1654 4174 Antonino
1670 4101 1904 4197 Philosopbo.
1958 4103 2107 4199 Propter
2127 4106 2238 4178 indu-

419 4225 557 4312 quarto.
1250 4206 1373 4278 striam
1405 4206 1560 4297 primum
1595 4202 1772 4293 Quaestor
1804 4205 1843 4276 in
1874 4205 1996 4278 Betica
2028 4207 2142 4278 factus
2171 4222 2237 4279 est.

266 4320 376 4394 Anno
389 4311 524 4392 Christi
542 4309 734 4382 centesimo
751 4303 980 4398 nonagesimo
997 4317 1137 4400 quarto.
1249 4304 1390 4381 Deinde
1424 4319 1579 4400 quatuor
1619 4305 1818 4396 legionibus
1858 4309 2080 4402 praepositus
2110 4322 2163 4380 est
2197 4310 2237 4377 in

556 4465 625 4534 Pe
641 4481 663 4530 r
677 4466 693 4529 t
707 4461 723 4530 ι.
739 4479 767 4529 n
780 4475 808 4530 a
820 4473 862 4528 ὦ
1249 4407 1433 4501 Hispania.
1481 4402 1607 4478 Postea
1621 4403 1899 4499 Lugdunensem
1921 4407 2142 4502 provinciam
2159 4431 2237 4480 ma-

1047 4602 1049 4610 l
1249 4533 1318 4603 gua
1332 4533 1412 4582 cum
1427 4509 1533 4586 laude
1549 4507 1651 4582 rexit.
1700 4505 1839 4580 Deinde
1853 4507 2076 4582 Pannoniam
2091 4522 2127 4582 ει
2141 4505 2238 4582 Ger·

218 4647 224 4656 ¹
318 4613 502 4690 Pertinax
516 4610 679 4684 successit
687 4605 886 4680 Commodo
899 4605 1094 4681 interfecto.
1125 4601 1200 4680 Re-
1249 4612 1417 4686 maniam.
1454 4605 1546 4681 Cum
1563 4609 1767 4682 interfectus
1781 4607 2058 4696 essetlnlianus,
2077 4609 2238 4684 Romam

219 4723 343 4818 gnavit
357 4739 494 4791 menses
509 4715 619 4798 duos,
645 4711 721 4781 dies
740 4709 868 4798 viginti
891 4707 1067 4803 quinque,
1095 4723 1200 4782 natus
1249 4713 1410 4798 εεεεεεὶι,
1437 4725 1473 4782 ει
1487 4705 1683 4783 honorilice
1703 4713 1911 4783 amilitibus
1923 4727 1958 4786 et
1980 4735 2001 4784 a
2018 4711 2153 4784 Senatu
2173 4735 2236 4782 er-

219 4823 388 4898 libertino
417 4831 534 4913 patre,
575 4813 698 4885 docuit
720 4805 1010 4884 Grammaticam.
1072 4809 1224 4904 Postea,
1249 4826 1371 4907 ceptus
1383 4825 1453 4899 est,
1478 4826 1513 4885 et
1530 4811 1726 4904 imperator
1740 4813 1948 4905 appellatus.

221 4925 333 4998 laetus
346 4918 446 4991 miles
463 4920 594 4990 virtute
612 4914 733 4987 erevit.
789 4907 896 4983 Rexit
911 4903 1100 4997 libetiam,
1124 4911 1200 4984 No·
1352 4914 1485 4988 Scribit
1499 4911 1615 5001 Dion,
1638 4937 1678 4985 se
1697 4913 1833 4985 nullam
1856 4915 1987 4986 vidisse
2009 4913 2237 5008 splendidio-

221 5027 350 5107 ritum,
375 5017 526 5113 Mysiam
551 5032 585 5090 et
600 5013 759 5088 Daciam.
814 5005 863 5083 Et
887 5009 970 5106 quia
997 5010 1200 5087 Praefectus
1247 5041 1324 5090 rem
1354 5039 1538 5110 pompam,
1578 5039 1684 5110 quam
1713 5015 1912 5106 ingressum
1941 5007 2018 5088 eius
2042 5016 2083 5088 in
2104 5017 2237 5088 urbem

220 5125 322 5200 urbis
336 5132 429 5201 erat,
454 5111 945 5190 interfectoresCommodiut
959 5112 1199 5188 defensionem
1248 5117 1415 5196 Romam.
1468 5115 1538 5191 Ubi
1554 5140 1635 5188 curn
1657 5116 1702 5186 ad
1723 5132 1862 5212 portam
1887 5118 2057 5204 venisset,
2087 5118 2237 5188 descen·

220 5223 411 5307 baberent,
435 5220 622 5309 imperium
639 5220 778 5289 adeum
794 5215 1009 5287 detulerunt.
1059 5215 1147 5287 Mox
1166 5231 1201 5290 et
1249 5221 1337 5292 dens
1350 5222 1394 5290 de
1409 5241 1499 5314 equo
1517 5221 1623 5310 pedes
1638 5219 1780 5291 accessit
1793 5215 2074 5311 adCapitolium.
2118 5215 2236 5289 Dein-

221 5326 384 5400 aSenatu
398 5317 591 5413 appellatus
604 5315 867 5409 estlmperator.
919 5313 991 5386 Sed
1006 5339 1086 5387 curn
1103 5319 1200 5388 mili·
1249 5318 1294 5392 de
1307 5321 1438 5392 milites
1460 5319 1522 5414 qui
1536 5317 1755 5392 Pertinacem
1776 5319 2026 5394 interfecerant
2046 5331 2238 5390 exautora-

221 5444 274 5500 tes
286 5421 547 5518 praetorianos,
570 5415 634 5508 qui
647 5414 834 5487 Commodi
849 5430 1009 5510 tempore
1025 5419 1201 5492 infinitam
1250 5437 1305 5494 tos
1318 5421 1454 5516 expulit
1468 5443 1510 5492 er
1525 5420 1683 5516 imperio.
1734 5418 1915 5494 interiecit
1929 5435 1965 5496 et
1977 5419 2106 5494 Letum
2121 5416 2234 5490 Prae

422 5732 545 5778 ᾖ,
