4726 5828
59 254 144 328 trs
533 234 697 320 ntct..
736 235 811 316 DE
848 228 1054 314 CAUSlS
1092 217 1637 300 PU'I'REFACTIONIS.
2028 225 2104 300 174
2185 311 2189 316 ,

66 441 102 500 et
128 425 208 497 tam'
225 443 350 516 graves
372 417 503 492 mentis
524 415 710 496 tenebrae,
742 426 783 484 nt
807 435 882 482 non
905 419 1062 491 cernant,
1114 417 1195 468 rum
1217 391 1512 512 ltnssuldlot·vif‚
1537 415 1630 511 quse·
1646 392 1728 463 ocio
1743 388 1904 514 hebetata)
1927 407 2103 490 torpesco·

64 553 137 624 qua
160 551 269 621 opem
286 548 351 594 nos
367 519 522 613 gravit„
537 519 678 589 laede„
693 515 863 605 capsum,
887 536 925 583 0³
942 533 978 579 ,ρ
995 532 1061 580 nos
1116 513 1188 582 ret,
1214 509 1372 567 acuatur:
1399 517 1506 563 mmrs
1521 494 1693 564 ferocium
1720 496 1868 566 celerior
1888 513 2040 587 impetus
2062 523 2103 568 ac

64 632 168 715 aliis,
193 629 292 723 quod
306 621 619 701 minimevolum,
645 641 719 688 nn„
738 617 862 687 levite„
881 635 1061 684 commen.
1113 594 1358 670 vehementior
1379 597 1540 667 frenatur
1566 610 1600 667 et
1619 597 1833 670 retunditur.
1883 595 1935 666 lta
1958 599 2102 669 avulsus

64 737 165 805 dare.
215 729 308 800 Nam
324 723 499 798 siamalo
514 723 593 793 viro
609 719 767 802 landari,
788 731 839 788 est
855 711 1061 804 vituperari,
1112 701 1158 772 ah
1189 694 1257 769 hoc
1287 699 1417 770 artium
1448 697 1662 789 optimarum
1691 697 1894 816 domicilio,
1928 711 2032 792 atque
2055 701 2100 770 ab

62 851 145 910 tum
157 835 239 904 illae
255 816 837 920 criminationesSycophantarum
853 841 927 888 non
942 815 1059 884 labem
1113 800 1358 918 occasionibus
1373 796 1558 918 exclusus,
1578 799 1744 918 pmnibus
1764 800 1899 890 ingemi
1915 801 2101 919 exerqendi

66 937 177 1008 nobis
193 940 400 1025 aspergent,
427 927 487 997 ,ed
504 925 621 1018 postu,
637 917 768 991 honori
794 932 828 989 ,q
843 917 962 988 decori
979 928 1063 986 sunt
1113 918 1148 974 et
1171 901 1438 993 amplificandae
1457 902 1690 1020 erudrtfoms,
1716 914 1892 992 praetcrea
1912 903 1956 970 ad
1978 914 2101 992 prstrr-

66 1039 178 1110 nobis
200 1034 295 1128 apud
320 1031 503 1114 cordatos,
529 1041 562 1097 et
583 1025 776 1117 prudentes
798 1023 955 1104 futurae,
981 1016 1062 1110 qui.
1112 1027 1200 1072 num
1215 1003 1378 1073 laborum
1400 1001 1729 1122 molestissimomm
1750 1027 1828 1122 meo
1852 1003 2005 1096 qnod-am
2020 1002 2100 1120 'fato

67 1144 139 1212 bus
167 1131 310 1208 honesti
337 1144 503 1214 conatus,
541 1139 576 1200 et
604 1138 722 1196 sancta
750 1123 812 1194 illa
845 1121 953 1191 officii
977 1139 1061 1189 cura
1115 1107 1297 1190 detrusus,
1346 1116 1550 1220 occupatam
1589 1117 1623 1173 et
1656 1105 1862 1194 rmpcdrtam
1893 1117 2101 1174 tractatione

68 1241 173 1312 nullo
188 1238 299 1307 modo
314 1232 500 1324 displicere
516 1239 695 1322 poterunt,
716 1251 787 1320 quo
802 1225 948 1294 obtento
966 1213 1062 1289 nihil
1113 1229 1251 1301 usuque
1276 1229 1443 1296 operum,
1473 1218 1560 1273 arus
1579 1205 1736 1273 medicae
1757 1229 1877 1276 curam
1900 1219 1935 1276 et
1956 1227 2100 1296 operam

67 1340 224 1433 amplius
239 1333 475 1429 requirimus,
499 1345 535 1402 et
553 1329 655 1400 facile
671 1327 943 1408 confirmamur,
968 1321 1062 1392 utin
1113 1307 1470 1378 commentationibus
1483 1299 1810 1398 tribuerePhysicis
1826 1321 1861 1378 et
1875 1307 2099 1400 eloquentiae

66 1443 252 1538 proposito
270 1434 438 1516 honesto,
463 1445 503 1502 ut
518 1427 698 1522 grauitatis
719 1429 816 1513 lans,
847 1439 881 1497 et
897 1437 1063 1497 constan.
1113 1409 1288 1478 exercitiis
1305 1407 1463 1503 nequivi.
1514 1405 1554 1476 si
1568 1407 1688 1499 itaque
1703 1407 1843 1476 silerem
1861 1409 1899 1476 in
1923 1403 1992 1480 hoc
2013 1431 2101 1478 con-

69 1547 139 1618 tiae
163 1543 269 1612 decus
295 1535 495 1632 postulant,
530 1535 623 1602 bona
649 1553 709 1622 spe
736 1543 770 1601 et
790 1547 918 1618 magno
942 1524 1062 1595 animo
1113 1533 1217 1628 ³⁰⁵qu
1235 1533 1398 1627 prorsus,
1439 1521 1499 1578 aut
1524 1509 1736 1626 defungqrer
1756 1511 1877 1628 paucis
1901 1533 1962 1591 002
2002 1512 2102 1627 qttod

65 1661 298 1726 maneamus,
323 1653 357 1709 et
373 1654 650 1729 perseveremus.
757 1727 760 1735 Ι
1113 1613 1272 1681 conditio
1288 1611 1422 1700 flagitat
1437 1634 1544 1703 quam
1561 1611 1699 1694 subrvr,
1723 1634 1839 1696 roura,
1865 1635 1943 1682 meo
1957 1611 2101 1703 quadem

1114 1711 1267 1798 iudicio,
1293 1714 1421 1802 dignus
1446 1713 1596 1782 viderer.
1648 1707 1817 1781 Attamen
1840 1735 1920 1781 curn
1941 1725 1975 1782 ct
1998 1735 2101 1804 prae·

68 1825 1060 1870 .----·--—-·---···--·--·--·-·
1115 1823 1296 1904 ceptorum
1310 1815 1480 1884 autoritas
1499 1825 1533 1883 et
1554 1807 1694 1881 scholae
1710 1816 1949 1898 consuetudo,
1972 1827 2007 1884 et
2021 1813 2102 1882 ofli-

888 2003 938 2052 an.
954 1979 1048 2048 tato.

882 2069 1054 2099 w
1112 2016 1299 2108 imponant
1321 2040 1362 2085 ex
1386 2012 1454 2085 hoc
1472 2015 1551 2084 loco
1567 2017 1610 2085 de
1625 2029 1831 2104 argumento
1850 2017 1969 2109 aliquo
1986 2015 2100 2085 disse-

33 1933 38 1939 ·
80 1993 116 2064 N
173 1987 245 2060 ¹54
315 1953 319 1962 “
1113 1915 1160 1984 cii
1181 1915 1252 1983 mei
1276 1927 1381 2010 atque
1404 1914 1626 1984 obedientiae
1640 1914 1731 1982 ratio
1752 1915 1992 1984 necessitatem
2009 1909 2100 1984 mihi

118 2019 152 2065 ο.
248 2041 257 2060 .

78 2085 252 2117 w

249 2185 324 2274 De
352 2187 498 2272 causis
517 2173 914 2294 putrefactionis..
992 2199 995 2206 ·

140 2363 172 2418 ln
188 2327 281 2418 selsel.
296 2353 417 2413 Declsm.
428 2351 518 2411 mlv,
535 2374 561 2425 p.
569 2353 621 2408 πθ
632 2371 703 2424 sqq,
721 2332 885 2408 servent.
899 2343 948 2430 iv.
982 2341 1062 2399 .!08.

173 2427 343 2558 ἷέἓίῗδέξδ.
354 2425 387 2482 Τ.
397 2425 430 2481 ll.
447 2444 474 2497 p.
485 2425 544 2482 trs.
579 2424 667 2478 Etiam
679 2421 822 2530 separatim
835 2417 939 2490 produt
996 2414 1060 2470 iteb.

71 2681 201 2750 Oratio
224 2673 270 2746 de
296 2675 433 2752 concis,
450 2663 767 2763 putrefactionia3
798 2665 962 2734 recitata
977 2668 1061 2752 post

72 2781 400 2849 renunciationem
423 2769 570 2870 produc
592 2792 616 2841 α
635 2769 788 2840 stertas.
811 2769 889 2836 viro
911 2765 1060 2832 Fron-

99 2884 228 2950 cisco
247 2868 520 2984 Redeunti,
554 2876 653 2945 ortis
672 2867 843 2940 medicae
860 2867 1034 2936 Doctore.

70 3017 174 3103 Cum
198 3028 343 3098 intueor
365 3026 477 3096 oculis
498 3021 596 3094 hunc
624 3018 911 3090 doctissimorum
942 3009 1060 3083 homi-

69 3154 161 3202 nnm
176 3149 399 3212 consessum,
420 3125 589 3198 etanimo
612 3121 749 3210 cogito,
775 3131 905 3214 quanta
929 3116 974 3185 sit
996 3139 1060 3184 au-

70 3232 216 3315 toritas,
257 3251 362 3321 quam
391 3223 577 3318 multiplex
608 3217 648 3292 a'c
677 3221 859 3290 recondita
887 3217 1060 3300 doctrina,

69 3355 181 3425 quarn
197 3342 357 3404 exactum
374 3329 545 3401 iudicium
565 3336 848 3418 praeceptorum:
876 3333 966 3412 quae
981 3317 1059 3408 opi-

69 3435 133 3502 nin
153 3432 202 3502 sit
217 3443 251 3500 et
267 3433 458 3524 expectatio
483 3429 687 3500 auditorum
710 3435 947 3524 caeterorum,
969 3442 1060 3511 quo-

70 3559 153 3605 rum
172 3531 212 3600 in
226 3555 284 3603 me
301 3553 489 3605 conversos
507 3529 707 3616 defixosque
728 3523 850 3592 oculos
865 3535 900 3590 et
921 3520 1058 3600 animos

71 3657 146 3706 esse
169 3636 372 3726 conspicor:
403 3653 495 3731 quae
516 3627 672 3719 deniqne
690 3638 925 3713 utrorumque
945 3632 1057 3689 atten-

72 3739 142 3806 tio:
185 3759 260 3804 non
287 3759 430 3828 possum
461 3754 535 3802 non
561 3750 658 3798 meae
680 3721 931 3794 imbecillitatis
955 3743 1058 3790 sensu

72 3835 428 3929 considerationeque
450 3830 677 3904 vehementer
699 3823 917 3896 conturbari.
968 3821 1058 3891 Nam

74 3937 244 4028 consequi
272 3963 330 4008 me
353 3953 389 4012 et
410 3946 586 4032 praestare
614 3929 765 4002 dicendo
788 3925 995 4017 neutiquam
1021 3922 1058 3991 id

73 4060 177 4130 posse
191 4040 327 4125 sentio,
348 4043 445 4138 qnod
458 4036 518 4109 hie
532 4037 648 4120 locus,
667 4043 702 4101 et
715 4025 802 4100 hacc
814 4027 939 4099 talium
956 4025 1058 4094 audi-

75 4155 195 4211 torum
211 4164 342 4212 corona
356 4139 518 4238 requirit.
569 4132 709 4207 Absnm
730 4131 825 4201 enim
848 4129 977 4198 multos
993 4148 1057 4196 ana

74 4265 141 4312 nos
161 4264 181 4311 a
202 4244 329 4314 studiis
348 4240 572 4338 eloquentiae
593 4251 698 4328 atque
725 4229 972 4347 exercitatione
1001 4229 1059 4297 di-

73 4341 200 4426 cendi,
225 4358 260 4415 et
275 4347 321 4425 ab
334 4343 402 4417 hoc
419 4345 543 4416 absum
560 4351 662 4411 coetu
683 4357 763 4407 cnm
785 4342 980 4424 praeceptis
1001 4331 1059 4398 in-

74 4443 277 4538 stitutisque
292 4471 396 4520 verae
409 4437 679 4535 Philosophiae,
705 4449 780 4506 tum
794 4432 946 4522 ingeniis
961 4451 1059 4501 snm-

71 4546 147 4616 mis
160 4545 384 4632 abundante,
409 4549 449 4616 in
467 4569 539 4640 quo
554 4565 611 4613 me
627 4538 725 4610 varia
747 4549 780 4606 et
803 4534 943 4625 copiosa
964 4533 1058 4624 opti-

72 4669 215 4720 marum
230 4671 348 4725 rtrum
363 4647 508 4721 scientia
521 4668 589 4716 vox
603 4650 868 4734 praeceptorum
885 4636 1058 4708 excoluis-

72 4762 126 4822 set
152 4761 259 4843 atque
280 4753 448 4826 auxisset:
483 4748 691 4820 excitassent
711 4763 796 4812 vero
818 4739 865 4809 ad
886 4739 1001 4811 acrius
1024 4750 1060 4808 et

72 4853 258 4924 ardentius
276 4855 435 4929 studium
453 4848 751 4944 inquirendarum
771 4841 952 4912 doctrinae
975 4841 1059 4908 fon·

74 4954 186 5036 tium,
211 4965 247 5024 et
262 4979 384 5030 euram
397 4951 568 5024 maiorem
585 4943 762 5018 formandi
779 4943 951 5014 sermonis
968 4967 1057 5034 quo·

73 5054 212 5140 tidiana
234 5083 314 5131 cnrn
336 5055 541 5151 aequalibus
559 5048 755 5142 colloquia,
778 5045 1059 5136 opinionumque

1114 2118 1239 2203 rendi,
1265 2131 1299 2187 et
1322 2118 1487 2206 defugere
1504 2141 1558 2186 me
1574 2111 1641 2185 hoc
1659 2139 1750 2185 onus
1768 2139 1979 2211 quocunque
1995 2139 2100 2208 prae-

1029 2223 1048 2252 ''
1113 2228 1230 2303 textu,
1262 2231 1323 2288 aut
1346 2240 1484 2288 morose
1505 2240 1666 2288 recusare
1687 2217 1835 2287 minime
1858 2220 1986 2291 deceat.
2029 2215 2101 2288 De-

1112 2319 1184 2390 sint
1210 2333 1327 2390 autem
1355 2343 1394 2389 ea
1421 2313 1529 2399 mihi,
1568 2343 1658 2412 quae
1685 2319 1971 2410 perspicuitatem
1995 2341 2100 2409 argu·

1112 2434 1250 2505 mento,
1289 2420 1360 2488 vim
1387 2432 1423 2490 ct
1445 2421 1598 2490 nitorem
1621 2421 1794 2504 orationi,
1829 2423 2099 2491 delectationem

996 2552 1001 2562 ¹
1112 2520 1258 2592 auribus
1279 2521 1442 2591 adferant
1463 2522 1601 2591 vestris:
1633 2534 1837 2591 reverenter
1858 2547 1923 2592 oro
1947 2513 2100 2591 confisus

1111 2643 1248 2692 summa
1267 2618 1486 2694 humanitate
1502 2635 1636 2702 vestra,
1662 2635 1785 2716 atqua
1801 2623 2046 2694 benevolentia
2064 2637 2099 2692 et

1111 2724 1282 2814 patientia
1306 2726 1436 2795 multos
1458 2723 1547 2796 alios
1563 2747 1605 2793 ex
1622 2719 1690 2792 hoc
1706 2724 1782 2816 ipso
1800 2724 1879 2795 loco
1897 2737 2100 2816 perorantes

1112 2824 1316 2908 audivistis,
1357 2849 1396 2894 ea
1428 2847 1484 2892 me
1511 2847 1652 2917 quoque
1681 2827 1983 2917 complectamini,
2013 2826 2100 2895 etsi

1111 2947 1201 3018 quae
1219 2926 1395 3016 asperiora
1413 2919 1503 2992 mihi
1519 2940 1552 2995 et
1566 2939 1731 2994 consueta
1747 2928 1878 3010 minus,
1905 2929 2100 2998 autminus

1111 3040 1270 3096 accurate
1293 3040 1454 3098 contexta
1478 3027 1534 3096 vel
1560 3026 1668 3116 polita
1694 3028 1905 3113 exciderint,
1939 3052 1978 3098 ea
2002 3029 2100 3098 velnt

1111 3128 1287 3221 Syrenum
1303 3130 1465 3220 scopulos
1479 3127 1628 3196 occlusis
1643 3129 1927 3218 praetermittatis
1942 3130 2098 3204 auribus.

1112 3227 1370 3318 Argumentum
1396 3233 1534 3320 dequo
1560 3231 1718 3299 dicturus
1744 3253 1823 3300 sum
1845 3231 2025 3322 desumpsi
2056 3249 2096 3301 ex

1111 3325 1330 3418 Aphorismo
1362 3331 1629 3422 quadragesimo
1661 3344 1756 3399 sexto
1780 3333 1890 3422 partis
1913 3333 2098 3416 secundae,

1110 3443 1150 3500 ut
1166 3430 1211 3499 sit
1230 3431 1365 3498 occasio
1384 3431 1588 3499 conferendi
1611 3453 1731 3500 catrsas
1747 3433 2028 3520 putrefactionis,
2052 3436 2097 3502 de
2171 3513 2173 3517 Ι

1110 3531 1239 3622 quibus
1258 3531 1398 3622 publice
1412 3533 1626 3622 disputatum
1642 3544 1711 3613 est,
1738 3557 1817 3601 cum
1833 3535 1945 3604 causis
1962 3557 2113 3623 suppu-.

1111 3631 1276 3714 tationis,
1318 3655 1468 3725 quarum
1504 3633 1602 3700 illam
1638 3627 1753 3728 σήψιν
1787 3629 1851 3705 καὶ
1885 3629 2095 3728 aquatum,

1111 3727 1204 3801 hanc
1225 3731 1402 3826 ἐκπύησιν
1420 3731 1548 3803 Graeci
1566 3749 1702 3804 vocant.
1736 3819 1742 3828 ι
1757 3733 1872 3805 Verba
1888 3733 2098 3827 Aphorismi

1112 3846 1211 3902 sunt:
1239 3832 1334 3903 Dum
1353 3857 1419 3926 pus
1432 3835 1629 3920 conficitur,
1654 3835 1795 3906 dolores
1808 3851 1841 3909 et
1854 3839 1970 3907 febres
1983 3838 2095 3928 magis

1110 3933 1275 4005 accidunt
1302 3959 1407 4026 quam
1431 3959 1473 4006 eo
1498 3938 1668 4011 confecto.
1736 3935 1948 4031 Priusquam
1976 3952 2094 4009 antem

1110 4035 1366 4106 confectionem
1396 4037 1495 4128 puris
1528 4040 1716 4129 explicem,
1754 4040 1800 4108 de
1827 4039 2096 4132 putrefactionis

1110 4137 1223 4206 causis
1246 4157 1284 4206 ac
1306 4137 1517 4210 differentiis
1541 4141 1742 4208 summatim
1768 4141 1904 4236 aliquid
1926 4155 2095 4232 repetam.

1110 4237 1407 4309 Putrefactionem
1422 4254 1515 4312 recte
1529 4241 1652 4311 delinit
1662 4239 1838 4326 Galenus,
1862 4243 2095 4314 mutationem

1110 4339 1219 4410 totius
1246 4339 1462 4410 substantiae
1489 4342 1647 4434 corporis
1674 4341 1906 4433 putrescentis
1936 4345 1980 4413 ad
2014 4365 2094 4412 cor-

1110 4441 1312 4532 ruptionem
1329 4442 1486 4511 effectam
1502 4443 1538 4510 vi
1557 4443 1685 4513 caloris
1701 4445 1868 4514 extranei.
1920 4444 1979 4516 sie
1995 4443 2092 4513 enim

1111 4541 1244 4636 inquit:
1272 4544 1382 4634 σῆψις
1397 4539 1473 4614 ἐστὶ
1487 4539 1675 4638 μεταβολὴ
1697 4546 1761 4637 τῆς
1781 4539 1866 4637 ὅλης
1880 4549 1950 4619 τοῦ
1965 4537 2094 4634 σῶμα·

1109 4667 1172 4723 τος
1189 4639 1395 4736 σηπομένης
1419 4639 1548 4726 οὐσίας
1568 4641 1626 4716 ini
1644 4638 1802 4741 φθορὰν
1820 4641 1894 4717 ὑπὸ
1918 4650 1982 4740 τῆς
2003 4643 2092 4727 ἔξω·

1109 4744 1181 4817 θεν
1195 4740 1416 4838 θερμασίας.
1467 4741 1615 4818 Inchoat
1636 4747 1731 4818 enim
1757 4747 1968 4838 putrefactio
1990 4745 2094 4817 mixti

1110 4847 1399 4932 dissolutionem,
1429 4859 1464 4917 et
1485 4847 1666 4918 elementis
1688 4865 1777 4942 quae
1799 4849 2006 4938 antegressis
2025 4853 2093 4920 do·

1108 4947 1195 5017 mita
1209 4971 1249 5018 ac
1264 4944 1438 5018 confracta
1455 4949 1623 5033 motibus,
1636 4971 1797 5042 nexuque
1810 4949 1905 5020 inter
1920 4975 1956 5020 se
1969 4951 2093 5023 arctis·

1109 5049 1200 5118 simo
1217 5047 1379 5119 devincta
1395 5064 1430 5122 et
1446 5062 1707 5140 coagmentata,
1737 5062 1811 5120 tum
1829 5051 2032 5124 coaluerant
2052 5053 2091 5120 in

73 5169 110 5226 et
122 5162 377 5233 sententiarum
394 5155 620 5238 collationes,
644 5163 749 5245 atque
768 5147 840 5242 ipsi
854 5145 954 5240 quasi
971 5166 1059 5214 con·
1101 5173 1217 5236 ,unam
1232 5171 1399 5235 massam,
1423 5163 1499 5220 tum
1513 5149 1767 5225 constituerant
1783 5151 1847 5222 illo
1862 5152 1992 5224 coalitu
2005 5177 2093 5223 con·

73 5261 192 5334 llictns
207 5261 500 5356 disputationum,
526 5253 656 5350 quibus
670 5251 781 5322 utvel
796 5248 946 5318 maxime
963 5246 1058 5315 emi-
1109 5263 1358 5343 servarantque
1385 5249 1488 5323 mixti
1514 5251 1763 5339 substantiam,
1804 5252 1876 5322 illis
1899 5243 2090 5348 (inquam)

73 5384 136 5443 tur
162 5391 201 5437 ac
225 5365 403 5458 profertur
425 5359 572 5439 veritas,
603 5353 653 5425 sie
677 5350 902 5444 ingeniorum
923 5347 1058 5421 tardio-
1109 5351 1258 5424 divulsis
1275 5351 1545 5446 explicatisqne,
1568 5375 1609 5426 ac
1633 5375 1698 5426 ceu
1719 5355 1765 5428 de
1786 5373 1923 5425 carcere
1945 5353 2090 5437 emissis,
