4696 5820
701 223 862 302 onec.
896 227 971 300 ou
1009 187 1361 304 GONGRESSU
1401 233 1785 318 uouuutnust.
2183 257 2268 326 are

234 403 336 492 piens
361 413 396 470 et
418 401 586 492 eloquens
607 399 703 483 erat',
734 397 767 467 e't
789 403 833 467 ad
862 396 953 468 banc
978 413 1112 470 tantam
1135 395 1219 470 cau·
1271 407 1486 492 necessario,
1512 413 1617 502 etiqm
1634 413 1783 500 scelera,
1807 419 1946 488 nullam
1963 443 2040 491 esse
2061 425 2268 496 libertatem

231 231 301 298 ott

127 531 132 544 ·
233 527 306 570 sam
331 517 472 592 paratus
495 517 653 585 venerat,
678 503 716 568 in
739 497 830 569 hanc
845 503 1056 570 sententiam
1071 527 1220 593 respon-
1244 529 1248 588 ς
1272 501 1447 578 humanae
1475 510 1690 596 voluntatis,
1732 522 1868 589 renasci
1892 516 2056 594 homines
2079 528 2156 596 sine
2180 553 2268 598 voce

231 607 303 674 dit:
329 601 476 687 „Credo
499 627 561 693 ego
586 618 619 673 te
635 604 760 672 Carole
778 601 990 693 Imperator,
1017 618 1051 674 ct
1077 618 1137 674 tuo
1161 607 1219 674 iu·
1244 591 1247 650 ἶ
1271 610 1471 695 doctrinae,
1501 611 1750 687 enthusiasmis
1770 624 1978 710 cogentibus
2002 643 2265 718 repugnantem

223 707 327 776 dicio
350 720 552 776 reverenter
579 706 787 774 sentientem
820 710 864 773 de
889 701 1116 776 invocatione
1143 705 1219 791 Dei,
1270 711 1503 784 voluntatem.
1575 715 1695 809 Nuper
1727 723 1831 791 etiam
1866 723 2131 811 Santosatenica
2165 747 2265 802 muta

233 824 269 878 et
285 809 468 880 incitatum
487 807 808 877 laudatissimorum
819 806 1023 897 Principum
1039 810 1219 898 exemplis,
1270 825 1353 881 sunt
1367 815 1411 881 dc
1427 813 1500 884 filio
1517 815 1594 897 Dei,
1622 847 1711 913 quae
1728 827 1980 898 transformant
1996 826 2176 901 Ecclesiae
2196 837 2266 904 do-

234 915 329 981 bono
355 911 472 980 studio
494 909 681 1002 Synodnm
703 910 871 996 flagitare.
923 911 993 980 Sed
1015 907 1079 978 bac
1098 915 1147 978 'dt
1169 937 1218 994 re,
1270 913 1419 982 ctrinam
1437 915 1771 996 inMahometicam.
1797 925 1846 998 ljt
1860 943 1978 1000 autem
1995 933 2039 1000 ad
2056 934 2265 1004 incendium

234 1017 272 1084 iu
290 1038 358 1108 qua
377 1012 569 1103 plurimum
588 1023 639 1079 est
655 1011 804 1101 periculi
822 1009 1012 1096 Ecclesiae,
1029 1014 1127 1102 prior
1144 1035 1218 1082 esse
1269 1017 1562 1104 restinguendum
1589 1026 1674 1094 boni
1694 1050 1817 1098 omnes
1842 1055 1924 1100 mox
1944 1050 2183 1122 concurrunt,
2211 1039 2266 1107 sie

163 1141 168 1160 ¹
232 1141 310 1186 mea
346 1114 555 1183 deliberatio
584 1115 707 1197 debet,
740 1127 774 1182 ct
809 1115 995 1204 praecipua
1035 1115 1216 1186 autoritas.
1270 1139 1480 1189 concurrere
1503 1147 1626 1194 ornnes
1650 1129 1903 1210 gubernatores
1926 1137 2114 1224 oportebat
2131 1139 2175 1206 ad
2194 1162 2265 1229 op-

156 1259 158 1266 ,
233 1217 322 1288 Nam
340 1228 468 1284 utnon
487 1215 662 1304 disputem
682 1216 860 1284 subtiliter
875 1219 919 1284 de
937 1241 1014 1287 meo
1031 1217 1120 1300 iure,
1149 1213 1216 1286 lroc
1270 1218 1456 1306 primenda
1480 1223 1581 1293 initia
1605 1222 1730 1297 harttm
1754 1234 2025 1322 quaestionum,
2051 1262 2092 1306 ac
2106 1261 2163 1308 res
2179 1263 2265 1331 pes·

232 1331 386 1401 constat,
420 1316 605 1410 Synodnm
631 1316 820 1386 Nicaenam
847 1318 987 1386 iussisse
1011 1320 1056 1386 ad
1082 1315 1217 1387 Roma·
1269 1318 1349 1386 simi
1365 1327 1517 1415 exempli
1535 1329 1654 1411 fuerit,
1675 1334 1720 1398 de
1735 1335 1785 1399 eis
1802 1336 1990 1406 admittere
2008 1339 2118 1408 ullam
2135 1341 2263 1430 dispu-

232 1441 318 1489 num
333 1416 548 1510 Episcopum
563 1419 692 1494 deferri
710 1417 1214 1518 controversiasEcclesiarum
1269 1420 1450 1498 tationem.
1502 1426 1602 1500 Sedit
1615 1428 1847 1505 Constantius
1865 1435 2081 1528 imperator,
2108 1455 2144 1511 et
2159 1466 2265 1532 prae-

231 1518 461 1605 Occidentis,
487 1536 521 1589 et
546 1535 703 1590 nostram
727 1515 844 1588 sedem
868 1521 1024 1590 indicere
1039 1521 1215 1614 Synodos.
1269 1523 1483 1610 stigiatorem
1503 1533 1627 1601 audire
1654 1534 1788 1623 potuit,
1814 1533 1900 1608 haec
1915 1536 2120 1628 blasphema
2136 1545 2266 1614 dicen-

231 1622 344 1717 Saepe
360 1624 468 1712 igitur
485 1636 565 1691 ante
583 1618 651 1691 hoc
665 1637 822 1713 tempus,
849 1636 883 1691 et
901 1647 1038 1690 mecum
1061 1628 1153 1713 ipse,
1181 1639 1216 1695 et
1268 1640 1337 1693 tem
1365 1625 1404 1694 in
1421 1627 1586 1721 synodos
1618 1633 1724 1706 Pater
1746 1651 1797 1705 est
1823 1635 1981 1733 ἀσεβὴς,
2008 1643 2103 1712 filim
2123 1659 2176 1716 0⁸1
2197 1645 2264 1718 &³²-

230 1749 311 1796 cum
329 1721 590 1802 hocGenutio,
616 1723 856 1807 etFarnesio,
883 1737 917 1794 et
940 1725 1017 1792 aliis
1040 1727 1216 1794 delibera-
1268 1723 1395 1819 σεβὴς,
1441 1731 1629 1829 dissimilis
1657 1749 1708 1807 est
1745 1762 1828 1829 ergo
1862 1742 1958 1811 filius
1987 1745 2091 1834 patri.
2158 1744 2263 1835 Quae

231 1829 286 1910 vi,
330 1830 511 1921 quomodo
536 1821 713 1894 Ecclesiae
746 1828 821 1916 paci
856 1828 1114 1897 consulendum
1150 1830 1215 1914 sit,
1267 1827 1336 1898 fuit
1354 1825 1440 1914 haec
1453 1833 1602 1921 lenitas,
1627 1840 1684 1908 vel
1702 1839 1820 1928 potius
1835 1827 2017 1930 impietas,
2044 1847 2132 1916 tales
2156 1873 2263 1920 voces

230 1933 376 2022 Priusne
399 1932 436 1997 in
457 1929 605 2022 Synodo
625 1950 680 1994 res
705 1929 940 2016 disputandae
962 1930 1052 2012 siut,
1078 1953 1124 1997 an
1149 1955 1215 2020 po·
1267 1931 1415 1999 audire?
1455 1933 1713 2009 TeneCarole
1734 1943 1949 2028 existimem,
1981 1960 2053 2016 tam
2081 1972 2157 2018 non
2178 1951 2263 2023 dico

167 2111 174 2132 Ι
231 2035 302 2103 tius
318 2045 455 2104 tantum
473 2029 823 2119 armisopprimendi
840 2031 922 2110 sint,
949 2032 1013 2123 qui
1028 2033 1215 2100 discedunt
1267 2032 1422 2116 lentum,
1447 2040 1506 2104 sed
1534 2046 1720 2110 vecordem
1745 2067 1838 2124 esse,
1865 2059 1904 2116 ut
1927 2048 1995 2118 fuit
2012 2047 2260 2142 Constantius,

230 2135 415 2205 adecretis
431 2147 464 2201 et
483 2131 714 2221 opinionibus
727 2145 829 2200 antea
855 2132 1014 2224 receptis.
1066 2130 1146 2220 Qua
1170 2125 1233 2203 de·
1269 2147 1309 2202 ut
1330 2137 1453 2204 sedens
1481 2139 1519 2207 in
1537 2140 1703 2234 syuodo,
1727 2147 1804 2214 sine
1827 2147 1964 2236 ingenti
1988 2151 2113 2220 dolore
2140 2167 2176 2224 et
2202 2154 2263 2222 in·

230 2263 279 2320 re,
304 2260 384 2306 ctam
401 2255 572 2316 censeam,
598 2255 670 2300 non
687 2233 912 2303 indicendam
929 2259 1002 2304 csse
1015 2233 1213 2329 Synodnm,
1268 2235 1493 2324 dignatione,
1520 2239 1734 2331 sophismata
1750 2248 1938 2318 auditurus
1951 2251 2037 2322 sis.''

229 2339 333 2408 initio
360 2348 462 2427 peto,
498 2358 543 2403 nc
566 2331 657 2402 mihi
680 2349 742 2405 aut
765 2337 894 2428 opibus
913 2334 1098 2409 Romanae
1120 2339 1213 2406 sadis

448 2439 456 2454 ,
494 2437 502 2454 ,
865 2441 874 2456 ,
935 2439 944 2456 ,
1138 2440 1147 2456 ,
1364 2370 1557 2455 „Secunda
1579 2377 1698 2446 classis
1719 2390 1789 2464 est,
1814 2394 1854 2450 ut
1870 2383 1916 2451 ita
1933 2384 2066 2472 dicam,
2091 2389 2261 2479 dogmata

228 2452 592 2510 metuercexrsttmes.
644 2432 814 2507 loannem
839 2463 1045 2510 vicesimum
1065 2452 1212 2509 tertium
1270 2471 1538 2545 inexuicabffia·
1588 2475 1643 2547 De
1668 2475 1725 2548 his
1745 2507 1824 2554 cum
1853 2485 1931 2553 lom
1961 2489 2158 2560 emmim
2182 2517 2259 2563 non
2306 2543 2312 2558 .

103 2563 108 2574 ·
229 2543 331 2614 aiunt
361 2538 593 2632 poenituisse,
632 2542 728 2632 quod
754 2539 940 2633 Synodnm
960 2536 1213 2610 Constantien-

228 2669 299 2716 sem
330 2653 602 2723 convocaverat,
635 2664 714 2708 cum
737 2665 817 2709 eum
841 2666 883 2709 er·
905 2665 1044 2710 summo
1071 2644 1210 2732 fastigio

228 2749 403 2818 deiiceret.
456 2741 532 2833 Ego
551 2766 633 2811 vero
650 2757 814 2833 expertus
839 2744 958 2813 variae
977 2745 1139 2814 fortunae
1157 2749 1211 2814 vi-

228 2871 303 2933 ces,
330 2871 445 2940 uuper
458 2847 562 2915 'etiam
580 2857 720 2936 captus,
740 2847 855 2934 cogito
871 2870 943 2917 non
964 2847 1078 2916 solum
1095 2843 1211 2919 hono-

226 2974 281 3022 res
306 2962 340 3021 et
359 2950 574 3042 potentiam,
599 2950 659 3016 sed
683 2943 776 3016 hanc
798 2949 911 3038 ipsam
935 2949 1043 3018 vitam
1070 2974 1211 3043 quoque

225 3053 466 3143 fugacissimos
481 3052 626 3120 umbras
642 3071 733 3135 csse,
760 3064 793 3119 et
807 3052 1004 3143 tranquillo
1019 3053 1140 3120 animo
1154 3077 1212 3122 cc-

226 3159 308 3225 dam
328 3157 371 3222 de
387 3151 452 3223 hac
466 3153 636 3233 statione,
661 3153 947 3245 quandocunque
963 3175 1018 3220 me
1033 3154 1088 3221 vel
1102 3152 1210 3236 Deus,

225 3259 281 3326 vel
305 3278 404 3325 casus
428 3255 558 3346 aliquis
581 3253 666 3321 inde
689 3249 875 3328 abstrahet.
928 3253 1069 3325 Deinde
1085 3279 1150 3325 nec
1165 3259 1210 3326 de

224 3360 354 3451 opibus
364 3354 549 3428 Romanae
564 3356 656 3425 sedis
671 3378 798 3444 angor,
823 3381 910 3451 quas
925 3357 1088 3428 attribuit
1106 3360 1210 3428 nobis

223 3461 428 3534 Ludovicus
448 3457 566 3530 Caroli
586 3457 696 3542 filius,
722 3474 756 3529 et
777 3473 818 3529 ut
833 3473 969 3531 sumtus
994 3462 1210 3532 necessarios

224 3566 263 3633 in
288 3562 544 3655 gubernatione
568 3555 779 3643 habeamus,
812 3575 847 3631 et
871 3575 911 3631 ut
932 3565 1041 3631 simus
1064 3563 1209 3632 tutiores

223 3679 347 3736 contra
371 3665 486 3744 subita
510 3663 705 3733 latrocinia.
757 3662 958 3734 Sedvelim
985 3659 1049 3733 hac
1072 3666 1208 3735 sarcina

222 3765 429 3841 Romanum
445 3762 661 3858 Episcopum
680 3767 807 3844 levari,
829 3767 858 3834 si
883 3789 1020 3858 semper
1038 3767 1123 3837 tales
1136 3768 1209 3836 Im-

223 3883 401 3961 peratores
415 3865 639 3952 haberemus,
658 3867 798 3962 qualem
814 3881 848 3937 tc
865 3891 939 3937 esse
957 3869 1074 3938 video.
1126 3868 1206 3938 Non

223 3975 333 4063 igitur
361 3970 547 4065 Synodnm
579 3985 724 4060 propter
748 3964 812 4038 has
842 3972 967 4042 stultas
996 3971 1207 4062 cupiditates

221 4076 332 4166 fugio.
384 4073 508 4167 Neque
522 4069 590 4142 hoc
606 4086 814 4162 argumento
831 4097 992 4157 moveor,
1017 4073 1113 4165 quod
1132 4099 1208 4143 ma·

222 4177 419 4268 gnifaciuut
436 4174 699 4246 iurisconsulti:
729 4173 856 4243 Valere
872 4175 1000 4245 debere
1017 4200 1136 4245 rerum
1151 4176 1208 4245 iu-

221 4280 415 4351 dicatarum
438 4277 680 4359 autoritatem,
713 4301 778 4346 nec
800 4291 901 4348 antea
921 4279 1072 4348 'decreta
1103 4280 1207 4348 novis

220 4381 521 4473 disputationibus
545 4379 786 4449 labefactanda
811 4401 895 4452 esse.
947 4376 1024 4469 Ego
1049 4404 1149 4470 vero,
1175 4381 1204 4448 si

221 4487 309 4578 paci,
325 4485 353 4552 si
371 4483 552 4574 posteriati
569 4484 747 4572 prodesset
757 4481 962 4573 disputatio,
981 4481 1113 4552 nollem
1128 4507 1204 4550 eam

217 4583 426 4679 prohibere,
447 4609 487 4653 ac
504 4597 641 4655 tantum
659 4585 703 4652 ad
720 4584 896 4674 publicam
913 4609 1033 4676 pacem
1057 4597 1089 4653 et
1109 4585 1205 4652 salu·

216 4707 286 4760 tem
301 4689 515 4781 posteritatis
528 4711 604 4756 mea
621 4687 793 4756 sententia
811 4685 942 4754 directa
958 4700 1020 4759 est.
1067 4682 1204 4755 Osten-

217 4796 298 4861 dam
314 4804 429 4860 autem
447 4813 487 4859 ex
504 4790 589 4883 ipsis
605 4789 807 4878 dogmatum
826 4788 1013 4878 generibus
1032 4789 1101 4855 mei
1119 4813 1205 4857 con-

217 4895 288 4964 silii
304 4891 458 4963 causas.”

317 4994 431 5080 „Sunt
446 4995 621 5081 dogmata,
654 4992 783 5084 partim
799 5015 873 5061 non
890 4991 1005 5061 solum
1021 4992 1121 5075 falsa,
1137 4995 1197 5062 sed

215 5099 321 5169 etiam
338 5097 523 5166 manifeste
541 5095 707 5176 absurda,
734 5095 851 5188 qualia
869 5108 953 5164 sunt
970 5096 1205 5186 anabaptisti-

214 5226 270 5270 ca:
297 5195 474 5289 Oportere
497 5197 680 5269 facultates
703 5197 866 5267 omnium
888 5220 1095 5266 communes
1116 5219 1203 5280 csse,

1264 2577 1423 2664 possint,
1449 2578 1576 2648 melius
1594 2581 1699 2651 fuerit
1714 2607 1753 2652 ea
1770 2607 1844 2653 non
1860 2586 1997 2674 agitari.
2049 2589 2158 2662 Tales
2173 2610 2261 2668 sunt

1265 2679 1491 2767 quaestiones
1506 2682 1550 2750 de
1564 2685 1774 2754 adoratione
1792 2688 1904 2777 panis,
1930 2691 1974 2757 de
1991 2691 2185 2780 oblatione,
2211 2699 2259 2766 de

1264 2778 1434 2850 sacrificio
1451 2780 1613 2854 Missae.''

1365 2914 1516 2998 „Tertia
1539 2919 1658 2988 classis
1681 2934 1748 2990 est:
1784 2921 2047 3015 Dispensabilia
2071 2929 2258 3004 Pontificis

1264 3015 1467 3103 autoritate,
1492 3032 1533 3090 ut
1555 3021 1684 3090 laxatio
1709 3036 1893 3110 votorum,
1918 3031 2099 3100 concessio
2126 3037 2256 3104 coniu-

1263 3119 1333 3208 gii,
1357 3122 1556 3190 emendatio
1573 3125 1846 3214 superstitionis,
1871 3128 1910 3197 in
1924 3130 2025 3217 cibis,
2051 3136 2195 3216 vestitu,
2222 3151 2257 3206 et

1265 3219 1443 3290 similibus
1470 3222 1625 3313 ineptiis.
1677 3225 1730 3296 De
1753 3223 1818 3297 hac
1847 3231 1971 3317 classe,
1995 3259 2077 3304 cum
2100 3261 2156 3305 res
2182 3239 2255 3308 sint

1262 3323 1485 3408 manifestae,
1519 3323 1612 3394 nihil
1635 3352 1724 3419 opus
1756 3343 1808 3400 est
1836 3332 2077 3422 disputatione
2100 3336 2252 3432 Synodi.

1263 3423 1302 3494 Si
1318 3421 1433 3512 Reges
1455 3441 1490 3497 et
1505 3426 1687 3519 Principes
1711 3445 1833 3522 petent
1849 3428 1977 3504 harum
1993 3461 2113 3507 rerum
2127 3443 2255 3510 mode·

1262 3526 1449 3612 rationem,
1468 3531 1566 3599 sedes
1584 3529 1746 3602 Romana
1764 3559 1837 3604 nno
1856 3537 1970 3606 edicto
1987 3533 2115 3608 harum
2128 3565 2252 3612 rerum

1262 3629 1422 3698 omnium
1448 3628 1641 3704 ἐπιείκειαν
1663 3637 1767 3704 edere
1790 3651 1917 3727 posset.
1968 3637 2086 3710 Velim
2109 3656 2141 3712 et
2176 3644 2252 3734 ipsc

1262 3730 1339 3799 tolli
1358 3735 1664 3822 superstitionem,
1690 3750 1725 3806 et
1741 3762 1881 3807 morum
1899 3741 2005 3827 vitia,
2027 3766 2117 3836 quae
2132 3747 2253 3816 stultis

1261 3833 1399 3922 legibus
1414 3850 1598 3924 augentur.
1651 3838 1720 3910 Sed
1737 3835 1925 3934 ἀναρχίαν
1941 3843 2015 3912 heri
2032 3845 2128 3918 nolo.
2183 3843 2254 3918 Pc-

1260 3948 1386 4005 latura
1411 3933 1574 4008 Romana
1599 3943 1680 4010 sede
1703 3943 1924 4029 emendatio,
1958 3946 2014 4014 cui
2037 3947 2123 4016 nolu
2138 3948 2251 4018 adimi

1261 4037 1508 4123 autoritatem,
1532 4057 1693 4114 vetustae
1710 4040 1890 4114 Ecclesiae
1910 4047 2087 4117 sententia
2101 4049 2135 4118 ei
2148 4052 2252 4121 attri-

1261 4138 1420 4208 butam.''

1360 4271 1448 4358 „His
1464 4277 1632 4348 classibus
1647 4280 1851 4368 dogmatum
1869 4281 2119 4368 consideratis,
2144 4307 2250 4354 causa

1260 4390 1474 4458 cemuutur‚
1510 4405 1620 4473 quare
1650 4405 1724 4452 non
1751 4383 1794 4451 sit
1816 4387 2044 4456 convocanda
2068 4382 2250 4478 Synodos.

1259 4477 1453 4572 Reliquum
1470 4496 1521 4552 cst
1535 4483 1663 4572 igitur,
1688 4501 1726 4554 ut
1743 4481 1871 4554 Carole
1882 4486 1989 4555 armis
2006 4511 2126 4578 pacem
2145 4491 2250 4560 resti-

1259 4597 1345 4652 tuas.
1404 4581 1504 4654 ltalia
1525 4586 1660 4656 domita
1687 4587 1758 4656 tuis
1781 4586 1908 4671 armis,
1939 4588 2056 4679 quieta
2082 4603 2154 4672 est,
2188 4614 2249 4660 rex

1260 4681 1401 4760 Galliae
1420 4709 1619 4776 repressus,
1646 4689 1709 4781 qui
1724 4703 1838 4758 tecum
1856 4711 1930 4757 nou
1946 4691 1991 4757 de
2007 4691 2126 4762 stoicis
2143 4714 2248 4781 para-

1258 4789 1377 4876 doxis,
1403 4801 1463 4856 aut
1485 4790 1633 4858 iudaicis
1650 4790 1962 4880 superstitionibus
1973 4787 2249 4876 Monachorum,

1257 4892 1317 4957 sed
1338 4893 1382 4961 de
1401 4893 1549 4980 imperio
1568 4893 1724 4961 certavit.
1777 4891 1923 4981 Quanto
1938 4894 2076 4965 facilius
2093 4892 2249 4966 Germa-

1258 4990 1338 5062 niae
1361 5005 1494 5086 partem
1520 5019 1593 5063 uon
1618 5019 1781 5082 magnam
1807 5019 2025 5085 compesces,
2052 5021 2120 5088 qua
2147 4997 2187 5066 in
2209 5023 2248 5067 re

1258 5095 1548 5186 etpnstcritatem
1572 5096 1754 5166 intuearis.
1805 5095 1926 5167 flarius
1947 5097 2040 5166 sedis
2052 5099 2247 5180 autoritate

1257 5199 1429 5284 extincta,
1455 5213 1625 5291 sequetur
1641 5192 1825 5296 ἀναρχία,
1852 5201 1890 5267 in
1908 5223 1978 5291 qua
1992 5212 2026 5269 et
2039 5200 2170 5269 laxatio
2188 5201 2247 5272 di-

210 5301 462 5393 Magistratus,
488 5298 639 5378 iudicia,
666 5300 840 5389 legitimas
859 5322 1008 5390 poenas,
1042 5300 1203 5391 imperia,
1226 5332 1230 5412 q
1255 5300 1426 5392 sciplinae
1448 5303 1581 5371 adferet
1603 5303 1801 5370 barbariem
1825 5302 1864 5370 in
1889 5303 2068 5387 moribus,
2090 5315 2124 5371 et
2140 5316 2246 5394 petu-

210 5429 266 5476 res
291 5428 435 5497 prorsus
457 5429 476 5474 a
501 5401 576 5474 Deo
606 5403 790 5470 damnatas
814 5425 898 5472 esse.
966 5396 1101 5472 Omnia
1125 5402 1201 5474 heri
1226 5419 1229 5474 t
1254 5402 1365 5474 lautia
1383 5405 1607 5494 ingeniorum
1625 5405 1746 5495 gignet
1768 5405 1846 5474 sine
1865 5404 1936 5474 tine
1957 5427 2049 5474 nova
2064 5405 2245 5494 dogmata,

173 5721 201 5778 Δ
297 5762 306 5779 .
