4706 5818
124 1021 128 1028 -
249 1000 372 1054 rursus
394 969 642 1042 nominaretur
664 957 866 1046 imperator.
932 945 1004 1018 Sed
1030 968 1111 1014 cum
1136 941 1232 1012 filius

237 289 312 364 ost
498 252 953 350 scaturientem
978 251 1047 332 au
1071 249 1201 331 utsr.
1225 250 1370 338 enos.
1395 253 1462 336 ur
1487 257 1679 338 auitos.
1699 257 2019 344 srucraurn.
2193 269 2346 344 aaa*

243 461 394 531 iniustas
414 471 471 521 res
494 465 598 516 coeco
613 453 649 512 et
661 431 797 526 ingenti
811 431 962 522 impetu.
1011 421 1137 496 Postea
1150 421 1228 492 isu-
1383 431 1510 506 Victus
1532 448 1648 506 autem
1670 433 1890 532 Maximinus
1910 437 2086 509 aLicinio
2111 439 2157 510 sd
2174 437 2275 512 Tar-

246 559 345 634 strati
366 551 620 646 opprimuntur
641 532 890 626 magnitudine
910 527 1097 608 dolorum,
1138 523 1230 596 sicut
1281 554 1379 615 sum,
1405 549 1524 626 postea
1544 531 1736 628 phthiriasi
1749 539 1843 608 inter
1859 561 1982 608 saevos
2004 539 2180 612 cmciatus
2203 565 2272 634 pc-

246 659 373 734 accidit
385 648 544 725 Antonio
559 658 594 716 et
609 642 688 713 aliis
702 634 836 708 multis.
1281 635 1363 719 riit,
1387 659 1468 706 cum
1487 639 1647 708 examina
1666 639 1840 710 vermium
1856 639 1940 710 siin
1957 641 2168 730 inguinibus
2184 655 2271 713 nata

256 763 259 770 “
350 769 467 858 Magis
481 761 638 837 ostendit
651 767 784 825 metum
797 743 1059 828 Maximianus,
1083 738 1231 837 quiRo-
1282 747 1408 806 essent
1458 735 1542 825 Quo
1559 761 1692 829 poenae
1705 743 1813 810 modo
1832 741 2066 830 significatum
2088 757 2159 828 cst,
2181 744 2271 814 libi-

214 917 216 920 ·
249 901 343 950 mam
373 869 500 952 rediit,
537 876 579 935 ut
604 883 624 930 a
651 847 891 928 Praetorianis
919 845 1155 940 reciperetur,
1196 853 1231 910 et
1284 837 1386 907 dines
1401 836 1477 908 sius
1491 839 1623 929 puniri.
1678 941 1679 946 ἵ

1384 934 1559 1010 Extinctis
1586 940 1695 1028 igitur
1721 954 1875 1034 quatuor
1902 945 2082 1035 tyrannis:
2123 941 2272 1016 Diocle-

251 1075 457 1154 Maxentius
486 1086 566 1137 enm
598 1057 806 1149 expelleret,
841 1048 933 1138 fugit
955 1043 1162 1139 Massyliam
1186 1044 1230 1113 ad
1285 1037 1400 1124 tiano,
1416 1037 1649 1126 Maximiano,
1668 1040 1851 1113 Maxentio
1866 1042 2121 1126 etMaximino,
2147 1061 2273 1118 tenent

131 1173 136 1178 ’
274 1199 419 1252 enerum
442 1161 735 1241 Constantinum,
775 1151 835 1222 cui
860 1171 942 1222 cum
972 1160 1122 1218 strueret
1145 1143 1233 1214 insi-
1285 1139 1476 1230 imperium
1499 1154 1618 1234 postea
1640 1145 1712 1214 duo
1734 1144 1904 1235 collegae:
1941 1137 2214 1217 Constantinus
2237 1161 2275 1218 et

250 1207 328 1353 {ias
371 1274 444 1346 lilia
467 1266 631 1339 maritum
656 1255 749 1348 patri
772 1249 957 1344 praetulit,
989 1270 1079 1341 quae
1104 1245 1235 1316 detexit
1286 1235 1483 1338 (sicinius,
1507 1256 1542 1315 et
1556 1242 1736 1335 paulisper
1753 1244 1792 1313 in
1807 1245 1959 1336 imperio
1974 1269 2040 1338 pax
2054 1248 2135 1320 fan.

251 1329 412 1453 insidias.
462 1368 515 1439 lta
532 1386 612 1434 cum
623 1352 986 1428 DeusMaximianum
1002 1346 1233 1420 Constantino
1389 1339 1537 1414 Initium
1562 1359 1680 1414 antem
1705 1344 1846 1436 imperii
1867 1345 2094 1420 Constantini
2118 1350 2275 1420 colloca·

251 1476 464 1553 mirabiliter
477 1463 680 1543 obtulisset,
707 1455 914 1525 interfectus
931 1461 983 1518 cst
994 1446 1236 1518 Maximianus
1288 1454 1347 1514 tur
1368 1444 1475 1533 paulo
1498 1457 1580 1514 ante
1603 1443 1847 1532 Maxentium,
1884 1447 2048 1519 videlicet
2069 1451 2108 1518 in
2133 1473 2273 1520 annum

252 1577 454 1674 Massyliae.
483 1566 553 1637 llic
570 1563 683 1634 exitus
697 1557 766 1626 suit
782 1557 936 1623 duorum
951 1547 1236 1620 saevissimorum
1288 1544 1415 1619 muudi
1429 1558 1553 1637 quater
1568 1547 1816 1630 millesimum,
1837 1549 2117 1620 ducentesimum
2128 1565 2274 1642 septua-

253 1693 506 1777 tyrannorum,
529 1657 745 1736 Diocletiani
764 1669 799 1726 et
813 1649 1037 1724 Maximiani.

352 1793 491 1866 Romae
521 1771 769 1853 Maxentius,
820 1767 1030 1839 Maximiani
1068 1762 1237 1836 Herculei

254 1900 369 1982 tilius,
400 1916 442 1962 eo
463 1881 715 1958 dominabatur
735 1870 932 1953 crudelius,
963 1868 1046 1961 quia
1068 1871 1236 1939 Severum

254 2006 299 2072 ad
316 1998 528 2071 Ravennam
541 1983 692 2062 vicerat,
715 1973 779 2067 qui
800 1969 991 2041 exercitum
1015 1980 1137 2036 contra
1158 1988 1238 2082 earm

252 2102 409 2175 Romam
440 2093 611 2160 ducturus
641 2089 726 2148 erat.
800 2070 962 2162 Cumque
992 2080 1028 2137 et
1053 2065 1238 2138 saevieram

96 2250 101 2259 ,
220 2253 227 2276 1
256 2213 378 2276 contra
393 2187 616 2264 Christianos
630 2173 836 2248 Maxentius
856 2180 1051 2252 exerceret,
1080 2181 1115 2238 et
1137 2188 1240 2256 rape-

133 2291 141 2306 *
256 2317 311 2374 ret
340 2295 508 2368 honestas
535 2295 714 2354 matronas
736 2289 771 2345 et
794 2273 965 2361 virgines,
1004 2279 1039 2338 et
1066 2267 1241 2338 militibus

257 2399 465 2473 concederet
488 2383 667 2457 licentiam
690 2374 853 2446 omnium
874 2372 1065 2452 scelerum,
1092 2367 1242 2440 Senatus
1296 2437 1305 2456 .

257 2493 531 2576 Constantinum
545 2507 586 2554 ex
605 2479 724 2551 Gallia
739 2471 938 2546 accersivit:
979 2469 1038 2539 eui
1063 2469 1243 2540 dubitanti

257 2627 304 2674 an
320 2599 474 2672 Romam
490 2590 633 2659 duceret
648 2578 857 2660 exercitum,
881 2570 1038 2642 ostendit
1046 2569 1142 2641 Deus
1158 2569 1244 2638 illu-

257 2720 328 2774 stre
347 2699 487 2787 signum
512 2682 692 2756 victoriae.
751 2675 842 2747 Nam
865 2673 982 2744 medio
1006 2671 1065 2740 die
1088 2671 1244 2739 inclara

258 2807 338 2874 luce
358 2797 451 2867 vidit
471 2782 726 2862 Constantinus
748 2779 788 2846 in
808 2775 907 2845 coelo
931 2775 1069 2862 igneam
1093 2793 1244 2850 crucem,

259 2926 339 2976 cum
357 2895 483 2969 literis:
512 2889 551 2961 iv
565 2877 688 2978 τούτῳ
702 2873 802 2962 νίκα,
828 2877 865 2946 id
883 2889 946 2954 cst,
974 2873 1013 2940 in
1027 2867 1094 2942 hoc
1106 2872 1221 2943 vince.

362 3026 495 3103 Scribit
515 3017 711 3100 Eusebius,
751 2991 844 3081 hanc
874 3031 911 3080 se
939 3007 1178 3078 narrationem
1204 3029 1245 3075 ex

260 3140 339 3230 ipso
356 3123 589 3204 Constantino
607 3113 794 3187 audivisse.
892 3138 893 3142 ¹

362 3248 485 3336 ltaque
499 3253 670 3326 tanquam
686 3229 836 3298 ducente
850 3223 1010 3294 Domino
1026 3235 1148 3294 nostro
1157 3215 1245 3291 Iesu

261 3345 415 3426 Christo
439 3340 593 3414 Romam
620 3353 703 3402 cum
734 3323 888 3395 exercitu
922 3336 1099 3416 properat.
1166 3318 1246 3392 Etsi

262 3445 467 3526 Maxentius
489 3441 681 3528 imparatus
703 3437 797 3512 erat,
825 3439 944 3494 tamen
966 3447 1151 3494 occurrere
1171 3423 1246 3493 sor·

262 3553 400 3628 tissimo
417 3536 585 3613 exercitui
599 3552 709 3624 usque
724 3527 769 3596 ad
790 3539 933 3618 pontem
949 3521 1120 3593 Milvium
1141 3545 1246 3592 ausus
1372 3611 1374 3616 ι

264 3667 328 3727 est.
377 3647 433 3719 lbi
449 3639 585 3734 praelio
599 3635 712 3701 victus
727 3642 763 3699 et
778 3649 859 3696 cum
875 3646 1000 3712 magna
1015 3623 1246 3708 multitudine

263 3756 305 3823 in
327 3750 460 3820 flumen
486 3757 622 3810 mersus
642 3729 757 3821 petiit.
822 3723 907 3795 ldeo
931 3719 1123 3796 Christiani
1148 3723 1247 3812 dixe-

264 3865 371 3934 runt,
407 3841 593 3916 interitum
615 3826 788 3904 Maxentii
807 3824 961 3896 similem
979 3825 1088 3896 luisse
1112 3845 1248 3916 poenm

268 3946 477 4024 Pharaonis.
816 3994 820 4002 ,

368 4055 522 4136 Sustulit
537 4071 618 4140 ergo
633 4044 738 4117 initio
754 4037 1008 4115 Constantinus
1022 4041 1110 4110 duos
1124 4051 1248 4132 tyran-

267 4191 348 4242 nos:
374 4154 636 4235 Maximianum
650 4146 772 4221 eteius
787 4144 899 4214 lilium
911 4141 1143 4223 Maxentium,
1167 4161 1247 4209 cnm

268 4269 413 4365 quidem
435 4251 662 4332 Constantius
683 4271 703 4320 a
724 4244 946 4317 Maximiano
963 4241 1088 4313 Caesar
1109 4261 1249 4309 nuncu-

269 4385 370 4465 patus
387 4375 488 4436 esset.
522 4355 612 4430 Cum
626 4349 734 4439 igitur
749 4345 881 4436 potitus
895 4356 984 4415 esset
998 4338 1250 4413 Constantinus

270 4463 478 4545 Occidentis
498 4452 666 4547 imperio,
696 4460 902 4538 teneretque
925 4467 1001 4512 eam
1026 4454 1182 4547 partem,
1211 4443 1251 4510 in

271 4595 340 4666 qua
357 4564 552 4661 plurimum
567 4548 708 4625 roboris
724 4561 813 4618 erat:
847 4544 1006 4628 ltaliam,
1031 4540 1251 4635 Hispaniam,

272 4671 449 4750 Africam,
484 4656 660 4737 Galliam,
697 4646 928 4720 Germaniam
955 4656 989 4714 et
1016 4641 1252 4727 Britanniam,

273 4794 353 4840 cum
368 4758 522 4837 Licinio
535 4765 677 4829 tenente
693 4747 895 4844 Illyricum,
921 4767 1025 4836 quem
1035 4741 1255 4832 Maximinus

276 4869 457 4942 Caesarem
472 4859 737 4933 nominaverat,
761 4848 847 4918 iacit
861 4846 1004 4931 foedus,
1029 4846 1132 4939 eique
1153 4867 1253 4917 soro-

276 4994 351 5041 rem
377 4960 619 5037 Constantiam
641 4957 702 5024 dat
719 4971 885 5034 uxorem,
921 4960 956 5017 et
982 4947 1090 5017 mittit
1110 4970 1190 5016 eum
1213 4947 1252 5014 in

276 5069 399 5144 Asiam
429 5076 550 5132 contra
574 5052 825 5128 Maximinum.
892 5044 1032 5117 Interea
1060 5053 1184 5140 paceni
1214 5047 1255 5114 in

277 5169 472 5243 Occidente
486 5158 657 5241 restituit,
689 5153 807 5224 abolet
826 5151 966 5223 decreta
986 5149 1190 5243 tyrannica,
1221 5161 1257 5218 et

1290 1643 1462 1758 gaqimum
1479 1647 1684 1718 secuudum.

1340 1793 1487 1869 Annum
1503 1781 1642 1870 Romae
1659 1799 1911 1888 millesimum,
1932 1801 2196 1892 sexagesimum.

1342 1895 1639 1972 Annum‘Christi
1655 1902 1941 1972 trecentesimum
1957 1904 2147 1975 decimum.

1358 2047 1360 2052 '
1394 2031 1488 2105 Sunt
1504 2057 1585 2125 ergo
1604 2036 1648 2104 ab
1666 2034 1769 2105 initio
1785 2031 2001 2108 Diocletiani
2018 2038 2063 2106 ad
2086 2033 2183 2108 hunc
2206 2061 2274 2108 an-

1291 2155 1398 2220 num,
1423 2135 1486 2229 qui
1501 2148 1553 2206 est
1568 2134 1712 2206 initium
1734 2133 1957 2208 Constantini
1972 2133 2117 2226 Magni,
2148 2139 2275 2226 viginti

1292 2238 1363 2307 dno
1379 2235 1477 2310 anni.
1517 2233 1615 2306 lutra
1627 2231 1693 2306 hos
1708 2257 1820 2306 annos
1832 2237 1872 2304 in
1885 2249 1961 2310 toto
1974 2261 2101 2328 genere
2115 2233 2275 2310 humano

1292 2333 1508 2407 horrendam
1524 2336 1700 2428 lanienam
1717 2338 1885 2409 adversus
1900 2339 1993 2408 cives
2017 2353 2052 2411 et
2072 2333 2208 2424 hostes,
2239 2355 2276 2410 ct

1294 2449 1388 2508 anter
1408 2457 1496 2529 ,sese
1525 2451 1756 2511 exercuerunt
1778 2438 2034 2529 ,imperatores
2110 2438 2273 2533 Suntque

1294 2538 1381 2608 anni
1398 2561 1418 2608 a
1434 2534 1518 2608 Iulii
1533 2537 1637 2610 initio
1650 2561 1763 2634 usque
1783 2539 1827 2609 ad
1853 2539 2009 2630 primum
2031 2565 2166 2612 annum
2180 2539 2277 2612 Con-

1294 2638 1443 2710 stantini
1455 2639 1600 2709 trecenti
1617 2639 1873 2734 quinquaginta
1897 2654 2049 2731 septem,
2074 2642 2136 2736 qni
2158 2657 2276 2713 muta-

1295 2741 1429 2810 tionem
1445 2740 1483 2808 in
1500 2739 1650 2830 imperio
1664 2741 1837 2829 insignem
1853 2740 1946 2816 iecit.
1997 2736 2052 2814 Ac
2070 2741 2278 2813 aluliiini-

1295 2841 1346 2911 tio
1361 2861 1473 2930 usque
1490 2841 1535 2910 ad
1550 2854 1686 2933 captam
1700 2839 1855 2912 Romam
1871 2842 1916 2913 ab
1931 2841 2075 2914 Alarico
2090 2857 2175 2916 sunt
2190 2845 2279 2920 anni

1295 2940 1547 3034 quadringenti
1559 2941 1737 3031 sexaginta
1752 2954 1787 3012 et
1799 2964 1905 3016 unus.

1398 3048 1669 3128 Constantinus
1683 3051 1857 3150 Magnus
1871 3057 1985 3130 tenuit
2000 3059 2190 3152 imperium
2213 3085 2278 3133 an-

1296 3177 1363 3226 nos
1378 3157 1524 3244 triginta
1539 3159 1643 3242 duos,
1666 3157 1787 3232 minus
1801 3159 1943 3230 duobus
1958 3162 2150 3237 mensibus.
2180 3162 2277 3234 Vixit

1297 3278 1410 3328 annos
1424 3257 1601 3345 sexaginta
1616 3280 1687 3329 sex.
1738 3256 1851 3328 Natus
1866 3272 1919 3330 est
1938 3261 1977 3328 iu
1998 3261 2153 3344 familia,
2178 3265 2279 3334 cuius

1296 3357 1366 3426 fuit
1382 3356 1569 3448 praecipua
1592 3359 1761 3429 nobilitas
1779 3357 1819 3427 in
1833 3359 2034 3444 Dardanis,
2059 3385 2101 3432 ex
2115 3359 2280 3436 Romana

1298 3457 1427 3546 stirpe,
1453 3457 1552 3526 cuius
1568 3452 1656 3527 haec
1672 3459 1780 3526 series
1794 3459 1964 3530 traditur:

1562 3567 1718 3637 Eutropius
1847 3569 1968 3626 canan
1991 3589 2074 3638 uxor,
2102 3573 2157 3628 filia
2184 3533 2281 3646 Crispi,

1759 3602 1829 3717 Τ
1860 3636 1954 3694 fratris
1962 3639 2068 3694 Claudii
2082 3643 2263 3713 imperatoris.

1590 3841 1637 3910 qui
1652 3842 1714 3894 vicit
1726 3841 1847 3896 Francos
1858 3850 1886 3894 ct
1899 3843 2056 3900 alemanos.

1408 4043 1476 4094 iunx
1493 4044 1657 4110 Constantii.
1827 4047 1946 4101 secunda
1967 4049 2087 4104 coniunx
2101 4049 2265 4107 Constantii.

1362 4177 1565 4230 Constantinus
1576 4175 1712 4244 Magnus.
1780 4139 1783 4146 Ι
1809 4180 1944 4234 ,Anniba
1982 4181 2117 4235 Oonstan·
2147 4189 2281 4240 cannan-

1337 4266 1743 4302 rw&
1829 4249 1925 4302 timeus
1977 4251 2036 4304 tt'us
2060 4258 2118 4304 tier
2146 4255 2197 4321 it'u,
2212 4254 2283 4310 laici·

1330 4311 1503 4377 Mehervinn,
1556 4311 1779 4376 Faustmseeun·
1814 4315 1949 4376 Dalmatii
1986 4268 2062 4370 Geth
2094 4329 2121 4374 st
2145 4321 2185 4374 nii
2213 4341 2281 4376 con-

1302 4383 1391 4454 prima
1409 4378 1528 4436 coniunx
1578 4381 1614 4436 ds
1631 4383 1754 4438 conium
1839 4395 1925 4458 pstcr.
1993 4385 2104 4443 laliaci.
2174 4390 2248 4445 iuna.

1332 4447 1507 4504 Constantini
1577 4448 1751 4506 Constantini

1362 4515 1469 4585 Magni.
1552 4515 1671 4588 Magni,
1715 4519 1769 4576 fitia

1575 4585 1744 4645 Maximiani·

1602 4683 1734 4780 {spatii

1349 4790 1474 4855 ωερω.
1551 4765 1652 4840 ‘’Con-
1733 4795 1807 4846 Cnn·
1888 4797 1961 4850 Con·
2043 4797 2117 4850 Con·
2168 4775 2288 4862 Hslsff,

1557 4865 1664 4928 stann-
1728 4873 1813 4914 sran-
1867 4873 1961 4921 stans.
2011 4868 2133 4932 stantib,
2166 4867 2287 4923 coniunx

1553 4939 1607 4978 nus
1620 4925 1670 4980 Ss-
1730 4931 1795 4983 tius.
1827 4955 1831 4968 ·

2014 4933 2134 4989 coniunx
2177 4932 2274 4994 loliani

1554 4995 1669 5080 sundus.

2032 4997 2116 5060 Gclli.
2160 5001 2284 5084 impers-

2189 5079 2269 5123 toras.

1406 5147 1649 5224 Dalmatiam
1674 5149 1818 5230 Orienti
1844 5157 2010 5251 praefecit
2030 5154 2298 5231 Constantinus

238 5341 243 5348 .
277 5286 371 5345 vetat
393 5259 612 5342 Christianos
632 5254 764 5324 ῑῑὶῑῦῐῖθ
788 5250 911 5339 adfici,
947 5263 982 5322 et
1003 5251 1042 5320 in
1064 5247 1257 5346 provinciis
1306 5251 1479 5337 Patruus,
1517 5257 1578 5328 sed
1602 5271 1723 5346 postea
1746 5275 1914 5351 regnante
1932 5257 2144 5333 Constantio
2176 5261 2287 5329 inter-

277 5370 410 5445 iudicia
426 5377 460 5448 et
473 5355 650 5454 praesidia
663 5356 817 5426 ordinat.

1308 5355 1421 5429 lectus
1445 5369 1508 5429 est.
1560 5349 1728 5442 ,Gallam
1744 5359 1972 5434 Constantius
1986 5359 2171 5439 Caesarem
2193 5362 2287 5445 iecit,
