4696 5820
90 271 165 346 sar
488 237 647 345 osee.
680 267 756 344 ua
787 249 1106 343 cua‘arrutu
1141 264 1723 346 areunuarromsus.
2054 273 2131 352 sss

91 443 225 516 dimitti
246 438 376 512 inustis
400 439 438 510 iu
460 440 581 512 lroute
605 441 847 530 stigmatibus,
873 434 1002 532 hospes
1027 439 1086 507 iu·
1137 439 1239 511 dicti:
1271 438 1391 511 Labor
1412 453 1528 510 vester
1553 465 1628 512 nou
1657 429 1725 513 erit
1751 441 1869 510 inanis
1898 441 1937 510 in
1960 439 2129 516 Domino.

90 559 222 639 gratus.
282 541 389 612 Tales
411 536 568 634 hospites
597 543 701 616 multi
732 556 835 622 sunt,
867 535 1088 634 prohdolor
1136 540 1234 612 Deus
1273 556 1366 612 recta
1406 540 1619 612 facientibus
1662 543 1763 614 dabit
1804 544 1962 635 placidos
2003 546 2130 632 exitus,

89 649 197 722 etiam
227 647 267 717 in
296 641 519 729 Academiis,
551 644 590 712 in
614 645 745 738 quibus
766 644 871 714 multi
898 667 971 712 nou
1003 657 1088 714 tau·
1137 643 1273 714 etiamsi
1295 643 1481 714 incurrent
1500 644 1540 714 iu
1563 666 1624 715 eos
1646 645 1769 726 multi,
1796 645 1939 716 iniustis
1960 649 2052 718 odiis
2070 673 2128 720 ar-

90 768 166 825 tum
188 749 357 839 gratiam,
397 747 460 817 sed
488 748 674 838 pecuniam
699 749 807 818 etiam
828 745 986 816 debitam
1013 766 1087 815 non
1136 741 1279 825 dentes,
1303 757 1345 815 ut
1364 745 1620 815 modestissime
1642 747 1769 819 dicam.

87 852 250 925 solvunt.
1237 841 1346 938 Apud
1377 843 1574 916 Homerum
1601 849 1731 920 assidet
1752 845 1915 922 Vulcano
1941 844 2128 922 Charitum

196 951 367 1024 Tradidit
380 943 499 1022 aulem
515 947 648 1022 Paulus
669 949 829 1040 regulam
851 950 896 1019 de
917 971 1088 1040 compen·
1136 971 1209 1019 uua
1224 947 1263 1017 in
1279 947 1438 1033 officina,
1464 973 1535 1042 quo
1553 950 1720 1040 figmento
1735 951 1876 1042 sapiens
1896 953 1999 1044 poiita
2016 954 2128 1025 multa

87 1055 230 1128 satione
258 1049 557 1126 honestissimam.
622 1051 767 1124 Nemini
797 1052 993 1144 quidquam
1024 1052 1087 1120 de·
1136 1049 1348 1142 significavit
1378 1065 1413 1121 et
1446 1051 1542 1142 quod
1569 1052 1699 1122 artium
1726 1077 1834 1144 opera
1860 1054 1932 1124 sint
1963 1056 2064 1125 utilia
2094 1069 2129 1128 et

87 1157 225 1241 beatis,
270 1153 342 1226 uisi
378 1153 617 1230 dilectionem.
692 1153 835 1225 iusticia
868 1154 1089 1237 nominatur,
1135 1153 1291 1224 iucunda
1304 1152 1485 1221 communi
1501 1151 1614 1238 vitae,
1640 1166 1674 1224 et
1690 1155 1788 1247 quod
1804 1156 1843 1224 in
1858 1155 1943 1246 ipsis
1960 1158 2128 1247 operibus

87 1263 177 1331 dare
200 1259 298 1352 quod
321 1257 420 1328 civili
440 1255 658 1346 obligatione
680 1257 843 1328 debetur.
896 1253 935 1324 ld
954 1253 1087 1326 Paulus
1136 1255 1232 1326 nitor
1256 1268 1291 1323 et
1311 1265 1477 1324 venustas
1498 1277 1571 1324 esse
1594 1255 1741 1342 debeat,
1773 1281 1838 1326 nec
1853 1258 1925 1328 siut
1940 1253 2128 1328 hominum

87 1362 168 1432 lieri
189 1359 370 1452 praecipit.
431 1355 506 1428 Nee
535 1358 612 1428 vult
642 1355 780 1430 turbari
805 1357 899 1428 vitae
922 1356 1085 1427 ordinem
1136 1351 1284 1428 thalami
1307 1355 1440 1425 similes
1463 1380 1653 1447 porcorum
1675 1358 1840 1445 stabulis,
1866 1374 1901 1429 et
1922 1347 2016 1429 vero¹
2031 1362 2128 1453 quod

88 1477 124 1533 et
150 1461 303 1546 iudicia,
335 1460 447 1530 deleri
467 1455 632 1530 honestas
656 1460 767 1550 leges,
799 1453 1087 1530 defraudariho·
1136 1459 1286 1528 artifices
1319 1459 1440 1528 deceat
1473 1457 1647 1529 officiosos
1680 1473 1714 1529 et
1740 1460 1897 1551 placidos
1923 1485 2016 1546 esse,
2053 1486 2128 1532 nou

86 1564 208 1634 mines
228 1575 411 1654 praetextu
432 1555 657 1633 Christianae
678 1562 867 1636 societatis.
926 1559 1088 1632 Sciamus
1135 1583 1295 1652 asperos,
1319 1583 1395 1627 non
1409 1583 1584 1644 morosos,
1610 1584 1685 1630 non
1709 1583 1852 1646 avaros,
1876 1587 1949 1632 non
1974 1564 2128 1634 invidos.

87 1667 191 1736 enim
215 1680 249 1736 ct
272 1664 413 1734 civilem
439 1663 690 1753 obligationem
714 1662 873 1734 divinam
889 1685 971 1732 esse.
1022 1657 1088 1734 Est
1136 1661 1282 1752 Quanto
1300 1661 1410 1750 magis
1433 1660 1472 1730 iu
1495 1657 1664 1732 Eccleaiis
1685 1675 1720 1732 et
1743 1664 1943 1734 Academiis
1967 1659 2129 1735 habitare

87 1781 211 1839 autem
238 1780 273 1836 et
294 1765 468 1837 naturalis
483 1765 653 1855 obligatio
676 1765 818 1851 divina,
845 1787 935 1857 quae
954 1763 1087 1832 bencfi-
1135 1759 1297 1834 Charites
1316 1763 1519 1853 oportebat,
1551 1785 1597 1834 ne
1619 1765 1803 1834 doetrinae
1825 1765 1967 1834 illuvies
1990 1780 2025 1836 et
2047 1769 2128 1836 bar-

88 1869 245 1940 centiam
269 1883 302 1938 et
325 1868 579 1958 gratitudinem
606 1867 720 1936 animi
749 1865 1011 1958 complectitur,
1043 1866 1088 1933 de
1138 1868 1252 1935 baries
1274 1865 1404 1934 alienet
1428 1859 1611 1950 homines,
1633 1877 1674 1936 ut
1695 1880 1779 1937 sunt
1795 1869 1970 1958 paradoxa
1988 1867 2128 1938 Stoico-

88 1997 164 2066 qua
187 1970 291 2040 dicit:
329 1965 479 2060 Semper
507 1968 629 2038 deberi
658 1967 898 2040 dilectionem.
958 1966 1015 2037 sit
1045 1966 1086 2034 in
1136 1991 1234 2052 rum,
1258 1989 1350 2061 quae
1373 1966 1563 2037 adfirmant
1577 1967 1698 2036 omnia
1715 1967 1912 2039 necessario
1937 1969 2034 2054 lieri,
2061 1971 2128 2039 bo-

87 2072 200 2144 bonis
227 2071 408 2141 mentibus
438 2085 607 2161 perpetua
639 2092 723 2140 cura
746 2073 896 2139 tuendae
919 2063 1088 2138 honestae
1138 2093 1201 2139 nas
1222 2083 1258 2140 et
1284 2069 1394 2138 malas
1417 2068 1590 2140 actiones:
1624 2080 1658 2137 et
1684 2068 1745 2138 illa
1771 2069 1941 2154 fanatica,
1977 2066 2127 2163 impium

88 2173 360 2246 coniunctionis
387 2185 422 2242 et
443 2171 654 2242 concordiae
676 2171 840 2261 publicae
869 2170 907 2238 iu
929 2167 1088 2268 Ecclesia
1136 2193 1210 2241 esse
1240 2170 1463 2260 magistratus
1487 2193 1627 2260 gesem,
1658 2193 1818 2241 exercere
1849 2171 2000 2258 iudicia,
2031 2173 2128 2244 bona

88 2291 126 2348 et
155 2276 196 2344 in
218 2272 394 2366 imperiis,
427 2284 461 2342 et
491 2273 641 2344 iuvandi
669 2274 781 2358 cives,
813 2285 987 2365 quantum
1011 2270 1088 2342 beri
1136 2295 1244 2365 opera
1260 2297 1334 2342 non
1350 2293 1424 2341 esse
1441 2273 1658 2359 necessaria,
1682 2297 1774 2343 neve
1793 2274 1997 2344 docentium
2014 2274 2130 2344 ambi-

88 2391 229 2470 potest,
259 2376 306 2446 sit
327 2376 434 2445 etiam
456 2367 625 2446 ἐπιείκεια
633 2425 646 2460 ,
674 2374 851 2467 sapienter
872 2375 1032 2444 ferantur
1055 2384 1089 2442 ct
1137 2377 1188 2446 tio
1220 2374 1452 2467 popularibus
1479 2375 1695 2445 clamoribus
1731 2376 1828 2445 idola
1858 2376 2031 2457 stabiliat,
2068 2388 2131 2446 aut

87 2491 259 2569 tegantur
279 2479 454 2569 quaedam
476 2476 721 2559 incommoda,
753 2497 805 2548 ns.
825 2487 939 2546 totum
962 2497 1088 2564 corpus
1135 2479 1225 2547 odia·
1235 2476 1395 2566 iugulent
1409 2475 1627 2548 innocentes.
1678 2473 1781 2546 Plato
1797 2477 1924 2549 solitus
1945 2492 1997 2549 est
2013 2479 2130 2552 dicere

90 2592 215 2672 pereat
228 2591 270 2648 ut
286 2579 324 2646 in
340 2577 448 2646 senili
465 2577 747 2669 corporemorbi
761 2577 910 2669 quidam
932 2576 1089 2646 toleran-
1138 2582 1182 2649 ad
1197 2579 1450 2661 Xenocratem,
1475 2579 1571 2669 quod
1586 2576 1741 2648 tristiore
1764 2590 1799 2648 et
1819 2578 1988 2667 rigidiore
2002 2593 2130 2650 natura
2189 2567 2199 2580 ⁴

89 2702 165 2772 tur,
191 2682 256 2774 qui
272 2681 349 2749 sine
361 2678 495 2748 maiore
511 2678 605 2750 malo
623 2679 703 2747 tolli
715 2703 788 2748 nou
804 2691 965 2772 possunt.
1005 2676 1088 2748 Nou
1138 2697 1247 2762 esset,
1279 2680 1403 2750 volens
1421 2701 1502 2748 eum
1526 2679 1676 2750 excitare
1698 2681 1742 2749 ad
1765 2681 1984 2765 comitatem,
2010 2681 2131 2752 suari-
2205 2724 2210 2744 .

88 2785 229 2877 patitur
251 2777 319 2852 hoe
345 2794 484 2871 tempus
503 2780 701 2870 longiorem
723 2781 943 2864 orationem,
967 2793 1003 2849 et
1026 2801 1089 2868 ego
1138 2797 1245 2854 tatem
1267 2795 1303 2853 et
1325 2775 1538 2872 ἐπιείκειαν,
1564 2805 1656 2875 quae
1680 2781 1717 2850 in
1744 2781 1925 2852 communi
1942 2795 2131 2858 consuetu-

88 2900 233 2960 tantum
245 2882 476 2978 etymologias
490 2895 671 2974 utcunque
685 2905 849 2952 enarrare
859 2881 972 2966 volui,
993 2882 1088 2974 quod
1139 2885 1224 2954 dine
1241 2882 1456 2953 necessariae
1471 2894 1576 2966 sunt,
1601 2877 1736 2954 σπένδε
1745 2875 1909 2978 χάρισιν.

90 3004 214 3060 tamen
231 2985 307 3054 lieri
325 3008 399 3053 uon
413 2994 546 3076 potest,
572 2981 642 3052 nisi
660 2996 693 3052 et
712 2985 860 3074 arebus¹
872 2981 956 3074 ipsis
973 2994 1007 3052 et
1022 2975 1089 3050 ho·
1251 2982 1356 3054 Hauc
1377 2979 1665 3054 adhortationem
1687 3007 1749 3054 vos
1765 3008 1906 3077 quoque
1923 2985 2130 3056 memineai-
2177 3013 2183 3024 ¹

90 3090 235 3160 minum
252 3087 412 3156 moribus
427 3085 466 3154 in
480 3085 551 3154 vita
570 3099 735 3176 petantur
748 3081 917 3176 exempla.
1139 3086 1206 3170 tis,
1234 3089 1295 3156 sed
1313 3085 1487 3156 concinne
1500 3085 1729 3156 intellectam.
1778 3082 1926 3157 Rectius
1938 3098 2056 3158 autem
2072 3087 2130 3159 di-

194 3187 365 3280 Legimus
379 3201 494 3258 autem
512 3199 547 3256 et
561 3185 775 3278 singularem
790 3187 965 3279 picturam
982 3181 1090 3254 fuisse
1141 3213 1260 3257 cemus
1270 3183 1403 3261 σπένδε
1414 3191 1469 3281 τῷ
1479 3191 1636 3283 χριστῷ,
1663 3185 1725 3280 qui
1738 3200 1830 3256 certe
1847 3188 1924 3260 vult
1941 3210 2132 3260 rosunum

86 3290 284 3366 Charitum
310 3291 350 3358 iu
381 3286 616 3360 vetustissima
648 3289 739 3358 urbe
764 3285 906 3373 Eliaca,
940 3310 1091 3381 quarum
1141 3291 1178 3359 in
1196 3291 1274 3380 ipso
1291 3313 1376 3363 esse.
1427 3286 1701 3380 PropterDeum
1716 3282 1953 3360 etDominum
1969 3304 2130 3361 nostrum

88 3397 211 3487 prima
227 3389 362 3464 Rosam
385 3390 491 3480 gerit,
519 3390 628 3460 altera
640 3387 821 3485 Myrtum,
847 3390 950 3460 tertia
965 3383 1091 3458 Astra·
1142 3391 1258 3462 lesum
1272 3386 1456 3463 Christum
1470 3412 1628 3460 amemus
1642 3388 1832 3472 iusticiam,
1857 3405 1892 3460 et
1906 3391 2132 3461 concordiam

90 3497 216 3587 gelum
232 3517 295 3564 seu
304 3491 446 3564 Tolum.
480 3488 641 3562 Artifices
657 3491 767 3562 multa
782 3491 963 3582 ingeniose
980 3487 1090 3579 signi·
1142 3492 1335 3586 publicam,
1356 3491 1434 3562 etsi
1450 3513 1541 3584 quae
1553 3491 1791 3560 dissensiones
1807 3506 1899 3576 sunt,
1922 3495 1967 3562 de
1983 3487 2039 3560 his
2056 3492 2133 3582 pla·

90 3601 248 3670 bearunt
266 3597 304 3663 in
320 3594 472 3686 publicis
494 3593 749 3664 monumentis.
799 3590 896 3664 Rosa
917 3591 1091 3681 significat
1142 3594 1391 3680 ciderandide‚
1412 3593 1491 3664 sine
1504 3591 1609 3676 odiis,
1633 3592 1710 3662 siue
1726 3588 1962 3688 φιλονεικείρ,
1980 3594 2057 3662 sine
2072 3614 2131 3662 so·

89 3697 375 3794 pulcritudinem
393 3710 427 3767 et
440 3695 683 3786 fragrantiam.
733 3689 835 3766 Nihil
852 3694 1003 3777 iusticia,
1027 3690 1090 3761 be-
1142 3693 1290 3788 phistica
1307 3698 1476 3768 dicautur
1491 3693 1703 3778 sententiae,
1726 3707 1760 3765 et
1776 3694 1822 3764 sit
1844 3695 1947 3765 iudex
1964 3691 2134 3767 Ecclesia.

90 3800 302 3883 ueficentia,
331 3799 449 3869 studio
474 3798 626 3870 tuendae
651 3795 915 3867 coniunctionis
930 3797 969 3864 in
987 3793 1091 3864 bouis
1145 3800 1188 3870 ln
1202 3795 1258 3869 his
1273 3797 1546 3887 tantisnegociis
1560 3793 1779 3886 conspicitur
1794 3819 1913 3866 verum
1931 3819 2017 3878 csse,
2037 3799 2134 3889 quud

89 3903 231 3981 causis,
262 3899 423 3992 pulcrius
448 3913 482 3969 et
502 3898 644 3968 dulcius
669 3912 732 3973 est.
784 3895 926 3992 Myrtus
944 3899 1092 3968 loecun-
1142 3904 1193 3972 ait
1213 3897 1448 3989 Theocritus,
1482 3893 1577 3968 nihil
1605 3899 1683 3971 sine
1706 3895 1842 3968 Gratiis
1873 3897 2025 3967 amabile
2049 3921 2133 3977 esse.

90 4007 244 4076 ditatem
276 4000 459 4092 significat.
515 3995 706 4090 Accipieus
732 3974 943 4072 benetiiium
966 3998 1092 4068 reddat
1142 3999 1178 4074 τὶ
1193 3996 1268 4101 γὰρ
1280 3995 1449 4096 χαρίτων
1465 3995 1661 4096 ἀγαπητὸν
1680 3993 1898 4092 ἀνθρώποις
1917 3995 2134 4072 &derasidas

92 4105 254 4177 vicissim
276 4127 338 4173 seu
360 4102 494 4185 officia,
519 4123 580 4172 seu
596 4125 715 4172 rerum
733 4100 862 4193 precia.
913 4097 1092 4189 Astragali
1143 4101 1201 4178 ἀεὶ
1237 4098 1453 4198 χαρίτεσσιν
1486 4097 1555 4195 ἅμ’
1595 4099 1670 4194 ἔην.
1749 4099 1847 4189 Quid
1881 4101 2033 4172 alienius
2064 4110 2135 4178 est,

90 4208 300 4300 significant
312 4205 466 4275 incertos
481 4216 646 4288 eventus,
671 4203 947 4277 inconstantiam
960 4202 1093 4271 volun·
1143 4231 1252 4301 quarn
1280 4228 1338 4277 res
1365 4205 1536 4298 optimas,
1574 4203 1780 4286 veritatem,
1812 4227 1953 4292 pacem,
1986 4223 2134 4271 concor-

92 4325 211 4382 tatum
234 4308 274 4377 in
296 4307 420 4376 amicis
441 4317 476 4376 et
504 4305 810 4395 ingratitudinem.
866 4301 985 4375 Ratae
1009 4314 1093 4372 sunt
1144 4311 1259 4391 diam,
1285 4306 1399 4380 Deum
1416 4307 1547 4397 ipsum,
1573 4304 1668 4374 inter
1679 4305 1789 4374 furias
1804 4327 1985 4396 quaerere.
2038 4302 2134 4372 Lou-

90 4415 220 4482 tirmae
251 4421 285 4479 et
318 4406 499 4478 durabiles
525 4406 721 4492 amicitiae,
755 4420 797 4477 ut
821 4428 896 4476 nou
921 4405 1092 4475 diuturna
1141 4434 1185 4499 ge
1202 4410 1268 4480 alia
1287 4411 1332 4478 ad
1346 4407 1461 4480 Deum
1478 4407 1535 4477 via
1557 4421 1629 4490 eat,
1654 4407 1718 4497 qui
1738 4393 1900 4474 adlirmat
1916 4427 1952 4474 se
1975 4399 2135 4472 habitare

91 4515 165 4584 fuit
179 4509 344 4601 Pompeii
359 4523 394 4581 et
411 4508 496 4580 Iulii
512 4508 678 4581 amicitia.
729 4505 803 4577 Nec
818 4507 897 4576 sino
910 4528 1012 4574 causa
1028 4527 1093 4573 nec
1144 4514 1183 4582 in
1199 4510 1328 4602 spiritu
1342 4510 1516 4591 contrito,
1544 4505 1691 4590 humili,
1716 4520 1750 4576 et
1773 4506 1919 4576 timente
1934 4527 2134 4576 sermonem

92 4616 174 4684 sine
205 4612 376 4702 exemplis
412 4610 506 4681 dixit
539 4607 656 4680 Plato:
699 4601 812 4706 φύσει
840 4599 1093 4702 εὐμετάβολον
1143 4614 1320 4685 divinum.
1377 4607 1464 4682 Oro
1477 4624 1596 4680 autem
1615 4609 1729 4680 tilium
1754 4606 1822 4678 Dei
1844 4605 2041 4677 Dominum
2067 4629 2134 4674 no-

91 4713 220 4804 ζῶον,
254 4708 372 4810 φίλος.
430 4709 593 4804 &mque
625 4714 674 4782 ob
701 4735 841 4782 cauum
867 4721 1092 4801 praeceptum
1144 4729 1256 4786 strum
1279 4711 1396 4784 lesum
1416 4707 1622 4796 Christum,
1658 4709 1861 4780 crucifixam
1886 4731 1951 4797 pro
1978 4708 2081 4777 nobis
2100 4723 2135 4778 es

90 4817 272 4888 traditum
293 4831 364 4901 est,
394 4809 556 4909 pdprgo'
593 4809 778 4898 ἀπιστεῖν,
813 4809 945 4908 ἄρθρα
973 4813 1094 4882 ταῦτα
1143 4817 1404 4895 resuscitatum,
1431 4814 1494 4908 qui
1510 4816 1610 4883 sedet
1622 4813 1667 4882 ad
1683 4813 1839 4879 dextram
1854 4811 1988 4879 aeterni
2011 4810 2133 4900 patris,

88 4923 177 4992 τῶν
190 4922 356 5015 φρενῶν.
406 4915 478 4988 Sed
491 4919 535 4986 de
552 4911 619 4988 hac
635 4916 807 5008 sapientia
822 4915 1016 5008 loquantur
1030 4911 1093 4982 alii
1143 4924 1183 4990 ut
1205 4921 1300 4989 dona
1322 4919 1384 4987 det
1404 4913 1634 4995 hominibus,
1667 4924 1708 4980 ut
1729 4931 1796 4980 nos
1818 4933 1942 4981 omnes
1961 4913 2134 5000 gubernet

10 5017 12 5038 '
90 5023 258 5092 seniores
289 5034 323 5091 et
356 5019 555 5109 peritiores.
620 5017 714 5102 Nos,
752 5016 960 5111 quicunque
988 5027 1094 5086 erum
1144 5034 1179 5091 et
1198 5033 1373 5113 protegat,
1397 5018 1606 5090 eteffundat
1631 5014 1669 5083 in
1687 5031 1753 5080 uos
1767 5006 1931 5102 spiritum
1953 5014 2084 5106 gratiae
2099 5025 2133 5080 et
2179 5007 2185 5022 '

92 5137 267 5208 eventus,
293 5122 385 5192 iusta
402 5121 579 5191 discamus
595 5134 630 5191 et
642 5121 830 5202 iaciamus,
854 5117 1094 5207 intelligamus
1144 5147 1299 5215 precum,
1353 5120 1447 5192 Dixi.

94 5241 134 5296 et
149 5247 311 5297 amemus
325 5225 599 5316 gratitudinem,
617 5220 727 5292 simus
741 5219 909 5302 officiosi,
932 5218 997 5290 ubi
1013 5241 1094 5309 pos-

94 5351 225 5399 sumus
248 5327 328 5396 aliis
341 5327 565 5406 benefacere,
589 5347 664 5391 nou
682 5325 869 5393 turbemus
885 5319 977 5390 vitae
993 5319 1094 5390 ordi·
1143 5373 1147 5380 .

94 5455 206 5507 nem.
231 5451 306 5498 nou
319 5428 512 5504 laceremus
528 5421 723 5510 Ecclesias,
748 5440 782 5494 et
794 5426 905 5494 simus
919 5433 1094 5494 memores

151 5534 331 5598 bleranae.
354 5533 483 5600 Oreas.
512 5530 595 5597 Vos.
610 5527 690 5598 XIl.
