4604 5804
163 287 385 408 ἠομ
537 265 547 282 ’
629 259 1123 386 urseurnrronus
1153 231 1913 427 pataraa1.osmmoos1s.‚
2020 245 2028 264 ”
2199 302 2261 376 soe

355 489 453 568 Haec
467 484 609 565 collatio
623 479 713 556 iuris
727 473 887 564 Romani
903 463 984 548 eum
992 469 1153 574 Mosaios
1166 491 1244 539 non
1294 480 1418 540 contra
1432 425 1605 546 iudicium
1620 467 1789 544 rationis.¹
1823 453 2090 564 ltaquemultse
2103 473 2261 565 suntopi-

254 615 308 678 est
328 592 485 678 inutilis3
522 599 627 680 auget
644 581 742 654 enim
763 577 974 670 dignitatem
994 587 1032 648 et
1052 573 1118 646 alit
1136 593 1244 644 reve·
1294 569 1422 639 uiones
1453 581 1651 658 sectarum,
1681 593 1772 665 quac
1802 567 1898 642 nihil
1924 570 2045 644 minus
2068 585 2150 646 sunt
2170 595 2261 668 quam

253 701 407 782 rentiam
425 688 662 787 praesentium
678 684 810 770 legum.
989 757 991 760 ,
1293 665 1535 766 philosophia.
2089 695 2093 706 ι

259 885 265 896 ,
357 794 561 898 insaniebat
574 771 994 878 igiturCurolostodius‚
1018 774 1082 872 qui
1096 784 1245 845 conten·
1395 765 1610 844 Academici
1620 795 1696 843 non
1709 773 1941 848 reeseiubene
1954 771 2261 869 ἐπέχεινὰοοωῃῑ.

256 906 381 987 debat,
404 920 462 969 res
481 889 634 966 iudicari
654 897 820 980 oportere
840 905 883 952 ex
903 878 1043 976 Moyse.
1070 877 1072 888 ⁴
1094 872 1245 946 insaniit
1295 873 1364 948 hus
1376 874 1494 959 rebus,
1519 896 1583 944 nec
1596 887 1689 946 recte
1701 874 1896 967 disputant,
1917 876 2262 948 omnisincertaesse.

256 1023 293 1081 et
314 997 361 1084 V
356 990 548 1100 iglephus,
574 989 638 1087 qui
658 985 788 1068 sensit,
811 982 941 1079 impios
964 979 1107 1052 nullmu
1126 975 1245 1047 domi·
1398 969 1518 1044 Stoici
1540 998 1615 1044 non
1635 987 1729 1048 recte
1750 977 1928 1051 sllinnant
1950 979 1997 1050 ds
2015 979 2105 1064 lato,
2128 991 2162 1048 et
2173 974 2262 1046 stulte

255 1110 360 1182 nium
375 1099 507 1174 habere
523 1106 637 1190 possa
902 1096 911 1108 “
1295 1077 1428 1148 tollunt
1451 1075 1729 1165 contingentiam
1749 1091 1785 1148 et
1805 1077 2005 1154 libertatem
2026 1074 2196 1150 humanae
2210 1099 2262 1151 vo-

360 1195 514 1276 Pliaius
534 1205 628 1268 recte
649 1190 754 1276 dicit,
779 1183 860 1256 i'dco
882 1184 1007 1254 lunam
1030 1178 1070 1250 in
1092 1171 1246 1249 e‘oniun-
1295 1177 1455 1286 luntatis.
1504 1171 1555 1248 Et
1576 1170 1673 1247 haud
1696 1177 1787 1265 scio,
1810 1201 1858 1249 an
1879 1202 1922 1250 es
1938 1179 2011 1251 illis
2026 1178 2143 1252 stoicis
2158 1177 2262 1266 dispu.

258 1309 379 1388 ctione
410 1325 486 1376 non
512 1296 628 1383 cerni,
665 1292 751 1388 quia
782 1283 951 1360 haustum
980 1301 1125 1356 omnem
1154 1277 1245 1348 lucis
1296 1277 1493 1351 talionibus
1509 1277 1676 1368 serpserit
1689 1275 1727 1348 in
1742 1273 1938 1352 Ecclesiam
1953 1279 2165 1374 disputatio,
2188 1298 2261 1370 quae

259 1425 382 1486 aversa
406 1405 472 1478 illo
493 1410 650 1493 regerat,
679 1393 777 1478 unde
800 1387 940 1482 accipit.
994 1377 1044 1456 Et
1063 1380 1149 1477 quia
1171 1401 1246 1477 non
1296 1379 1393 1477 tollit
1423 1377 1702 1470 contingentiam
1732 1393 1768 1452 et
1797 1379 1999 1454 lfflertatem
2021 1376 2191 1452 humanae
2211 1399 2262 1446 vo-

258 1526 357 1592 totus
379 1505 477 1582 orbis
497 1497 627 1594 accipit
646 1497 791 1578 lumen,
820 1491 902 1564 ideo
924 1487 1012 1562 luna
1031 1507 1108 1556 non
1129 1482 1247 1556 statim
1298 1479 1457 1556 luntatis.

260 1615 400 1712 integra
412 1608 570 1703 apparet.
1401 1575 1564 1678 Epicuri
1583 1579 1826 1654 sententia'de
1846 1580 1919 1653 fine
1940 1579 2119 1654 honorum
2139 1589 2262 1650 nonest

373 1761 377 1776 .
1299 1675 1564 1778 philosophim3
1594 1704 1679 1752 uam
1709 1695 1834 1755 contm
1859 1695 2027 1756 naturam
2043 1677 2194 1756 hominis
2213 1691 2262 1759 est,

604 1829 732 1933 (m)
781 1813 904 1906 mg·
1301 1786 1520 1880 uoluptatem
1535 1782 1645 1854 linem
1661 1804 1735 1883 esse
1748 1783 1941 1860 bonorum.

492 1943 597 2032 (ΟΨ
617 1923 713 2010 ³²³³·
736 1937 778 2006 Τ·
792 1935 852 2004 ¹¹¹·
874 1922 1012 2023 su.)
1302 1987 1381 2062 ca.
1402 1882 1641 2058 titul:
1659 1879 1887 2059 efflei:
1908 1877 2260 2058 tumultu

267 2107 420 2196 Veritas
442 2122 497 2205 est
517 2105 588 2180 Dei
607 2106 766 2190 donum,
799 2095 999 2193 etquidem
1021 2087 1251 2185 praecipuum
1301 2084 1411 2162 hahet
1435 2086 1773 2171 demonstrationes,
1804 2101 1845 2162 ut
1865 2039 1912 2160 de
1926 2009 2137 2160 tiliter-nitate
2155 2075 2261 2152 muudi

264 2227 306 2296 in
320 2233 447 2294 ustum
461 2208 630 2284 hominis.
721 2243 722 2246 ¹
1067 2229 1071 2236 ’
1303 2204 1340 2264 et
1356 2185 1437 2262 aliis
1451 2187 1648 2260 nonnullis.
1991 2191 1994 2198 ’

144 2379 146 2395 .
367 2305 600 2404 Philosophia
628 2319 682 2378 est
707 2301 875 2388 amitas„
895 2319 1006 2392 quase
1024 2288 1143 2365 hostes
1163 2281 1253 2390 phi·
1405 2287 1490 2364 Non
1511 2302 1616 2379 negat
1636 2283 1850 2360 Aristoteles
1872 2284 2152 2382 pmvidentism,
2172 2294 2203 2351 et
2221 2292 2262 2348 ta·

267 2411 462 2517 losophioe
486 2411 740 2503 belligerantur
762 2425 844 2476 cum
862 2395 941 2474 Deo
965 2410 1000 2472 et
1021 2421 1103 2468 cum
1125 2409 1254 2466 natura
1303 2417 1387 2464 rnen
1412 2389 1518 2484 ponit
1540 2389 1832 2484 contingentiam.
1890 2382 2121 2483 Philosophia
2141 2378 2263 2454 moralis

160 2549 162 2555 ·
229 2555 232 2567 ·
265 2523 468 2599 hominum.
518 2512 611 2586 Nam
631 2524 667 2582 et
685 2508 815 2580 veritas
835 2525 892 2574 ses
912 2513 964 2574 est
984 2497 1128 2582 diviua,
1158 2507 1195 2568 et
1214 2495 1254 2565 in
1303 2491 1507 2568 Aristotelis
1520 2515 1604 2563 vera
1619 2505 1672 2564 cst
1685 2505 1721 2564 et
1735 2493 1840 2584 plena
1854 2484 2100 2564 humanitatis.

266 2624 396 2723 primis
407 2617 555 2692 naturae
569 2609 759 2686 hominum
769 2603 994 2680 conveniens
1115 2620 1119 2640 ²
1405 2589 1720 2679 univercum,
1744 2586 2012 2688 philosophiam
2025 2585 2183 2676 moralem
2195 2599 2262 2669 pst-

211 2720 215 2730 ’
329 2747 330 2752 ’
369 2721 462 2797 Cum
472 2707 823 2792 autemChristianos
832 2705 1020 2802 praecipue
1030 2702 1151 2772 deceat
1159 2700 1255 2769 dona
1305 2709 1377 2770 tem
1402 2719 1476 2768 esse
1501 2690 1595 2791 legis
1618 2687 1787 2781 divinae,
1811 2706 1931 2767 menen
1954 2690 2144 2786 plurimum
2163 2677 2263 2752 differt

96 2863 100 2870 ·
269 2829 341 2908 Dei
361 2844 493 2900 ornare
513 2833 548 2892 et
568 2833 796 2896 conservare,
827 2804 1054 2908 decetetiam
1069 2800 1257 2897 praecipue
1306 2795 1425 2890 alege
1444 2796 1580 2871 divina.
1630 2793 1721 2868 Item
1739 2796 1821 2890 plus
1844 2793 1951 2868 etiam
1973 2773 2263 2866 differt-abiimu-

158 2975 160 2983 ν
272 2916 601 3032 eosphilosophiae
619 2914 792 2991 studium.
840 2903 889 2986 Et
911 2907 1056 3002 prodest
1076 2903 1197 2998 aliqua
1215 2925 1258 2976 es
1307 2900 1420 2994 geIiu,
1442 2911 1478 2971 et
1492 2897 1654 2992 impietas
1667 2909 1738 2986 est,
1763 2891 1849 2970 haee
1862 2895 2047 2968 doctrinae
2058 2906 2175 2984 genera
2187 2879 2263 2951 inter

272 3044 374 3128 parte
401 3016 650 3123 philosophiae
672 3013 828 3106 cognitio
847 3011 892 3084 ad
911 3007 1107 3084 docendam
1129 3017 1165 3078 et
1185 3017 1258 3076 tra·
1308 3001 1588 3076 seconlundere.

273 3132 440 3208 claudam
455 3120 685 3198 christianam
699 3113 945 3208 doctrinam.
1126 3189 1129 3196 ,
1412 3097 1522 3190 Quod
1541 3095 1774 3196 Augustinus
1803 3100 1875 3185 ait,
1906 3096 2030 3168 omnia
2065 3113 2099 3162 se
2114 3085 2264 3170 'dogmata

272 3269 276 3327 χ
377 3219 611 3318 Philosophia
623 3219 664 3291 in
677 3216 803 3313 primis
814 3213 936 3285 videre
947 3207 1063 3295 dehet,
1084 3205 1175 3302 quse
1187 3202 1261 3277 sint
1309 3197 1500 3296 Evangelii
1525 3203 1650 3296 legisse
1679 3203 1776 3296 apud
1797 3195 2007 3272 Platonicos
2030 3189 2157 3288 praeter
2175 3173 2262 3248 illud:

276 3347 372 3410 uecta
392 3350 483 3425 quae
502 3325 649 3396 ineerta.
697 3317 781 3392 Noa
796 3328 849 3390 est
863 3311 959 3386 enim
974 3302 1262 3404 philosophicum
1311 3321 1347 3380 et
1367 3305 1519 3378 verbum
1542 3326 1624 3377 caro
1645 3303 1779 3378 factum
1803 3313 1874 3389 est,
1898 3311 1959 3374 aut
1976 3285 2204 3372 obscurissime
2217 3282 2263 3344 aut

277 3438 456 3512 affirmare
476 3428 614 3500 incerta
628 3444 695 3518 pro
712 3419 837 3506 certis,
861 3428 924 3490 aut
938 3413 1112 3488 affirmare
1124 3407 1263 3504 aliquid
1312 3407 1554 3482 talsodietum
1569 3420 1631 3480 est.

1054 3769 1522 3812 m·
1608 3749 1613 3766 '
