4706 5818
219 357 318 440 roto
455 347 667 430 scarum
691 344 769 420 nn.
794 338 911 416 nun
934 335 1004 412 nn
1030 333 1159 414 mss.
1184 329 1327 413 onor.
1353 331 1420 408 m
1445 328 1638 414 annos.
1663 319 1983 412 senosanam
2149 341 2255 412 1020
2341 333 2346 350 “

221 551 255 608 ει
271 532 352 606 aliis
360 523 565 620 Prophetis,
591 544 656 594 nec
670 517 777 590 luisse
791 514 879 584 duas
894 523 1037 582 naturas
1052 502 1210 584 inlibri-
1260 505 1365 578 obvia
1381 501 1483 592 sunt,
1507 529 1597 601 quac
1616 506 1842 582 illustrantur
1857 533 1897 580 ex
1914 509 2077 582 doctrina
2092 510 2137 578 de
2152 531 2255 578 com-

221 651 276 708 sto
304 632 440 703 unione
462 623 686 723 hypostatica
707 615 837 688 unitas.
897 607 983 680 ldeo
1007 611 1134 680 solitus
1156 624 1210 684 est
1261 608 1503 680 munientione
1518 606 1741 686 idiomatum.

222 738 355 808 dicere:
390 730 475 802 Noli
505 725 652 818 gloriari
683 717 832 798 ludaec,
862 735 938 782 non
967 711 1064 780 enim
1092 708 1210 781 Deum
1362 705 1459 780 Haec
1481 731 1738 791 commemoro,
1772 721 1813 779 ut
1835 707 1988 801 intelligi
2013 711 2143 803 possit,
2179 708 2254 779 Ne-
2345 689 2346 714 ¹

158 853 160 860 '
223 833 445 918 crucifixisti,
470 831 531 902 sed
551 823 749 897 hominem.
800 812 880 884 Hoc
902 834 982 884 cum
1006 812 1211 904 plausibili·
1261 808 1364 881 storii
1391 810 1667 882 controversiam
1695 834 1769 882 non
1797 809 1907 880 foisse
1930 807 2184 912 λογομαχίαγ,
2218 825 2254 880 et

223 955 278 1011 ter
296 937 487 1017 diceretur,
514 926 641 999 habuit
657 921 851 992 multorum
868 914 997 986 studia.
1049 911 1211 1008 Cumque
1261 910 1292 982 si
1312 925 1398 983 tunc
1416 934 1560 1006 quoque
1572 910 1636 982 alii
1651 912 1756 984 aliter
1771 909 2030 986 iudicaverunt
2081 913 2255 1008 Synodus

223 1037 400 1120 saniores,
429 1033 493 1128 qni
514 1027 661 1098 insidias
684 1017 948 1108 intelligebant,
979 1012 1212 1086 adversaren·
1261 1006 1396 1103 Ephesi
1424 1013 1592 1088 convenit
1621 1036 1717 1086 anno
1739 1007 1875 1085 Christi
1898 1015 2253 1108 quadringentesimo

223 1156 285 1212 tur
304 1139 356 1222 ei,
382 1132 597 1206 excusabant
613 1148 694 1218 eum
710 1119 785 1204 sui,
811 1119 906 1212 quod
923 1129 1101 1187 certamen
1117 1115 1211 1188 inter
1261 1112 1439 1184 tricesimo
1468 1113 1616 1206 quinto,
1648 1137 1744 1184 anno
1766 1108 1964 1186 Theodosii
1986 1116 2133 1187 secundi
2156 1115 2253 1182 vice-

225 1242 343 1334 ipsum
363 1251 398 1307 et
420 1230 638 1304 adversarios
658 1215 868 1321 λογομαχία
889 1218 1080 1290 videretur.
1138 1215 1211 1288 Sed
1261 1213 1353 1285 simo
1384 1227 1523 1307 quarto·
1586 1212 1672 1286 Fuit
1699 1214 1913 1287 turbulenta.
1969 1215 2061 1288 Nam
2093 1213 2253 1310 Cyrillus

224 1343 340 1432 reipsa
354 1355 577 1428 nequaquam
592 1329 658 1400 fuit
672 1315 893 1422 λογομαχία.
942 1315 1063 1388 Etiam
1079 1330 1212 1390 veteres
1262 1313 1529 1386 Alexandrinus
1541 1309 1740 1409 Episcopus
1761 1339 1842 1386 cum
1864 1317 1938 1387 suis
1956 1318 2254 1407 suffragatoribus

226 1442 373 1536 quidam
396 1436 641 1506 iudicaverunt
660 1450 741 1496 eum
757 1441 930 1494 renovare
944 1415 1130 1490 lodoicum
1146 1417 1212 1490 Sa·
1262 1415 1446 1487 damnavit
1469 1414 1686 1489 Nestorium.
1745 1411 1925 1488 lohannes
1945 1413 2194 1490 Antiochenns
2218 1430 2255 1486 et

225 1538 400 1612 moseteni
421 1538 566 1623 dogma,
597 1527 736 1601 etiamsi
756 1525 940 1616 aliquanto
964 1521 1068 1590 aliter
1088 1519 1212 1612 pinge-
1263 1516 1339 1587 eius
1363 1517 1612 1607 suffragatores
1634 1530 1845 1590 excusarunt
1861 1542 1959 1604 eum,
1985 1531 2021 1589 et
2034 1517 2172 1613 Cyrillo
2188 1519 2254 1585 ad-

226 1654 301 1726 ret,
330 1640 420 1709 sicut
440 1658 542 1726 saepe
561 1642 770 1704 renovatum
795 1637 865 1705 est,
891 1636 926 1694 et
947 1621 1108 1693 existimo
1130 1645 1211 1692 eum
1263 1618 1392 1687 versati
1409 1631 1502 1688 sunt.
1538 1615 1608 1688 Sed
1617 1616 1773 1712 Cyrillus
1789 1619 2128 1702 rectissimedocuit,
2149 1617 2254 1690 aliter

226 1763 306 1814 suas
323 1737 528 1833 praestigias
544 1735 588 1805 ad
605 1733 705 1803 illam
720 1739 850 1796 metam
867 1722 1045 1798 direxisse.
1263 1710 1377 1816 λόγον
1399 1719 1438 1787 in
1457 1711 1601 1789 Christo
1625 1741 1715 1805 esse,
1740 1720 1843 1791 aliter
1865 1719 1905 1790 in
1920 1718 2026 1792 Helia
2048 1734 2084 1793 et
2105 1720 2146 1788 in
2169 1719 2251 1786 aliis

1264 1815 1462 1911 Prophefig
1521 1816 1607 1890 Post
1629 1820 1839 1905 discessum,
1870 1845 1951 1892 cum
1973 1816 2132 1890 Ecclesia
2153 1817 2252 1890 Con-

328 1936 538 2012 Ostendunt
558 1946 593 2002 et
604 1933 740 2026 decreta
756 1938 877 1998 contra
891 1922 1095 1996 Nestorium
1113 1924 1215 2008 iacta,
1265 1920 1578 2010 stantinopolitana
1597 1923 1764 2011 probaret
1778 1920 1906 2015 Cyrilli
1922 1920 2152 2004 sententiam,
2176 1919 2253 1989 Ne.

227 2041 501 2115 controversiam
522 2033 631 2106 fuisse
652 2032 752 2100 dere
766 2026 940 2110 maxima,
962 2047 1036 2095 non
1051 2029 1215 2123 λογομα-
1265 2022 1396 2093 storius
1417 2021 1456 2090 in
1478 2021 1555 2092 loca
1578 2022 1760 2092 barbarica
1783 2023 1874 2092 infra
1898 2017 2042 2092 Thebas
2056 2019 2253 2113 Aegyptias

223 2139 326 2236 λίαν·
392 2141 453 2213 Sic
475 2137 570 2209 enim
593 2131 753 2225 loquitur
776 2130 972 2197 decretum:
1005 2124 1149 2218 siquis
1174 2124 1214 2193 in
1265 2123 1439 2210 relegatus
1454 2133 1525 2206 est,
1550 2122 1612 2190 ubi
1630 2123 1668 2190 in
1684 2123 1791 2193 exilio
1807 2123 1975 2193 scribitur
1989 2131 2152 2192 mortuus
2169 2143 2257 2202 esse,

227 2240 371 2316 Christo
386 2241 550 2312 dividens
564 2224 784 2307 ὑποστάσεις
799 2241 878 2318 post
890 2226 1081 2306 unionem,
1108 2237 1142 2298 et
1158 2224 1215 2294 di.
1264 2222 1386 2311 lingua
1408 2233 1616 2311 consumpta
1643 2245 1663 2292 a
1688 2223 1881 2299 vermibus.
1931 2218 2106 2294 Existimo
2133 2222 2255 2311 ipsum

228 2356 310 2415 cen's
324 2335 437 2441 λόγον
451 2339 682 2410 coniunctum
697 2330 804 2400 fuisse
819 2324 959 2398 homini
973 2327 1137 2398 societate
1153 2347 1216 2395 scu
1265 2317 1460 2394 Phthiriasi
1478 2321 1669 2392 extinctum
1686 2343 1770 2397 esse.

229 2456 416 2536 potestate,
458 2463 531 2510 non
565 2431 719 2503 naturali
749 2429 901 2513 unione,
939 2422 1127 2498 anathema
1157 2427 1216 2496 sit.
1366 2423 1462 2492 Ante
1482 2419 1637 2492 Nestorii
1658 2436 1835 2494 certamen
1854 2423 1981 2494 accidit
1997 2420 2253 2496 Constantino-

228 2543 325 2614 Hinc
351 2556 387 2613 et
410 2539 573 2610 doctrina
597 2535 642 2604 de
663 2527 984 2601 communicatione
1007 2527 1215 2598 idiomatum
1265 2520 1341 2614 poli
1368 2523 1407 2592 in
1438 2523 1571 2612 templo
1600 2523 1772 2612 tragicum
1798 2525 2015 2615 exemplum,
2048 2523 2145 2617 quod
2168 2537 2254 2593 tunc

229 2643 357 2714 tradita
381 2655 443 2713 e'st.
492 2635 693 2726 Pugnatum
711 2643 762 2700 est
777 2631 822 2698 de
840 2624 897 2698 his
911 2627 1216 2720 propositionibus
1266 2647 1408 2716 quoque
1429 2623 1533 2694 multi
1546 2623 1712 2693 dixerunt
1726 2623 1867 2714 signum
1882 2646 1956 2694 esse
1973 2622 2087 2694 futuri
2102 2623 2255 2692 dissidii,

229 2742 458 2836 loquentibus
488 2741 533 2809 de
553 2731 713 2810 Christo:
746 2729 843 2800 Deus
874 2741 924 2800 est
945 2750 1088 2819 passos,
1120 2724 1216 2797 Deus
1265 2723 1509 2814 Confugerant
1536 2723 1576 2792 in
1604 2723 1775 2815 templum
1803 2723 1940 2817 aliquot
1969 2725 2082 2809 servi,
2123 2722 2254 2816 quihus

230 2857 282 2915 est
312 2842 512 2925 crucifixus,
544 2850 586 2908 ut
613 2834 761 2904 sciretur
781 2825 876 2900 hanc
900 2851 1087 2919 personam
1110 2822 1218 2900 Chri·
1266 2825 1434 2896 dominus
1463 2846 1587 2894 eorum
1617 2822 1749 2894 atrocia
1776 2825 1933 2896 minatus
1955 2836 2039 2896 erat.
2092 2821 2255 2914 Cumque
2345 2815 2346 2820 ’

230 2957 324 3015 stum
338 2965 412 3014 esse
427 2938 563 3022 Deum,
588 2959 652 3006 nec
667 2926 932 3030 lilyovtabtnm
947 2929 1087 3000 affuisse
1101 2929 1152 2997 ei:
1176 2939 1217 2998 ut
1267 2925 1477 2994 iuberentur
1504 2923 1640 3012 egredi,
1672 2924 1800 3012 gladiis
1829 2925 2049 3017 repellebant
2078 2920 2257 3007 homines,
2345 2953 2346 3000 1

229 3040 333 3115 Eliae
355 3056 415 3113 aut
435 3041 514 3112 aliis
527 3031 735 3129 Prophetis:
761 3031 978 3102 Nominatur
996 3031 1091 3099 enim
1106 3029 1229 3116 ligura·
1267 3026 1409 3096 tandem
1437 3036 1472 3093 et
1500 3023 1687 3094 interfecto
1711 3027 1893 3096 sacerdote
1919 3038 1953 3095 et
1976 3025 2256 3112 aliovnloerato
2345 3019 2346 3076 ἓ

230 3143 403 3237 loquendi
417 3137 690 3211 communicatio
705 3134 933 3214 idiomatum,
958 3154 1038 3201 cnm
1055 3129 1217 3219 proprie-
1267 3125 1400 3213 seipsos
1427 3123 1480 3192 ibi
1510 3123 1773 3199 interfecerunt.
1823 3121 1878 3198 Ea
1906 3128 1950 3195 de
1980 3150 2018 3196 re
2050 3126 2143 3196 dmi
2171 3137 2255 3195 ,unt
2345 3175 2346 3188 χ

231 3255 285 3314 tas
306 3243 371 3312 uni
393 3255 540 3311 naturae
562 3235 778 3307 conveniens
798 3230 970 3300 tribuitur
990 3251 1159 3318 personae
1178 3227 1217 3294 in
1267 3245 1389 3294 versus
1408 3222 1508 3313 digni
1535 3222 1724 3294 memoria:

232 3354 414 3425 concreto,
445 3351 485 3410 ut
508 3337 724 3428 significetur
743 3333 782 3403 in
802 3353 843 3399 ea
867 3350 1016 3420 persona
1041 3331 1128 3398 duas
1152 3350 1218 3397 na-
1438 3343 1554 3420 σημεῖα
1574 3331 1636 3420 γᾶρ
1657 3337 1790 3402 τοιαῦτα
1809 3341 1978 3422 γίγνεσθαι
2001 3346 2091 3424 φιλεῖ

233 3458 330 3514 toras
360 3463 434 3512 esse
458 3440 575 3512 unitas
599 3436 735 3510 unione
757 3427 987 3526 hypostatica.
1053 3425 1217 3499 Vetustas
1436 3419 1514 3485 ὅταν
1536 3443 1567 3483 τι
1589 3428 1682 3496 ναοῖς
1702 3419 1920 3507 spectarasne
1939 3429 2047 3508 μίσος,

234 3566 297 3614 usa
322 3556 376 3612 est
398 3537 463 3612 hac
485 3537 735 3610 similitudine:
767 3534 868 3604 Siout
891 3530 1010 3602 anima
1033 3543 1069 3602 et
1090 3549 1218 3619 corpus
1367 3523 1453 3596 Fuit
1466 3521 1691 3596 Theodosius
1707 3527 1881 3598 secundus
1895 3526 2059 3620 princeps
2074 3529 2183 3596 laude
2201 3530 2258 3596 di-

233 3657 446 3715 sontunum
462 3641 675 3732 completum
691 3625 968 3730 ὑφιστάμενον,
995 3631 1062 3714 ita,
1085 3629 1218 3700 utani-
1268 3648 1358 3717 gnus
1388 3637 1534 3718 propter
1560 3623 1746 3716 pietatem,
1777 3628 1971 3713 iusticiam,
1987 3625 2199 3700 ‘castitatem
2224 3643 2258 3699 et
2345 3679 2346 3684 η

235 3768 292 3814 ma
316 3755 425 3832 gestet
448 3763 593 3832 corpus,
618 3737 716 3833 quod
737 3732 944 3806 dissolvitor
961 3732 1007 3800 ab
1020 3730 1139 3800 anima
1156 3731 1218 3800 de-
1268 3725 1488 3797 modestiam.
1511 3721 1678 3796 *Profuit
1695 3726 1770 3797 eius
1787 3727 1997 3816 gubernatio
2006 3725 2193 3813 Ecclesiis,
2219 3730 2257 3799 in
2345 3811 2346 3816 Ἰ

236 3858 385 3914 sertum:
412 3842 472 3914 Sic
492 3833 601 3938 λόγος
620 3848 728 3928 gestat
751 3848 914 3920 naturam
929 3826 1123 3900 humanam
1138 3829 1218 3898 ani·
1269 3851 1339 3922 qua
1367 3826 1477 3897 multa
1501 3839 1596 3896 recte
1617 3827 1688 3916 egit
1710 3823 1921 3898 Pulcheriae
1941 3831 2074 3900 sororis
2096 3831 2260 3914 consilio,
2345 3817 2346 3820 ¹

198 4011 201 4018 .
235 3965 331 4013 mam
355 3955 389 4014 et
409 3963 554 4032 corpus,
580 3941 639 4008 sed
661 3933 956 4025 inseparabiliter.
1006 3927 1115 4002 Extat
1133 3926 1218 3999 haec
1270 3942 1305 4000 et
1319 3925 1418 3999 Deus
1439 3949 1519 3998 eum
1542 3939 1664 3998 contra
1684 3925 1847 3998 inimicos
1857 3924 2066 4011 Bullinum,
2093 3928 2259 4010 cainam,

237 4044 434 4115 similitudo
455 4041 549 4133 apud
573 4034 828 4115 Athanasium,
857 4028 1034 4124 Cyrillnm
1057 4045 1093 4104 et
1113 4028 1218 4104 lusti·
1269 4028 1394 4099 Persas
1407 4038 1441 4099 et
1454 4028 1719 4098 aliosbarbaros
1731 4029 1943 4102 mirabiliter
1955 4033 2125 4104 defendit.
2167 4031 2256 4102 Pro-

237 4167 342 4227 num,
374 4143 438 4238 qui
465 4155 584 4214 tamen
608 4137 709 4211 addit
731 4131 998 4206 correctionem:
1029 4155 1126 4212 τινες
1149 4125 1221 4223 μὲν
1269 4130 1355 4202 terit
1375 4129 1480 4200 etiam
1503 4134 1582 4198 enm
1608 4128 1775 4200 adversus
1798 4124 1967 4218 Attilam,
1999 4155 2115 4228 aquo
2139 4143 2259 4203 tamen

236 4243 311 4339 τὴν
320 4242 452 4318 ἕνωσιν
466 4239 590 4337 ὥσπερ
603 4230 823 4338 misticis
832 4237 940 4325 σῶμα
948 4224 1148 4324 νοήσαντες
1155 4228 1220 4304 οὕ·
1269 4253 1390 4324 pacem
1411 4229 1496 4300 emit
1512 4230 1593 4298 data
1608 4253 1733 4320 magna
1751 4231 1910 4323 pecnnia.

237 4371 311 4428 τως
324 4337 584 4428 ἐκδεδώκασιν,
610 4335 673 4413 καὶ
684 4330 867 4434 ἁρμόδιον
875 4359 919 4432 γε
928 4327 972 4404 τὸ
983 4325 1220 4430 παράδειγμα
1372 4327 1451 4400 Hoc
1480 4331 1557 4421 ipso
1583 4341 1743 4423 tempore
1767 4355 1842 4402 non
1866 4331 1980 4403 multo
2003 4346 2083 4402 ame
2105 4347 2259 4408 mortem

240 4449 270 4520 el
289 4443 353 4519 scoti
374 4442 426 4538 μὴ
448 4439 544 4517 κατὰ
566 4435 690 4514 πάντα
714 4432 810 4510 κατὰ
828 4458 865 4507 τι
880 4438 987 4533 γοῦν.
1038 4431 1087 4505 Ει
1103 4447 1220 4504 tamen
1271 4427 1465 4502 Theodosii
1480 4443 1574 4508 mota
1590 4443 1641 4500 est
1651 4432 1806 4523 primum
1819 4426 1993 4528 Eutychis
2005 4435 2261 4509 controversia.

241 4564 281 4620 nt
302 4547 496 4618 retineatur
516 4543 705 4614 discrimen
727 4551 954 4617 naturarum,
977 4557 1052 4605 non
1074 4535 1221 4605 dicitur:
1270 4530 1313 4603 ln
1338 4527 1406 4600 hoc
1432 4545 1610 4624 postremo
1629 4546 1712 4604 actu
1732 4533 1803 4604 fuit
1823 4533 2000 4604 incautior
2021 4526 2262 4621 Theodosius,

240 4645 418 4718 Divinitas
441 4660 492 4716 est
515 4667 635 4736 passa,
660 4640 743 4736 quia
766 4637 977 4708 vocabulum
994 4638 1032 4706 iu
1048 4635 1220 4707 abstracto
1270 4634 1331 4702 sed
1347 4633 1486 4724 culpam
1500 4631 1576 4724 ipse
1589 4655 1730 4727 quoqne
1746 4632 1785 4702 in
1796 4657 1941 4704 uxorem
1958 4629 2156 4704 Eudoxiam
2171 4657 2261 4704 con-

242 4749 411 4836 significat
427 4760 591 4817 naturam
609 4742 802 4814 secondum
816 4759 853 4808 se
867 4736 1134 4820 consideratam,
1160 4737 1221 4806 sed
1272 4734 1371 4818 tulit,
1396 4757 1487 4826 quae
1502 4734 1618 4804 fuerat
1630 4733 1776 4830 aequior
1788 4735 1935 4804 factio-ni
1948 4729 2140 4829 Eutychis,
2165 4735 2260 4806 sicut

243 4865 402 4920 concreta
424 4847 622 4940 significant
642 4863 848 4935 personam,
878 4839 916 4907 in
938 4861 1007 4930 qua
1027 4850 1111 4907 sunt
1132 4837 1222 4906 duae
1272 4847 1447 4905 extremus
1470 4847 1567 4906 actus
1580 4829 1806 4907 Constantini
1824 4859 1905 4904 eum
1925 4835 2104 4906 revocavit
2117 4832 2260 4921 Arium,

244 4959 402 5019 naturae.
470 4947 519 5019 Et
544 4943 610 5016 hac
639 4942 799 5015 doctrina
830 4941 873 5008 de
904 4938 1222 5008 communicatione
1272 4933 1339 5005 fuit
1359 4933 1525 5016 infoelix,
1552 4959 1656 5028 quem
1680 4935 1783 5006 stiam
1809 4935 1939 5006 mulier
1960 4959 2061 5006 soror
2079 4933 2259 5007 Constan-

124 5041 128 5058 '
243 5047 451 5116 idiomatum
475 5069 563 5138 opos
584 5069 656 5116 esse
676 5040 826 5129 intelligi
846 5049 959 5130 potest
976 5037 1224 5109 exmultisdi-
1272 5035 1340 5106 tini
1361 5049 1508 5108 rexerat.
1559 5033 1650 5108 Cum
1668 5037 1974 5106 autemdiscordia
1994 5033 2258 5108 interPulche-

245 5149 310 5218 ctis
335 5141 487 5218 Christi:
514 5147 712 5242 Antequam
739 5136 921 5214 Abraham
943 5151 1134 5225 natusest,
1159 5163 1222 5229 ego
1272 5135 1362 5208 riam
1384 5131 1631 5207 etEudoxiam
1649 5135 1849 5217 incidisset,
1875 5137 1974 5208 cessit
1991 5132 2197 5223 Pulcheria,
2224 5155 2258 5210 et

121 5323 130 5340 ¹
245 5269 334 5320 sirm,
385 5241 598 5334 Ubicunque
625 5261 707 5316 sunt
736 5245 809 5312 duo
838 5254 901 5312 aut
928 5254 998 5311 tres
1023 5241 1222 5330 congregati
1273 5235 1470 5310 Eudoxiam
1498 5237 1699 5326 incidisset,
1731 5239 1833 5308 cessit
1854 5232 2059 5320 Pulcheria,
2093 5253 2127 5308 et
2147 5240 2258 5310 absti-

244 5349 283 5416 in
309 5345 453 5414 nomine
478 5360 578 5422 meo,
610 5346 649 5411 in
671 5345 789 5415 medio
813 5363 936 5412 eorum
960 5363 1049 5416 sum.
1115 5339 1224 5432 Aspi-
1273 5339 1352 5408 nnit
1380 5363 1400 5408 a
1428 5337 1585 5408 consiliis
1607 5339 1895 5427 gubernationis,
1928 5339 2007 5408 ideo
2030 5337 2168 5411 facilins
2189 5341 2259 5412 fuit

245 5449 338 5516 cient
359 5463 414 5512 me
436 5461 541 5534 qoem
561 5439 789 5518 confixerunt.
840 5440 942 5512 'l’alia
960 5441 1053 5513 dicta
1069 5440 1221 5534 plurima
1273 5437 1457 5511 Eudoxias
1471 5437 1562 5510 tueri
1578 5450 1611 5509 et
1625 5435 1773 5510 evehere
1789 5460 1878 5532 qnos
1894 5439 2047 5515 volebat.

398 5747 529 5786 ,—
591 5756 599 5766 .
