<?xml version="1.0" encoding="UTF-8"?>
<!DOCTYPE html PUBLIC "-//W3C//DTD XHTML 1.0 Transitional//EN"
    "http://www.w3.org/TR/xhtml1/DTD/xhtml1-transitional.dtd">
<html xmlns="http://www.w3.org/1999/xhtml" xml:lang="en" lang="en">
 <head>
  <title>
</title>
<meta http-equiv="Content-Type" content="text/html;charset=utf-8" />
  <meta name='ocr-system' content='tesseract 3.04.00' />
  <meta name='ocr-capabilities' content='ocr_page ocr_carea ocr_par ocr_line ocrx_word'/>
</head>
<body>
  <div class='ocr_page' id='page_1' title='image "./corpusreformato13melagoog_0112.png"; bbox 0 0 4696 5820; ppageno 0'>
   <div class='ocr_carea' id='block_1_1' title="bbox 76 327 2111 446">
    <p class='ocr_par' dir='ltr' id='par_1_1' title="bbox 76 327 2111 446">
     <span class='ocr_line' id='line_1_1' title="bbox 76 327 2111 446; baseline -0.002 -28"><span class='ocrx_word' id='word_1_1' title='bbox 76 347 157 424; x_wconf 73' lang='lat' dir='ltr'>ooo</span> <span class='ocrx_word' id='word_1_2' title='bbox 253 381 257 387; x_wconf 89' lang='lat'><em>-</em></span> <span class='ocrx_word' id='word_1_3' title='bbox 482 327 1590 436; x_wconf 69' lang='lat' dir='ltr'>naun-nnrucaroranarnumacana</span> <span class='ocrx_word' id='word_1_4' title='bbox 1622 353 1704 414; x_wconf 70' lang='lat' dir='ltr'>nc.</span> <span class='ocrx_word' id='word_1_5' title='bbox 2016 343 2111 446; x_wconf 72' lang='lat' dir='ltr'>aas</span> 
     </span>
    </p>
   </div>
   <div class='ocr_carea' id='block_1_2' title="bbox 77 485 2103 708">
    <p class='ocr_par' dir='ltr' id='par_1_2' title="bbox 77 485 2103 708">
     <span class='ocr_line' id='line_1_2' title="bbox 78 485 2103 606; baseline -0.003 -17"><span class='ocrx_word' id='word_1_6' title='bbox 78 532 113 589; x_wconf 85' lang='lat' dir='ltr'>et</span> <span class='ocrx_word' id='word_1_7' title='bbox 136 513 361 590; x_wconf 80' lang='lat' dir='ltr'>mirabilium</span> <span class='ocrx_word' id='word_1_8' title='bbox 384 512 693 604; x_wconf 73' lang='lat' dir='ltr'>significationum.</span> <span class='ocrx_word' id='word_1_9' title='bbox 760 507 895 606; x_wconf 81' lang='lat' dir='ltr'>Estque</span> <span class='ocrx_word' id='word_1_10' title='bbox 918 509 1069 584; x_wconf 86' lang='lat' dir='ltr'>utilissi·</span> <span class='ocrx_word' id='word_1_11' title='bbox 1120 509 1230 582; x_wconf 86' lang='lat' dir='ltr'>fertus</span> <span class='ocrx_word' id='word_1_12' title='bbox 1253 503 1436 599; x_wconf 87' lang='lat' dir='ltr'>pulmoni,</span> <span class='ocrx_word' id='word_1_13' title='bbox 1461 506 1519 576; x_wconf 86' lang='lat' dir='ltr'>cui</span> <span class='ocrx_word' id='word_1_14' title='bbox 1542 506 1615 578; x_wconf 92' lang='lat' dir='ltr'>duo</span> <span class='ocrx_word' id='word_1_15' title='bbox 1639 507 1775 577; x_wconf 85' lang='lat' dir='ltr'>canales</span> <span class='ocrx_word' id='word_1_16' title='bbox 1794 485 1966 584; x_wconf 55' lang='lat' dir='ltr'>ex&#39;corde</span> <span class='ocrx_word' id='word_1_17' title='bbox 1983 515 2103 588; x_wconf 84' lang='lat' dir='ltr'>emissi</span> 
     </span>
     <span class='ocr_line' id='line_1_3' title="bbox 77 606 2102 708; baseline 0 -20"><span class='ocrx_word' id='word_1_18' title='bbox 77 643 175 708; x_wconf 81' lang='lat' dir='ltr'>mum</span> <span class='ocrx_word' id='word_1_19' title='bbox 198 618 245 689; x_wconf 91' lang='lat' dir='ltr'>ad</span> <span class='ocrx_word' id='word_1_20' title='bbox 268 617 550 697; x_wconf 83' lang='lat' dir='ltr'>confirmandam</span> <span class='ocrx_word' id='word_1_21' title='bbox 570 615 815 700; x_wconf 80' lang='lat' dir='ltr'>adsensionem</span> <span class='ocrx_word' id='word_1_22' title='bbox 837 617 881 683; x_wconf 91' lang='lat' dir='ltr'>de</span> <span class='ocrx_word' id='word_1_23' title='bbox 897 611 973 686; x_wconf 88' lang='lat' dir='ltr'>Deo</span> <span class='ocrx_word' id='word_1_24' title='bbox 988 612 1068 702; x_wconf 90' lang='lat' dir='ltr'>opi·</span> <span class='ocrx_word' id='word_1_25' title='bbox 1120 621 1323 682; x_wconf 89' lang='lat' dir='ltr'>occurrunt.</span> <span class='ocrx_word' id='word_1_26' title='bbox 1365 606 1465 678; x_wconf 83' lang='lat' dir='ltr'>Vena</span> <span class='ocrx_word' id='word_1_27' title='bbox 1480 607 1653 678; x_wconf 84' lang='lat' dir='ltr'>arterialis</span> <span class='ocrx_word' id='word_1_28' title='bbox 1670 609 1924 682; x_wconf 77' lang='lat' dir='ltr'>nutrimentum</span> <span class='ocrx_word' id='word_1_29' title='bbox 1939 617 2102 688; x_wconf 88' lang='lat' dir='ltr'>adferens</span> 
     </span>
    </p>
   </div>
   <div class='ocr_carea' id='block_1_3' title="bbox 76 708 2222 812">
    <p class='ocr_par' dir='ltr' id='par_1_3' title="bbox 76 708 2222 812">
     <span class='ocr_line' id='line_1_4' title="bbox 76 708 2222 812; baseline -0.001 -22"><span class='ocrx_word' id='word_1_30' title='bbox 76 719 158 802; x_wconf 84' lang='lat' dir='ltr'>fiee,</span> <span class='ocrx_word' id='word_1_31' title='bbox 186 740 292 812; x_wconf 89' lang='lat' dir='ltr'>saepe</span> <span class='ocrx_word' id='word_1_32' title='bbox 315 718 448 789; x_wconf 87' lang='lat' dir='ltr'>intueri</span> <span class='ocrx_word' id='word_1_33' title='bbox 469 740 533 799; x_wconf 80' lang='lat' dir='ltr'>nus</span> <span class='ocrx_word' id='word_1_34' title='bbox 557 717 672 806; x_wconf 86' lang='lat' dir='ltr'>ipsos,</span> <span class='ocrx_word' id='word_1_35' title='bbox 696 729 735 790; x_wconf 87' lang='lat' dir='ltr'>ut</span> <span class='ocrx_word' id='word_1_36' title='bbox 756 737 813 786; x_wconf 89' lang='lat' dir='ltr'>ars</span> <span class='ocrx_word' id='word_1_37' title='bbox 836 715 876 785; x_wconf 91' lang='lat' dir='ltr'>in</span> <span class='ocrx_word' id='word_1_38' title='bbox 898 713 1069 784; x_wconf 88' lang='lat' dir='ltr'>membris</span> <span class='ocrx_word' id='word_1_39' title='bbox 1118 710 1302 804; x_wconf 91' lang='lat' dir='ltr'>pulmoni,</span> <span class='ocrx_word' id='word_1_40' title='bbox 1334 721 1368 778; x_wconf 88' lang='lat' dir='ltr'>et</span> <span class='ocrx_word' id='word_1_41' title='bbox 1390 711 1518 780; x_wconf 91' lang='lat' dir='ltr'>arteria</span> <span class='ocrx_word' id='word_1_42' title='bbox 1543 708 1695 795; x_wconf 88' lang='lat' dir='ltr'>venalis,</span> <span class='ocrx_word' id='word_1_43' title='bbox 1726 713 1841 780; x_wconf 75' lang='lat' dir='ltr'>ae‘rern</span> <span class='ocrx_word' id='word_1_44' title='bbox 1866 714 1906 784; x_wconf 94' lang='lat' dir='ltr'>in</span> <span class='ocrx_word' id='word_1_45' title='bbox 1931 717 2102 805; x_wconf 78' lang='lat' dir='ltr'><strong>pulmone</strong></span> <span class='ocrx_word' id='word_1_46' title='bbox 2219 715 2222 720; x_wconf 73' lang='grc'><strong>’</strong></span> 
     </span>
    </p>
   </div>
   <div class='ocr_carea' id='block_1_4' title="bbox 76 806 2114 3821">
    <p class='ocr_par' dir='ltr' id='par_1_4' title="bbox 76 806 2114 3821">
     <span class='ocr_line' id='line_1_5' title="bbox 77 806 2102 904; baseline 0 -16"><span class='ocrx_word' id='word_1_47' title='bbox 77 819 212 888; x_wconf 86' lang='lat' dir='ltr'>nastris</span> <span class='ocrx_word' id='word_1_48' title='bbox 236 817 527 888; x_wconf 80' lang='lat' dir='ltr'><strong>commonefaciat</strong></span> <span class='ocrx_word' id='word_1_49' title='bbox 550 841 633 904; x_wconf 90' lang='lat' dir='ltr'>nos,</span> <span class='ocrx_word' id='word_1_50' title='bbox 665 841 741 888; x_wconf 91' lang='lat' dir='ltr'>uon</span> <span class='ocrx_word' id='word_1_51' title='bbox 763 839 846 888; x_wconf 89' lang='lat' dir='ltr'>casu</span> <span class='ocrx_word' id='word_1_52' title='bbox 869 838 909 885; x_wconf 85' lang='lat' dir='ltr'>ea</span> <span class='ocrx_word' id='word_1_53' title='bbox 929 815 1070 886; x_wconf 88' lang='lat' dir='ltr'>conflu-</span> <span class='ocrx_word' id='word_1_54' title='bbox 1120 810 1314 900; x_wconf 78' lang='lat' dir='ltr'>excipiens.</span> <span class='ocrx_word' id='word_1_55' title='bbox 1339 821 1373 878; x_wconf 89' lang='lat' dir='ltr'>et</span> <span class='ocrx_word' id='word_1_56' title='bbox 1395 833 1436 878; x_wconf 85' lang='lat' dir='ltr'>er</span> <span class='ocrx_word' id='word_1_57' title='bbox 1458 812 1563 880; x_wconf 89' lang='lat' dir='ltr'>corde</span> <span class='ocrx_word' id='word_1_58' title='bbox 1580 813 1694 880; x_wconf 91' lang='lat' dir='ltr'>fumos</span> <span class='ocrx_word' id='word_1_59' title='bbox 1710 806 1878 900; x_wconf 87' lang='lat' dir='ltr'>evehens,</span> <span class='ocrx_word' id='word_1_60' title='bbox 1901 816 2008 888; x_wconf 85' lang='lat' dir='ltr'>simul</span> <span class='ocrx_word' id='word_1_61' title='bbox 2020 844 2102 890; x_wconf 89' lang='lat' dir='ltr'>cum</span> 
     </span>
     <span class='ocr_line' id='line_1_6' title="bbox 76 907 2102 1008; baseline -0.005 -16"><span class='ocrx_word' id='word_1_62' title='bbox 76 922 170 992; x_wconf 80' lang='lat' dir='ltr'>risse</span> <span class='ocrx_word' id='word_1_63' title='bbox 194 941 238 990; x_wconf 82' lang='lat' dir='ltr'>ex</span> <span class='ocrx_word' id='word_1_64' title='bbox 260 918 461 1005; x_wconf 80' lang='lat' dir='ltr'>Democriti</span> <span class='ocrx_word' id='word_1_65' title='bbox 481 919 626 1004; x_wconf 82' lang='lat' dir='ltr'>atomis,</span> <span class='ocrx_word' id='word_1_66' title='bbox 658 921 718 987; x_wconf 90' lang='lat' dir='ltr'>sed</span> <span class='ocrx_word' id='word_1_67' title='bbox 741 939 921 988; x_wconf 83' lang='lat' dir='ltr'>vereesss</span> <span class='ocrx_word' id='word_1_68' title='bbox 941 915 1070 1008; x_wconf 84' lang='lat' dir='ltr'>Deum,</span> <span class='ocrx_word' id='word_1_69' title='bbox 1120 911 1275 982; x_wconf 89' lang='lat' dir='ltr'>arteriali</span> <span class='ocrx_word' id='word_1_70' title='bbox 1306 910 1488 1000; x_wconf 87' lang='lat' dir='ltr'>sauguine.</span> <span class='ocrx_word' id='word_1_71' title='bbox 1548 907 1598 978; x_wconf 90' lang='lat' dir='ltr'>Hi</span> <span class='ocrx_word' id='word_1_72' title='bbox 1627 912 1765 984; x_wconf 88' lang='lat' dir='ltr'>canales</span> <span class='ocrx_word' id='word_1_73' title='bbox 1798 930 1967 1005; x_wconf 86' lang='lat' dir='ltr'>spargunt</span> <span class='ocrx_word' id='word_1_74' title='bbox 1994 920 2102 990; x_wconf 69' lang='lat' dir='ltr'>exiles</span> 
     </span>
     <span class='ocr_line' id='line_1_7' title="bbox 76 1012 2102 1109; baseline -0.001 -14"><span class='ocrx_word' id='word_1_75' title='bbox 76 1021 184 1095; x_wconf 81' lang='lat' dir='ltr'>cuius</span> <span class='ocrx_word' id='word_1_76' title='bbox 198 1019 368 1104; x_wconf 90' lang='lat' dir='ltr'>consilio,</span> <span class='ocrx_word' id='word_1_77' title='bbox 392 1032 539 1109; x_wconf 91' lang='lat' dir='ltr'>propter</span> <span class='ocrx_word' id='word_1_78' title='bbox 550 1017 774 1108; x_wconf 80' lang='lat' dir='ltr'>gravissimas</span> <span class='ocrx_word' id='word_1_79' title='bbox 789 1039 909 1089; x_wconf 86' lang='lat' dir='ltr'>causas</span> <span class='ocrx_word' id='word_1_80' title='bbox 924 1030 958 1088; x_wconf 84' lang='lat' dir='ltr'>et</span> <span class='ocrx_word' id='word_1_81' title='bbox 973 1039 1069 1084; x_wconf 89' lang='lat' dir='ltr'>com-</span> <span class='ocrx_word' id='word_1_82' title='bbox 1119 1013 1279 1084; x_wconf 88' lang='lat' dir='ltr'>surculos</span> <span class='ocrx_word' id='word_1_83' title='bbox 1305 1035 1368 1102; x_wconf 90' lang='lat' dir='ltr'>per</span> <span class='ocrx_word' id='word_1_84' title='bbox 1397 1023 1510 1082; x_wconf 90' lang='lat' dir='ltr'>totum</span> <span class='ocrx_word' id='word_1_85' title='bbox 1538 1012 1760 1102; x_wconf 82' lang='lat' dir='ltr'>pulmonem3</span> <span class='ocrx_word' id='word_1_86' title='bbox 1795 1029 1829 1084; x_wconf 90' lang='lat' dir='ltr'>et</span> <span class='ocrx_word' id='word_1_87' title='bbox 1857 1017 1939 1108; x_wconf 88' lang='lat' dir='ltr'>quia</span> <span class='ocrx_word' id='word_1_88' title='bbox 1963 1020 2102 1095; x_wconf 79' lang='lat' dir='ltr'>assidue</span> 
     </span>
     <span class='ocr_line' id='line_1_8' title="bbox 77 1109 2103 1212; baseline 0.001 -24"><span class='ocrx_word' id='word_1_89' title='bbox 77 1120 359 1192; x_wconf 88' lang='lat' dir='ltr'>monefactioues</span> <span class='ocrx_word' id='word_1_90' title='bbox 382 1120 501 1191; x_wconf 88' lang='lat' dir='ltr'>omnia</span> <span class='ocrx_word' id='word_1_91' title='bbox 524 1119 575 1188; x_wconf 90' lang='lat' dir='ltr'>sic</span> <span class='ocrx_word' id='word_1_92' title='bbox 594 1121 683 1189; x_wconf 88' lang='lat' dir='ltr'>facta</span> <span class='ocrx_word' id='word_1_93' title='bbox 705 1131 741 1190; x_wconf 84' lang='lat' dir='ltr'>ct</span> <span class='ocrx_word' id='word_1_94' title='bbox 762 1117 952 1194; x_wconf 84' lang='lat' dir='ltr'>distributa</span> <span class='ocrx_word' id='word_1_95' title='bbox 973 1128 1069 1186; x_wconf 81' lang='lat' dir='ltr'>sunt.</span> <span class='ocrx_word' id='word_1_96' title='bbox 1120 1109 1285 1184; x_wconf 78' lang='lat' dir='ltr'>hauritur</span> <span class='ocrx_word' id='word_1_97' title='bbox 1304 1126 1339 1183; x_wconf 92' lang='lat' dir='ltr'>et</span> <span class='ocrx_word' id='word_1_98' title='bbox 1358 1110 1531 1182; x_wconf 79' lang='lat' dir='ltr'>emittitur</span> <span class='ocrx_word' id='word_1_99' title='bbox 1551 1113 1632 1198; x_wconf 76' lang='lat' dir='ltr'>aiir,</span> <span class='ocrx_word' id='word_1_100' title='bbox 1658 1137 1721 1204; x_wconf 89' lang='lat' dir='ltr'>per</span> <span class='ocrx_word' id='word_1_101' title='bbox 1736 1109 1911 1186; x_wconf 90' lang='lat' dir='ltr'>tracheam</span> <span class='ocrx_word' id='word_1_102' title='bbox 1927 1121 2103 1212; x_wconf 78' lang='lat' dir='ltr'>arteriam,</span> 
     </span>
     <span class='ocr_line' id='line_1_9' title="bbox 78 1213 2103 1311; baseline 0 -21"><span class='ocrx_word' id='word_1_103' title='bbox 78 1219 204 1309; x_wconf 85' lang='lat' dir='ltr'>Longe</span> <span class='ocrx_word' id='word_1_104' title='bbox 229 1219 404 1293; x_wconf 82' lang='lat' dir='ltr'>differunt</span> <span class='ocrx_word' id='word_1_105' title='bbox 426 1220 464 1288; x_wconf 89' lang='lat' dir='ltr'>ia</span> <span class='ocrx_word' id='word_1_106' title='bbox 488 1220 560 1292; x_wconf 86' lang='lat' dir='ltr'>vita</span> <span class='ocrx_word' id='word_1_107' title='bbox 581 1219 810 1308; x_wconf 76' lang='lat' dir='ltr'>gubernatio,</span> <span class='ocrx_word' id='word_1_108' title='bbox 840 1241 931 1311; x_wconf 87' lang='lat' dir='ltr'>quae</span> <span class='ocrx_word' id='word_1_109' title='bbox 950 1216 1070 1288; x_wconf 88' lang='lat' dir='ltr'>nutri-</span> <span class='ocrx_word' id='word_1_110' title='bbox 1120 1230 1154 1285; x_wconf 88' lang='grc' dir='ltr'>ει</span> <span class='ocrx_word' id='word_1_111' title='bbox 1182 1237 1245 1304; x_wconf 91' lang='lat' dir='ltr'>per</span> <span class='ocrx_word' id='word_1_112' title='bbox 1274 1213 1440 1284; x_wconf 87' lang='lat' dir='ltr'>arteriam</span> <span class='ocrx_word' id='word_1_113' title='bbox 1469 1214 1648 1299; x_wconf 85' lang='lat' dir='ltr'>venalem,</span> <span class='ocrx_word' id='word_1_114' title='bbox 1682 1215 1844 1288; x_wconf 85' lang='lat' dir='ltr'>continui</span> <span class='ocrx_word' id='word_1_115' title='bbox 1867 1230 1950 1290; x_wconf 90' lang='lat' dir='ltr'>sunt</span> <span class='ocrx_word' id='word_1_116' title='bbox 1974 1235 2103 1308; x_wconf 82' lang='lat' dir='ltr'>motus,</span> 
     </span>
     <span class='ocr_line' id='line_1_10' title="bbox 78 1312 2104 1412; baseline -0.001 -18"><span class='ocrx_word' id='word_1_117' title='bbox 78 1321 174 1412; x_wconf 83' lang='lat' dir='ltr'>tiuni</span> <span class='ocrx_word' id='word_1_118' title='bbox 195 1321 357 1412; x_wconf 87' lang='lat' dir='ltr'>corporis</span> <span class='ocrx_word' id='word_1_119' title='bbox 378 1321 507 1404; x_wconf 84' lang='lat' dir='ltr'>serait,</span> <span class='ocrx_word' id='word_1_120' title='bbox 537 1333 572 1388; x_wconf 87' lang='lat' dir='ltr'>et</span> <span class='ocrx_word' id='word_1_121' title='bbox 592 1321 702 1401; x_wconf 76' lang='lat' dir='ltr'>altera</span> <span class='ocrx_word' id='word_1_122' title='bbox 719 1319 946 1410; x_wconf 77' lang='lat' dir='ltr'>gubernatio,</span> <span class='ocrx_word' id='word_1_123' title='bbox 979 1339 1069 1410; x_wconf 88' lang='lat' dir='ltr'>quae</span> <span class='ocrx_word' id='word_1_124' title='bbox 1120 1313 1300 1406; x_wconf 80' lang='lat' dir='ltr'>pulmonis</span> <span class='ocrx_word' id='word_1_125' title='bbox 1323 1312 1484 1383; x_wconf 86' lang='lat' dir='ltr'>dilatatio</span> <span class='ocrx_word' id='word_1_126' title='bbox 1508 1327 1542 1382; x_wconf 92' lang='lat' dir='ltr'>et</span> <span class='ocrx_word' id='word_1_127' title='bbox 1559 1315 1775 1390; x_wconf 74' lang='lat' dir='ltr'>constrictio.</span> <span class='ocrx_word' id='word_1_128' title='bbox 1822 1313 1876 1389; x_wconf 84' lang='lat' dir='ltr'>Ac</span> <span class='ocrx_word' id='word_1_129' title='bbox 1892 1320 2045 1410; x_wconf 91' lang='lat' dir='ltr'>primum</span> <span class='ocrx_word' id='word_1_130' title='bbox 2063 1323 2104 1397; x_wconf 87' lang='lat' dir='ltr'>in</span> 
     </span>
     <span class='ocr_line' id='line_1_11' title="bbox 80 1408 2113 1512; baseline 0 -20"><span class='ocrx_word' id='word_1_131' title='bbox 80 1436 131 1492; x_wconf 90' lang='grc' dir='ltr'>εει</span> <span class='ocrx_word' id='word_1_132' title='bbox 154 1421 351 1512; x_wconf 82' lang='lat' dir='ltr'>sapientiae</span> <span class='ocrx_word' id='word_1_133' title='bbox 376 1408 668 1504; x_wconf 75' lang='lat' dir='ltr'>communicatio,</span> <span class='ocrx_word' id='word_1_134' title='bbox 693 1435 727 1492; x_wconf 92' lang='lat' dir='ltr'>et</span> <span class='ocrx_word' id='word_1_135' title='bbox 751 1415 930 1495; x_wconf 79' lang='lat' dir='ltr'>inchoatio</span> <span class='ocrx_word' id='word_1_136' title='bbox 956 1432 1070 1488; x_wconf 89' lang='lat' dir='ltr'>aeter·</span> <span class='ocrx_word' id='word_1_137' title='bbox 1120 1415 2113 1508; x_wconf 68' lang='lat' dir='ltr'>pulmonepraeparaturaer,quiincortransfundendus&#39;</span> 
     </span>
     <span class='ocr_line' id='line_1_12' title="bbox 79 1513 2104 1611; baseline 0.002 -19"><span class='ocrx_word' id='word_1_138' title='bbox 79 1545 227 1602; x_wconf 84' lang='lat' dir='ltr'>uorum¹</span> <span class='ocrx_word' id='word_1_139' title='bbox 244 1523 433 1608; x_wconf 78' lang='lat' dir='ltr'>bonorum·</span> <span class='ocrx_word' id='word_1_140' title='bbox 497 1515 613 1596; x_wconf 78' lang='lat' dir='ltr'>vehar</span> <span class='ocrx_word' id='word_1_141' title='bbox 641 1522 739 1594; x_wconf 82' lang='lat' dir='ltr'>cibus</span> <span class='ocrx_word' id='word_1_142' title='bbox 770 1533 803 1592; x_wconf 84' lang='lat' dir='ltr'>et</span> <span class='ocrx_word' id='word_1_143' title='bbox 824 1533 947 1610; x_wconf 87' lang='lat' dir='ltr'>potum</span> <span class='ocrx_word' id='word_1_144' title='bbox 968 1541 1069 1588; x_wconf 88' lang='lat' dir='ltr'>oeso-</span> <span class='ocrx_word' id='word_1_145' title='bbox 1105 1515 1185 1588; x_wconf 75' lang='lat' dir='ltr'>est.</span> <span class='ocrx_word' id='word_1_146' title='bbox 1225 1513 1360 1584; x_wconf 89' lang='lat' dir='ltr'>Mirum</span> <span class='ocrx_word' id='word_1_147' title='bbox 1375 1528 1427 1584; x_wconf 91' lang='lat' dir='ltr'>est</span> <span class='ocrx_word' id='word_1_148' title='bbox 1440 1527 1571 1598; x_wconf 87' lang='lat' dir='ltr'>autem,</span> <span class='ocrx_word' id='word_1_149' title='bbox 1596 1539 1676 1586; x_wconf 89' lang='lat' dir='ltr'>curn</span> <span class='ocrx_word' id='word_1_150' title='bbox 1688 1517 1850 1588; x_wconf 87' lang='lat' dir='ltr'>assiduus</span> <span class='ocrx_word' id='word_1_151' title='bbox 1863 1520 1910 1592; x_wconf 85' lang='lat' dir='ltr'>sit</span> <span class='ocrx_word' id='word_1_152' title='bbox 1922 1522 2104 1611; x_wconf 82' lang='lat' dir='ltr'>pulmonis</span> 
     </span>
     <span class='ocr_line' id='line_1_13' title="bbox 79 1613 2104 1716; baseline 0.001 -24"><span class='ocrx_word' id='word_1_153' title='bbox 79 1619 240 1716; x_wconf 85' lang='lat' dir='ltr'>pbagus,</span> <span class='ocrx_word' id='word_1_154' title='bbox 271 1621 310 1710; x_wconf 88' lang='lat' dir='ltr'>id</span> <span class='ocrx_word' id='word_1_155' title='bbox 341 1634 412 1700; x_wconf 89' lang='lat' dir='ltr'>est,</span> <span class='ocrx_word' id='word_1_156' title='bbox 446 1619 692 1708; x_wconf 84' lang='lat' dir='ltr'>Magistratus,</span> <span class='ocrx_word' id='word_1_157' title='bbox 728 1620 791 1712; x_wconf 89' lang='lat' dir='ltr'>qni</span> <span class='ocrx_word' id='word_1_158' title='bbox 819 1633 871 1692; x_wconf 86' lang='lat' dir='ltr'>est</span> <span class='ocrx_word' id='word_1_159' title='bbox 892 1619 990 1690; x_wconf 86' lang='lat' dir='ltr'>velut</span> <span class='ocrx_word' id='word_1_160' title='bbox 1011 1641 1069 1688; x_wconf 87' lang='lat' dir='ltr'>ar·</span> <span class='ocrx_word' id='word_1_161' title='bbox 1107 1628 1248 1696; x_wconf 84' lang='lat' dir='ltr'>mutus,</span> <span class='ocrx_word' id='word_1_162' title='bbox 1274 1629 1392 1684; x_wconf 86' lang='lat' dir='ltr'>tamen</span> <span class='ocrx_word' id='word_1_163' title='bbox 1408 1639 1481 1684; x_wconf 92' lang='lat' dir='ltr'>non</span> <span class='ocrx_word' id='word_1_164' title='bbox 1496 1615 1812 1703; x_wconf 84' lang='lat' dir='ltr'>alligaturuessead</span> <span class='ocrx_word' id='word_1_165' title='bbox 1822 1613 2015 1708; x_wconf 89' lang='lat' dir='ltr'>thoracem,</span> <span class='ocrx_word' id='word_1_166' title='bbox 2039 1648 2104 1696; x_wconf 90' lang='lat' dir='ltr'>nec</span> 
     </span>
     <span class='ocr_line' id='line_1_14' title="bbox 80 1711 2105 1810; baseline -0 -16"><span class='ocrx_word' id='word_1_167' title='bbox 80 1722 299 1806; x_wconf 87' lang='lat' dir='ltr'>mentarius,</span> <span class='ocrx_word' id='word_1_168' title='bbox 324 1733 359 1790; x_wconf 91' lang='grc' dir='ltr'>ει</span> <span class='ocrx_word' id='word_1_169' title='bbox 379 1745 509 1810; x_wconf 84' lang='lat' dir='ltr'>corpus</span> <span class='ocrx_word' id='word_1_170' title='bbox 532 1722 641 1810; x_wconf 88' lang='lat' dir='ltr'>pascit</span> <span class='ocrx_word' id='word_1_171' title='bbox 661 1735 695 1790; x_wconf 90' lang='lat' dir='ltr'>et</span> <span class='ocrx_word' id='word_1_172' title='bbox 712 1721 876 1794; x_wconf 88' lang='lat' dir='ltr'>custodit.</span> <span class='ocrx_word' id='word_1_173' title='bbox 928 1717 997 1790; x_wconf 90' lang='lat' dir='ltr'>Sed</span> <span class='ocrx_word' id='word_1_174' title='bbox 1012 1720 1069 1788; x_wconf 85' lang='lat' dir='ltr'>ni·-</span> <span class='ocrx_word' id='word_1_175' title='bbox 1119 1712 1274 1788; x_wconf 89' lang='lat' dir='ltr'>thoracis</span> <span class='ocrx_word' id='word_1_176' title='bbox 1289 1730 1389 1786; x_wconf 85' lang='lat' dir='ltr'>motu</span> <span class='ocrx_word' id='word_1_177' title='bbox 1406 1711 1510 1789; x_wconf 89' lang='lat' dir='ltr'>trahi.</span> <span class='ocrx_word' id='word_1_178' title='bbox 1535 1713 1703 1788; x_wconf 83' lang='lat' dir='ltr'>Moretur</span> <span class='ocrx_word' id='word_1_179' title='bbox 1716 1731 1831 1788; x_wconf 87' lang='lat' dir='ltr'>autem</span> <span class='ocrx_word' id='word_1_180' title='bbox 1842 1724 2105 1810; x_wconf 84' lang='lat' dir='ltr'>rationevacui,</span> 
     </span>
     <span class='ocr_line' id='line_1_15' title="bbox 80 1814 2105 1915; baseline 0.001 -23"><span class='ocrx_word' id='word_1_181' title='bbox 80 1819 134 1892; x_wconf 89' lang='lat' dir='ltr'>bil</span> <span class='ocrx_word' id='word_1_182' title='bbox 165 1822 297 1892; x_wconf 87' lang='lat' dir='ltr'>influat</span> <span class='ocrx_word' id='word_1_183' title='bbox 324 1821 365 1888; x_wconf 89' lang='lat' dir='ltr'>in</span> <span class='ocrx_word' id='word_1_184' title='bbox 388 1815 565 1894; x_wconf 84' lang='lat' dir='ltr'>trachearn</span> <span class='ocrx_word' id='word_1_185' title='bbox 592 1823 756 1898; x_wconf 84' lang='lat' dir='ltr'>arteriam</span> <span class='ocrx_word' id='word_1_186' title='bbox 778 1820 849 1888; x_wconf 92' lang='lat' dir='ltr'>cibi</span> <span class='ocrx_word' id='word_1_187' title='bbox 872 1833 932 1890; x_wconf 89' lang='lat' dir='ltr'>aut</span> <span class='ocrx_word' id='word_1_188' title='bbox 956 1833 1069 1909; x_wconf 91' lang='lat' dir='ltr'>potus,</span> <span class='ocrx_word' id='word_1_189' title='bbox 1120 1832 1159 1888; x_wconf 94' lang='lat' dir='ltr'>ut</span> <span class='ocrx_word' id='word_1_190' title='bbox 1172 1817 1218 1884; x_wconf 92' lang='lat' dir='ltr'>sit</span> <span class='ocrx_word' id='word_1_191' title='bbox 1234 1816 1377 1906; x_wconf 81' lang='lat' dir='ltr'>agitatio</span> <span class='ocrx_word' id='word_1_192' title='bbox 1394 1815 1549 1896; x_wconf 90' lang='lat' dir='ltr'>mollior,</span> <span class='ocrx_word' id='word_1_193' title='bbox 1569 1840 1649 1886; x_wconf 89' lang='lat' dir='ltr'>cum</span> <span class='ocrx_word' id='word_1_194' title='bbox 1661 1819 1753 1888; x_wconf 89' lang='lat' dir='ltr'>cedit</span> <span class='ocrx_word' id='word_1_195' title='bbox 1765 1814 1902 1906; x_wconf 84' lang='lat' dir='ltr'>thorax,</span> <span class='ocrx_word' id='word_1_196' title='bbox 1925 1825 2105 1915; x_wconf 78' lang='lat' dir='ltr'>quiadis-</span> 
     </span>
     <span class='ocr_line' id='line_1_16' title="bbox 81 1913 2105 2014; baseline 0 -22"><span class='ocrx_word' id='word_1_197' title='bbox 81 1947 158 1992; x_wconf 92' lang='lat' dir='ltr'>non</span> <span class='ocrx_word' id='word_1_198' title='bbox 181 1921 397 2010; x_wconf 85' lang='lat' dir='ltr'>impediatur</span> <span class='ocrx_word' id='word_1_199' title='bbox 417 1944 483 1992; x_wconf 83' lang='lat' dir='ltr'>vor</span> <span class='ocrx_word' id='word_1_200' title='bbox 496 1921 679 2008; x_wconf 80' lang='lat' dir='ltr'>doctrinae</span> <span class='ocrx_word' id='word_1_201' title='bbox 696 1921 850 1992; x_wconf 84' lang='lat' dir='ltr'>sordidis</span> <span class='ocrx_word' id='word_1_202' title='bbox 863 1919 1068 2009; x_wconf 80' lang='lat' dir='ltr'>cupiditati·</span> <span class='ocrx_word' id='word_1_203' title='bbox 1120 1913 1324 2008; x_wconf 85' lang='lat' dir='ltr'>phragmate</span> <span class='ocrx_word' id='word_1_204' title='bbox 1347 1929 1519 1989; x_wconf 87' lang='lat' dir='ltr'>movetur.</span> <span class='ocrx_word' id='word_1_205' title='bbox 1583 1915 1767 1988; x_wconf 86' lang='lat' dir='ltr'>Adiuvant</span> <span class='ocrx_word' id='word_1_206' title='bbox 1787 1935 1904 1995; x_wconf 90' lang='lat' dir='ltr'>autern</span> <span class='ocrx_word' id='word_1_207' title='bbox 1925 1925 2105 2014; x_wconf 88' lang='lat' dir='ltr'>pulmonis</span> 
     </span>
     <span class='ocr_line' id='line_1_17' title="bbox 81 2011 2105 2112; baseline -0 -18"><span class='ocrx_word' id='word_1_208' title='bbox 81 2024 155 2094; x_wconf 87' lang='lat' dir='ltr'>bus</span> <span class='ocrx_word' id='word_1_209' title='bbox 169 2035 231 2090; x_wconf 89' lang='lat' dir='ltr'>aut</span> <span class='ocrx_word' id='word_1_210' title='bbox 243 2021 499 2110; x_wconf 84' lang='lat' dir='ltr'>voluptatibus,</span> <span class='ocrx_word' id='word_1_211' title='bbox 523 2044 612 2112; x_wconf 87' lang='lat' dir='ltr'>quae</span> <span class='ocrx_word' id='word_1_212' title='bbox 627 2034 785 2091; x_wconf 86' lang='lat' dir='ltr'>ventrem</span> <span class='ocrx_word' id='word_1_213' title='bbox 799 2033 959 2090; x_wconf 83' lang='lat' dir='ltr'>errorent.</span> <span class='ocrx_word' id='word_1_214' title='bbox 998 2019 1069 2092; x_wconf 90' lang='lat' dir='ltr'>Sed</span> <span class='ocrx_word' id='word_1_215' title='bbox 1120 2032 1257 2089; x_wconf 91' lang='lat' dir='ltr'>motum</span> <span class='ocrx_word' id='word_1_216' title='bbox 1273 2011 1437 2086; x_wconf 89' lang='lat' dir='ltr'>balitusa</span> <span class='ocrx_word' id='word_1_217' title='bbox 1455 2020 1560 2098; x_wconf 88' lang='lat' dir='ltr'>corde</span> <span class='ocrx_word' id='word_1_218' title='bbox 1577 2019 1774 2106; x_wconf 87' lang='lat' dir='ltr'>venientes,</span> <span class='ocrx_word' id='word_1_219' title='bbox 1799 2035 1831 2090; x_wconf 91' lang='lat' dir='ltr'>et</span> <span class='ocrx_word' id='word_1_220' title='bbox 1848 2022 1921 2110; x_wconf 84' lang='lat' dir='ltr'>ipsa</span> <span class='ocrx_word' id='word_1_221' title='bbox 1938 2024 2105 2097; x_wconf 74' lang='lat' dir='ltr'>airiacu-</span> 
     </span>
     <span class='ocr_line' id='line_1_18' title="bbox 82 2113 2105 2214; baseline 0.002 -24"><span class='ocrx_word' id='word_1_222' title='bbox 82 2123 128 2197; x_wconf 81' lang='lat' dir='ltr'>sit</span> <span class='ocrx_word' id='word_1_223' title='bbox 150 2123 285 2206; x_wconf 90' lang='lat' dir='ltr'>libera,</span> <span class='ocrx_word' id='word_1_224' title='bbox 312 2121 443 2196; x_wconf 83' lang='lat' dir='ltr'>necsit</span> <span class='ocrx_word' id='word_1_225' title='bbox 461 2120 590 2204; x_wconf 83' lang='lat' dir='ltr'>fallar,</span> <span class='ocrx_word' id='word_1_226' title='bbox 612 2123 673 2191; x_wconf 89' lang='lat' dir='ltr'>sed</span> <span class='ocrx_word' id='word_1_227' title='bbox 695 2119 771 2190; x_wconf 90' lang='lat' dir='ltr'>veri</span> <span class='ocrx_word' id='word_1_228' title='bbox 792 2120 908 2191; x_wconf 90' lang='lat' dir='ltr'>cordis</span> <span class='ocrx_word' id='word_1_229' title='bbox 929 2120 1070 2194; x_wconf 89' lang='lat' dir='ltr'>nuncia.</span> <span class='ocrx_word' id='word_1_230' title='bbox 1122 2119 1198 2208; x_wconf 90' lang='lat' dir='ltr'>pia,</span> <span class='ocrx_word' id='word_1_231' title='bbox 1232 2117 1295 2209; x_wconf 90' lang='lat' dir='ltr'>qui</span> <span class='ocrx_word' id='word_1_232' title='bbox 1318 2130 1353 2188; x_wconf 90' lang='lat' dir='ltr'>et</span> <span class='ocrx_word' id='word_1_233' title='bbox 1376 2117 1496 2189; x_wconf 80' lang='lat' dir='ltr'>influit</span> <span class='ocrx_word' id='word_1_234' title='bbox 1512 2131 1547 2189; x_wconf 91' lang='grc' dir='ltr'>ει</span> <span class='ocrx_word' id='word_1_235' title='bbox 1564 2113 1713 2191; x_wconf 81' lang='lat' dir='ltr'>exhalat.</span> <span class='ocrx_word' id='word_1_236' title='bbox 1773 2117 1903 2210; x_wconf 81' lang='lat' dir='ltr'>Figura</span> <span class='ocrx_word' id='word_1_237' title='bbox 1926 2125 2105 2214; x_wconf 82' lang='lat' dir='ltr'>pulmonis</span> 
     </span>
     <span class='ocr_line' id='line_1_19' title="bbox 83 2217 2106 2314; baseline 0.001 -22"><span class='ocrx_word' id='word_1_238' title='bbox 83 2221 187 2292; x_wconf 91' lang='lat' dir='ltr'>Talis</span> <span class='ocrx_word' id='word_1_239' title='bbox 213 2233 266 2290; x_wconf 84' lang='lat' dir='ltr'>est</span> <span class='ocrx_word' id='word_1_240' title='bbox 294 2233 415 2290; x_wconf 92' lang='lat' dir='ltr'>orator</span> <span class='ocrx_word' id='word_1_241' title='bbox 443 2220 482 2291; x_wconf 87' lang='lat' dir='ltr'>iu</span> <span class='ocrx_word' id='word_1_242' title='bbox 502 2217 660 2292; x_wconf 86' lang='lat' dir='ltr'>Ecclesia</span> <span class='ocrx_word' id='word_1_243' title='bbox 688 2221 841 2312; x_wconf 88' lang='lat' dir='ltr'>primus,</span> <span class='ocrx_word' id='word_1_244' title='bbox 874 2219 1071 2310; x_wconf 77' lang='lat' dir='ltr'>filiusllei,</span> <span class='ocrx_word' id='word_1_245' title='bbox 1122 2220 1283 2290; x_wconf 90' lang='lat' dir='ltr'>imitatur</span> <span class='ocrx_word' id='word_1_246' title='bbox 1310 2219 1480 2306; x_wconf 87' lang='lat' dir='ltr'>ungulam</span> <span class='ocrx_word' id='word_1_247' title='bbox 1511 2219 1632 2302; x_wconf 89' lang='lat' dir='ltr'>bovis,</span> <span class='ocrx_word' id='word_1_248' title='bbox 1665 2221 1747 2311; x_wconf 90' lang='lat' dir='ltr'>quia</span> <span class='ocrx_word' id='word_1_249' title='bbox 1771 2221 1810 2290; x_wconf 91' lang='lat' dir='ltr'>in</span> <span class='ocrx_word' id='word_1_250' title='bbox 1835 2222 1921 2293; x_wconf 86' lang='lat' dir='ltr'>duas</span> <span class='ocrx_word' id='word_1_251' title='bbox 1946 2237 2061 2314; x_wconf 87' lang='lat' dir='ltr'>partes</span> <span class='ocrx_word' id='word_1_252' title='bbox 2084 2250 2106 2295; x_wconf 83' lang='lat' dir='ltr'>a</span> 
     </span>
     <span class='ocr_line' id='line_1_20' title="bbox 84 2317 2106 2417; baseline 0.002 -25"><span class='ocrx_word' id='word_1_253' title='bbox 84 2324 147 2416; x_wconf 90' lang='lat' dir='ltr'>qui</span> <span class='ocrx_word' id='word_1_254' title='bbox 160 2334 215 2394; x_wconf 89' lang='lat' dir='ltr'>est</span> <span class='ocrx_word' id='word_1_255' title='bbox 228 2321 345 2395; x_wconf 84' lang='lat' dir='ltr'>fistula</span> <span class='ocrx_word' id='word_1_256' title='bbox 360 2333 393 2390; x_wconf 92' lang='lat' dir='ltr'>et</span> <span class='ocrx_word' id='word_1_257' title='bbox 406 2317 579 2417; x_wconf 75' lang='grc' dir='ltr'>γλώττες,</span> <span class='ocrx_word' id='word_1_258' title='bbox 606 2346 789 2414; x_wconf 83' lang='lat' dir='ltr'>perquam</span> <span class='ocrx_word' id='word_1_259' title='bbox 806 2321 924 2411; x_wconf 83' lang='lat' dir='ltr'>patefit</span> <span class='ocrx_word' id='word_1_260' title='bbox 939 2322 1072 2390; x_wconf 85' lang='lat' dir='ltr'>divini·</span> <span class='ocrx_word' id='word_1_261' title='bbox 1122 2317 1333 2390; x_wconf 88' lang='lat' dir='ltr'>mediastino</span> <span class='ocrx_word' id='word_1_262' title='bbox 1348 2317 1540 2402; x_wconf 89' lang='lat' dir='ltr'>dividitur,</span> <span class='ocrx_word' id='word_1_263' title='bbox 1566 2333 1600 2389; x_wconf 90' lang='lat' dir='ltr'>et</span> <span class='ocrx_word' id='word_1_264' title='bbox 1615 2319 1774 2409; x_wconf 83' lang='lat' dir='ltr'>singulae</span> <span class='ocrx_word' id='word_1_265' title='bbox 1788 2322 1827 2390; x_wconf 91' lang='lat' dir='ltr'>in</span> <span class='ocrx_word' id='word_1_266' title='bbox 1843 2323 1916 2393; x_wconf 87' lang='lat' dir='ltr'>imo</span> <span class='ocrx_word' id='word_1_267' title='bbox 1932 2323 2037 2396; x_wconf 88' lang='lat' dir='ltr'>binos</span> <span class='ocrx_word' id='word_1_268' title='bbox 2049 2327 2106 2396; x_wconf 87' lang='lat' dir='ltr'>lo·</span> 
     </span>
     <span class='ocr_line' id='line_1_21' title="bbox 84 2414 2097 2512; baseline 0.002 -18"><span class='ocrx_word' id='word_1_269' title='bbox 84 2438 156 2502; x_wconf 86' lang='lat' dir='ltr'>tas,</span> <span class='ocrx_word' id='word_1_270' title='bbox 183 2435 219 2492; x_wconf 87' lang='lat' dir='ltr'>et</span> <span class='ocrx_word' id='word_1_271' title='bbox 240 2433 281 2490; x_wconf 92' lang='lat' dir='ltr'>ut</span> <span class='ocrx_word' id='word_1_272' title='bbox 304 2421 426 2511; x_wconf 89' lang='lat' dir='ltr'>pulmo</span> <span class='ocrx_word' id='word_1_273' title='bbox 450 2421 681 2492; x_wconf 89' lang='lat' dir='ltr'>circumfusus</span> <span class='ocrx_word' id='word_1_274' title='bbox 702 2435 756 2492; x_wconf 84' lang='lat' dir='ltr'>est</span> <span class='ocrx_word' id='word_1_275' title='bbox 779 2434 906 2492; x_wconf 90' lang='lat' dir='ltr'>trunco</span> <span class='ocrx_word' id='word_1_276' title='bbox 929 2445 1071 2511; x_wconf 85' lang='lat' dir='ltr'>asperae</span> <span class='ocrx_word' id='word_1_277' title='bbox 1122 2421 1187 2490; x_wconf 91' lang='lat' dir='ltr'>bos</span> <span class='ocrx_word' id='word_1_278' title='bbox 1205 2414 1355 2504; x_wconf 86' lang='lat' dir='ltr'>habent,</span> <span class='ocrx_word' id='word_1_279' title='bbox 1380 2419 1497 2490; x_wconf 89' lang='lat' dir='ltr'>cordis</span> <span class='ocrx_word' id='word_1_280' title='bbox 1512 2420 1735 2491; x_wconf 87' lang='lat' dir='ltr'>involucrum</span> <span class='ocrx_word' id='word_1_281' title='bbox 1751 2423 2030 2512; x_wconf 84' lang='lat' dir='ltr'>complectentes.</span> <span class='ocrx_word' id='word_1_282' title='bbox 2091 2471 2097 2485; x_wconf 84' lang='lat'><strong>·</strong></span> 
     </span>
     <span class='ocr_line' id='line_1_22' title="bbox 83 2515 2106 2614; baseline 0.001 -20"><span class='ocrx_word' id='word_1_283' title='bbox 83 2525 254 2606; x_wconf 85' lang='lat' dir='ltr'>arteriae,</span> <span class='ocrx_word' id='word_1_284' title='bbox 278 2544 319 2590; x_wconf 90' lang='lat' dir='ltr'>ac</span> <span class='ocrx_word' id='word_1_285' title='bbox 340 2520 545 2590; x_wconf 91' lang='lat' dir='ltr'>nominatur</span> <span class='ocrx_word' id='word_1_286' title='bbox 568 2521 748 2593; x_wconf 92' lang='lat' dir='ltr'>aPlatone</span> <span class='ocrx_word' id='word_1_287' title='bbox 766 2517 936 2612; x_wconf 78' lang='grc' dir='ltr'><strong><em>μαλακὸν</em></strong></span> <span class='ocrx_word' id='word_1_288' title='bbox 959 2521 1071 2614; x_wconf 79' lang='grc' dir='ltr'><strong><em>ἅλμα,</em></strong></span> <span class='ocrx_word' id='word_1_289' title='bbox 1226 2517 1370 2589; x_wconf 86' lang='lat' dir='ltr'>Utilitas</span> <span class='ocrx_word' id='word_1_290' title='bbox 1383 2519 1563 2610; x_wconf 88' lang='lat' dir='ltr'>pulmonis</span> <span class='ocrx_word' id='word_1_291' title='bbox 1578 2519 1709 2608; x_wconf 86' lang='lat' dir='ltr'>duplex</span> <span class='ocrx_word' id='word_1_292' title='bbox 1721 2534 1791 2601; x_wconf 89' lang='lat' dir='ltr'>est,</span> <span class='ocrx_word' id='word_1_293' title='bbox 1816 2515 1928 2594; x_wconf 88' lang='lat' dir='ltr'>saclus</span> <span class='ocrx_word' id='word_1_294' title='bbox 1944 2540 1994 2596; x_wconf 90' lang='lat' dir='ltr'>est</span> <span class='ocrx_word' id='word_1_295' title='bbox 2010 2527 2106 2596; x_wconf 88' lang='lat' dir='ltr'>enim</span> 
     </span>
     <span class='ocr_line' id='line_1_23' title="bbox 87 2617 2108 2712; baseline 0.002 -22"><span class='ocrx_word' id='word_1_296' title='bbox 87 2623 137 2694; x_wconf 88' lang='lat' dir='ltr'>ita</span> <span class='ocrx_word' id='word_1_297' title='bbox 165 2635 292 2692; x_wconf 87' lang='lat' dir='ltr'>natura</span> <span class='ocrx_word' id='word_1_298' title='bbox 319 2617 474 2690; x_wconf 88' lang='lat' dir='ltr'>bumana</span> <span class='ocrx_word' id='word_1_299' title='bbox 494 2620 702 2694; x_wconf 87' lang='lat' dir='ltr'>circumfusa</span> <span class='ocrx_word' id='word_1_300' title='bbox 727 2622 791 2690; x_wconf 85' lang='lat' dir='ltr'>illi</span> <span class='ocrx_word' id='word_1_301' title='bbox 807 2622 960 2704; x_wconf 90' lang='lat' dir='ltr'>oratori,</span> <span class='ocrx_word' id='word_1_302' title='bbox 992 2645 1073 2690; x_wconf 86' lang='lat' dir='ltr'>vere</span> <span class='ocrx_word' id='word_1_303' title='bbox 1122 2632 1160 2690; x_wconf 86' lang='lat' dir='ltr'>et</span> <span class='ocrx_word' id='word_1_304' title='bbox 1179 2618 1386 2710; x_wconf 87' lang='lat' dir='ltr'>spirationis</span> <span class='ocrx_word' id='word_1_305' title='bbox 1406 2631 1442 2688; x_wconf 91' lang='lat' dir='ltr'>et</span> <span class='ocrx_word' id='word_1_306' title='bbox 1464 2620 1560 2690; x_wconf 88' lang='lat' dir='ltr'>vocis</span> <span class='ocrx_word' id='word_1_307' title='bbox 1579 2641 1694 2690; x_wconf 85' lang='lat' dir='ltr'>causa.</span> <span class='ocrx_word' id='word_1_308' title='bbox 1745 2619 1900 2712; x_wconf 87' lang='lat' dir='ltr'>Spiratio</span> <span class='ocrx_word' id='word_1_309' title='bbox 1922 2626 2020 2694; x_wconf 91' lang='lat' dir='ltr'>cordi</span> <span class='ocrx_word' id='word_1_310' title='bbox 2043 2651 2108 2697; x_wconf 82' lang='lat' dir='ltr'>ne-</span> 
     </span>
     <span class='ocr_line' id='line_1_24' title="bbox 86 2719 2108 2818; baseline 0.001 -25"><span class='ocrx_word' id='word_1_311' title='bbox 86 2738 138 2796; x_wconf 86' lang='lat' dir='ltr'>est</span> <span class='ocrx_word' id='word_1_312' title='bbox 158 2721 393 2794; x_wconf 88' lang='lat' dir='ltr'>tenerrimum</span> <span class='ocrx_word' id='word_1_313' title='bbox 414 2721 670 2804; x_wconf 87' lang='lat' dir='ltr'>ventilabrum,</span> <span class='ocrx_word' id='word_1_314' title='bbox 693 2724 736 2792; x_wconf 87' lang='lat' dir='ltr'>de</span> <span class='ocrx_word' id='word_1_315' title='bbox 753 2744 824 2813; x_wconf 78' lang='lat' dir='ltr'>qua</span> <span class='ocrx_word' id='word_1_316' title='bbox 840 2721 1074 2798; x_wconf 82' lang='lat' dir='ltr'>similitudine</span> <span class='ocrx_word' id='word_1_317' title='bbox 1126 2719 1273 2788; x_wconf 86' lang='lat' dir='ltr'>cessaria</span> <span class='ocrx_word' id='word_1_318' title='bbox 1297 2732 1366 2802; x_wconf 88' lang='lat' dir='ltr'>est,</span> <span class='ocrx_word' id='word_1_319' title='bbox 1389 2720 1504 2791; x_wconf 84' lang='lat' dir='ltr'>adfert</span> <span class='ocrx_word' id='word_1_320' title='bbox 1520 2719 1613 2790; x_wconf 90' lang='lat' dir='ltr'>enim</span> <span class='ocrx_word' id='word_1_321' title='bbox 1631 2721 1754 2811; x_wconf 91' lang='lat' dir='ltr'>pulmo</span> <span class='ocrx_word' id='word_1_322' title='bbox 1769 2723 1866 2792; x_wconf 90' lang='lat' dir='ltr'>cordi</span> <span class='ocrx_word' id='word_1_323' title='bbox 1884 2739 2018 2807; x_wconf 80' lang='lat' dir='ltr'>aerem,</span> <span class='ocrx_word' id='word_1_324' title='bbox 2044 2726 2108 2818; x_wconf 90' lang='lat' dir='ltr'>qui</span> 
     </span>
     <span class='ocr_line' id='line_1_25' title="bbox 86 2816 2107 2918; baseline 0.001 -24"><span class='ocrx_word' id='word_1_325' title='bbox 86 2837 233 2918; x_wconf 91' lang='lat' dir='ltr'>propter</span> <span class='ocrx_word' id='word_1_326' title='bbox 249 2835 361 2892; x_wconf 89' lang='lat' dir='ltr'>certas</span> <span class='ocrx_word' id='word_1_327' title='bbox 373 2841 495 2892; x_wconf 86' lang='lat' dir='ltr'>causas</span> <span class='ocrx_word' id='word_1_328' title='bbox 506 2821 649 2893; x_wconf 90' lang='lat' dir='ltr'>brevius</span> <span class='ocrx_word' id='word_1_329' title='bbox 664 2821 756 2904; x_wconf 90' lang='lat' dir='ltr'>dico,</span> <span class='ocrx_word' id='word_1_330' title='bbox 774 2833 911 2892; x_wconf 84' lang='lat' dir='ltr'>tautum</span> <span class='ocrx_word' id='word_1_331' title='bbox 926 2844 967 2889; x_wconf 91' lang='lat' dir='ltr'>eo</span> <span class='ocrx_word' id='word_1_332' title='bbox 983 2816 1095 2890; x_wconf 88' lang='lat' dir='ltr'>banc&#39;</span> <span class='ocrx_word' id='word_1_333' title='bbox 1126 2819 1264 2908; x_wconf 84' lang='lat' dir='ltr'>mitigat</span> <span class='ocrx_word' id='word_1_334' title='bbox 1277 2819 1428 2902; x_wconf 71' lang='lat' dir='ltr'>calorem</span> <span class='ocrx_word' id='word_1_335' title='bbox 1443 2821 1559 2890; x_wconf 91' lang='lat' dir='ltr'>cordis</span> <span class='ocrx_word' id='word_1_336' title='bbox 1574 2835 1607 2892; x_wconf 88' lang='lat' dir='ltr'>et</span> <span class='ocrx_word' id='word_1_337' title='bbox 1616 2822 1820 2910; x_wconf 89' lang='lat' dir='ltr'>spirituum,</span> <span class='ocrx_word' id='word_1_338' title='bbox 1846 2837 1880 2893; x_wconf 91' lang='lat' dir='ltr'>et</span> <span class='ocrx_word' id='word_1_339' title='bbox 1891 2820 2107 2899; x_wconf 76' lang='lat' dir='ltr'>huncaerem</span> 
     </span>
     <span class='ocr_line' id='line_1_26' title="bbox 87 2920 2109 3014; baseline 0 -19"><span class='ocrx_word' id='word_1_340' title='bbox 87 2923 463 2996; x_wconf 83' lang='lat' dir='ltr'>commonefactionem</span> <span class='ocrx_word' id='word_1_341' title='bbox 479 2920 624 3004; x_wconf 87' lang='lat' dir='ltr'>inserui,</span> <span class='ocrx_word' id='word_1_342' title='bbox 648 2935 689 2992; x_wconf 92' lang='lat' dir='ltr'>ut</span> <span class='ocrx_word' id='word_1_343' title='bbox 701 2921 860 2990; x_wconf 89' lang='lat' dir='ltr'>studium</span> <span class='ocrx_word' id='word_1_344' title='bbox 876 2921 978 2991; x_wconf 89' lang='lat' dir='ltr'>vobis</span> <span class='ocrx_word' id='word_1_345' title='bbox 990 2943 1075 2990; x_wconf 80' lang='lat' dir='ltr'>con·</span> <span class='ocrx_word' id='word_1_346' title='bbox 1126 2931 1208 2988; x_wconf 84' lang='lat' dir='ltr'>ante</span> <span class='ocrx_word' id='word_1_347' title='bbox 1229 2931 1518 3010; x_wconf 79' lang='lat' dir='ltr'>praeparat,.cor</span> <span class='ocrx_word' id='word_1_348' title='bbox 1539 2923 1634 2989; x_wconf 87' lang='lat' dir='ltr'>enim</span> <span class='ocrx_word' id='word_1_349' title='bbox 1655 2921 1873 3002; x_wconf 85' lang='lat' dir='ltr'>laederetur,</span> <span class='ocrx_word' id='word_1_350' title='bbox 1897 2927 1926 2992; x_wconf 89' lang='lat' dir='ltr'>si</span> <span class='ocrx_word' id='word_1_351' title='bbox 1946 2941 2109 3014; x_wconf 88' lang='lat' dir='ltr'>penctra-</span> 
     </span>
     <span class='ocr_line' id='line_1_27' title="bbox 87 3017 2113 3120; baseline 0 -24"><span class='ocrx_word' id='word_1_352' title='bbox 87 3025 299 3096; x_wconf 89' lang='lat' dir='ltr'>siderandae</span> <span class='ocrx_word' id='word_1_353' title='bbox 319 3020 562 3092; x_wconf 78' lang='lat' dir='ltr'>fabricationis</span> <span class='ocrx_word' id='word_1_354' title='bbox 577 3017 817 3096; x_wconf 82' lang='lat' dir='ltr'>humanorum</span> <span class='ocrx_word' id='word_1_355' title='bbox 833 3021 1074 3095; x_wconf 87' lang='lat' dir='ltr'>membrorum</span> <span class='ocrx_word' id='word_1_356' title='bbox 1128 3033 1182 3092; x_wconf 94' lang='lat' dir='ltr'>ret</span> <span class='ocrx_word' id='word_1_357' title='bbox 1203 3019 1248 3087; x_wconf 87' lang='lat' dir='ltr'>ad</span> <span class='ocrx_word' id='word_1_358' title='bbox 1271 3019 1407 3106; x_wconf 89' lang='lat' dir='ltr'>ipsum,</span> <span class='ocrx_word' id='word_1_359' title='bbox 1430 3032 1492 3090; x_wconf 89' lang='lat' dir='ltr'>aut</span> <span class='ocrx_word' id='word_1_360' title='bbox 1507 3021 1569 3092; x_wconf 77' lang='lat' dir='ltr'>alic</span> <span class='ocrx_word' id='word_1_361' title='bbox 1584 3022 1766 3110; x_wconf 80' lang='lat' dir='ltr'>frigidior,</span> <span class='ocrx_word' id='word_1_362' title='bbox 1791 3035 1853 3094; x_wconf 88' lang='lat' dir='ltr'>aut</span> <span class='ocrx_word' id='word_1_363' title='bbox 1867 3025 1973 3096; x_wconf 88' lang='lat' dir='ltr'>nimis</span> <span class='ocrx_word' id='word_1_364' title='bbox 1988 3029 2113 3120; x_wconf 79' lang='lat' dir='ltr'>copio-</span> 
     </span>
     <span class='ocr_line' id='line_1_28' title="bbox 87 3116 2112 3216; baseline 0 -20"><span class='ocrx_word' id='word_1_365' title='bbox 87 3126 392 3206; x_wconf 87' lang='lat' dir='ltr'>commendarem,</span> <span class='ocrx_word' id='word_1_366' title='bbox 417 3122 630 3215; x_wconf 88' lang='lat' dir='ltr'>quod.certe</span> <span class='ocrx_word' id='word_1_367' title='bbox 652 3137 686 3194; x_wconf 89' lang='lat' dir='ltr'>et</span> <span class='ocrx_word' id='word_1_368' title='bbox 707 3122 902 3195; x_wconf 88' lang='lat' dir='ltr'>valetudini</span> <span class='ocrx_word' id='word_1_369' title='bbox 918 3135 952 3194; x_wconf 89' lang='lat' dir='ltr'>et</span> <span class='ocrx_word' id='word_1_370' title='bbox 967 3120 1077 3192; x_wconf 91' lang='lat' dir='ltr'>mori-</span> <span class='ocrx_word' id='word_1_371' title='bbox 1128 3142 1200 3193; x_wconf 80' lang='lat' dir='ltr'>sus.</span> <span class='ocrx_word' id='word_1_372' title='bbox 1257 3116 1498 3192; x_wconf 83' lang='lat' dir='ltr'>Sulfocaretur</span> <span class='ocrx_word' id='word_1_373' title='bbox 1519 3133 1634 3192; x_wconf 85' lang='lat' dir='ltr'>autem</span> <span class='ocrx_word' id='word_1_374' title='bbox 1659 3145 1721 3194; x_wconf 92' lang='lat' dir='ltr'>cor</span> <span class='ocrx_word' id='word_1_375' title='bbox 1741 3124 1841 3214; x_wconf 87' lang='lat' dir='ltr'>copia</span> <span class='ocrx_word' id='word_1_376' title='bbox 1865 3125 2054 3216; x_wconf 89' lang='lat' dir='ltr'>spirituum</span> <span class='ocrx_word' id='word_1_377' title='bbox 2076 3140 2112 3207; x_wconf 83' lang='lat' dir='ltr'>et</span> 
     </span>
     <span class='ocr_line' id='line_1_29' title="bbox 87 3219 2112 3315; baseline 0 -17"><span class='ocrx_word' id='word_1_378' title='bbox 87 3229 153 3298; x_wconf 89' lang='lat' dir='ltr'>bus</span> <span class='ocrx_word' id='word_1_379' title='bbox 177 3223 408 3296; x_wconf 87' lang='lat' dir='ltr'>utilissimum</span> <span class='ocrx_word' id='word_1_380' title='bbox 431 3233 500 3306; x_wconf 87' lang='lat' dir='ltr'>est,</span> <span class='ocrx_word' id='word_1_381' title='bbox 532 3234 567 3292; x_wconf 90' lang='grc' dir='ltr'>ει</span> <span class='ocrx_word' id='word_1_382' title='bbox 586 3225 739 3296; x_wconf 84' lang='lat' dir='ltr'>ostendit</span> <span class='ocrx_word' id='word_1_383' title='bbox 760 3223 912 3292; x_wconf 88' lang='lat' dir='ltr'>illustria</span> <span class='ocrx_word' id='word_1_384' title='bbox 935 3224 979 3292; x_wconf 87' lang='lat' dir='ltr'>de</span> <span class='ocrx_word' id='word_1_385' title='bbox 1000 3219 1076 3302; x_wconf 88' lang='lat' dir='ltr'>Deo</span> <span class='ocrx_word' id='word_1_386' title='bbox 1128 3219 1259 3290; x_wconf 86' lang='lat' dir='ltr'>fumosi</span> <span class='ocrx_word' id='word_1_387' title='bbox 1275 3219 1383 3305; x_wconf 78' lang='lat' dir='ltr'>aeris,</span> <span class='ocrx_word' id='word_1_388' title='bbox 1409 3219 1478 3290; x_wconf 88' lang='lat' dir='ltr'>nisi</span> <span class='ocrx_word' id='word_1_389' title='bbox 1494 3244 1615 3292; x_wconf 82' lang='lat' dir='ltr'>rarrsus</span> <span class='ocrx_word' id='word_1_390' title='bbox 1631 3223 1729 3296; x_wconf 87' lang='lat' dir='ltr'>lieret</span> <span class='ocrx_word' id='word_1_391' title='bbox 1742 3221 1927 3300; x_wconf 80' lang='lat' dir='ltr'>exhalatio.</span> <span class='ocrx_word' id='word_1_392' title='bbox 1976 3227 2060 3301; x_wconf 92' lang='lat' dir='ltr'>ldeo</span> <span class='ocrx_word' id='word_1_393' title='bbox 2077 3240 2112 3315; x_wconf 77' lang='lat' dir='ltr'>ct</span> 
     </span>
     <span class='ocr_line' id='line_1_30' title="bbox 87 3321 2111 3411; baseline 0.002 -18"><span class='ocrx_word' id='word_1_394' title='bbox 87 3324 312 3407; x_wconf 81' lang='lat' dir='ltr'>testimonia,</span> <span class='ocrx_word' id='word_1_395' title='bbox 337 3337 371 3392; x_wconf 89' lang='lat' dir='ltr'>et</span> <span class='ocrx_word' id='word_1_396' title='bbox 384 3322 514 3392; x_wconf 88' lang='lat' dir='ltr'>multas</span> <span class='ocrx_word' id='word_1_397' title='bbox 527 3323 696 3410; x_wconf 85' lang='lat' dir='ltr'>imagines</span> <span class='ocrx_word' id='word_1_398' title='bbox 712 3345 830 3392; x_wconf 91' lang='lat' dir='ltr'>rerum</span> <span class='ocrx_word' id='word_1_399' title='bbox 843 3322 1076 3408; x_wconf 83' lang='lat' dir='ltr'>maximarum</span> <span class='ocrx_word' id='word_1_400' title='bbox 1129 3343 1193 3411; x_wconf 91' lang='lat' dir='ltr'>per</span> <span class='ocrx_word' id='word_1_401' title='bbox 1229 3321 1436 3410; x_wconf 86' lang='lat' dir='ltr'>pulmonem</span> <span class='ocrx_word' id='word_1_402' title='bbox 1473 3345 1595 3392; x_wconf 82' lang='lat' dir='ltr'>narsus</span> <span class='ocrx_word' id='word_1_403' title='bbox 1631 3324 1807 3396; x_wconf 87' lang='lat' dir='ltr'>emittitur</span> <span class='ocrx_word' id='word_1_404' title='bbox 1844 3327 2002 3398; x_wconf 84' lang='lat' dir='ltr'>fumosus</span> <span class='ocrx_word' id='word_1_405' title='bbox 2038 3343 2111 3403; x_wconf 76' lang='lat' dir='ltr'>aer.</span> 
     </span>
     <span class='ocr_line' id='line_1_31' title="bbox 89 3417 2113 3519; baseline 0 -21"><span class='ocrx_word' id='word_1_406' title='bbox 89 3425 350 3518; x_wconf 86' lang='lat' dir='ltr'>complectitur.</span> <span class='ocrx_word' id='word_1_407' title='bbox 395 3419 508 3512; x_wconf 83' lang='lat' dir='ltr'>Saepe</span> <span class='ocrx_word' id='word_1_408' title='bbox 522 3435 557 3492; x_wconf 91' lang='lat' dir='ltr'>et</span> <span class='ocrx_word' id='word_1_409' title='bbox 571 3417 640 3490; x_wconf 85' lang='lat' dir='ltr'>lroc</span> <span class='ocrx_word' id='word_1_410' title='bbox 656 3423 859 3510; x_wconf 87' lang='lat' dir='ltr'>cogitemus,</span> <span class='ocrx_word' id='word_1_411' title='bbox 885 3423 989 3492; x_wconf 90' lang='lat' dir='ltr'>talem</span> <span class='ocrx_word' id='word_1_412' title='bbox 1006 3444 1079 3491; x_wconf 89' lang='lat' dir='ltr'>esse</span> <span class='ocrx_word' id='word_1_413' title='bbox 1131 3417 1287 3512; x_wconf 83' lang='lat' dir='ltr'>Ideoque</span> <span class='ocrx_word' id='word_1_414' title='bbox 1301 3420 1423 3509; x_wconf 89' lang='lat' dir='ltr'>pulmo</span> <span class='ocrx_word' id='word_1_415' title='bbox 1440 3445 1547 3514; x_wconf 88' lang='lat' dir='ltr'>capax</span> <span class='ocrx_word' id='word_1_416' title='bbox 1564 3436 1615 3494; x_wconf 89' lang='lat' dir='ltr'>est</span> <span class='ocrx_word' id='word_1_417' title='bbox 1629 3425 1732 3495; x_wconf 92' lang='lat' dir='ltr'>multi</span> <span class='ocrx_word' id='word_1_418' title='bbox 1747 3427 1855 3510; x_wconf 72' lang='lat' dir='ltr'>aeris,</span> <span class='ocrx_word' id='word_1_419' title='bbox 1880 3440 1922 3498; x_wconf 92' lang='lat' dir='ltr'>ut</span> <span class='ocrx_word' id='word_1_420' title='bbox 1936 3429 2113 3519; x_wconf 86' lang='lat' dir='ltr'>paulisper</span> 
     </span>
     <span class='ocr_line' id='line_1_32' title="bbox 88 3517 2114 3618; baseline 0.001 -21"><span class='ocrx_word' id='word_1_421' title='bbox 88 3529 242 3618; x_wconf 87' lang='lat' dir='ltr'>liguram</span> <span class='ocrx_word' id='word_1_422' title='bbox 259 3517 416 3592; x_wconf 90' lang='lat' dir='ltr'>hominis</span> <span class='ocrx_word' id='word_1_423' title='bbox 433 3522 632 3618; x_wconf 81' lang='lat' dir='ltr'>conditam,</span> <span class='ocrx_word' id='word_1_424' title='bbox 654 3522 793 3613; x_wconf 87' lang='lat' dir='ltr'>qualem</span> <span class='ocrx_word' id='word_1_425' title='bbox 811 3521 1000 3612; x_wconf 88' lang='lat' dir='ltr'>praecipue</span> <span class='ocrx_word' id='word_1_426' title='bbox 1013 3545 1079 3590; x_wconf 86' lang='lat' dir='ltr'>vo-</span> <span class='ocrx_word' id='word_1_427' title='bbox 1131 3520 1260 3591; x_wconf 88' lang='lat' dir='ltr'>omissa</span> <span class='ocrx_word' id='word_1_428' title='bbox 1284 3520 1498 3612; x_wconf 88' lang='lat' dir='ltr'>spiratione,</span> <span class='ocrx_word' id='word_1_429' title='bbox 1529 3535 1648 3595; x_wconf 87' lang='lat' dir='ltr'>tamen</span> <span class='ocrx_word' id='word_1_430' title='bbox 1675 3549 1738 3596; x_wconf 88' lang='lat' dir='ltr'>cor</span> <span class='ocrx_word' id='word_1_431' title='bbox 1765 3526 1912 3614; x_wconf 87' lang='lat' dir='ltr'>accipiat</span> <span class='ocrx_word' id='word_1_432' title='bbox 1932 3543 1967 3600; x_wconf 90' lang='lat' dir='ltr'>et</span> <span class='ocrx_word' id='word_1_433' title='bbox 1987 3531 2114 3600; x_wconf 88' lang='lat' dir='ltr'>reddat</span> 
     </span>
     <span class='ocr_line' id='line_1_33' title="bbox 87 3617 2114 3721; baseline 0.003 -27"><span class='ocrx_word' id='word_1_434' title='bbox 87 3628 160 3698; x_wconf 88' lang='lat' dir='ltr'>luit</span> <span class='ocrx_word' id='word_1_435' title='bbox 183 3623 283 3696; x_wconf 89' lang='lat' dir='ltr'>Deus</span> <span class='ocrx_word' id='word_1_436' title='bbox 312 3622 502 3692; x_wconf 86' lang='lat' dir='ltr'>convenire</span> <span class='ocrx_word' id='word_1_437' title='bbox 530 3621 621 3701; x_wconf 90' lang='lat' dir='ltr'>lilio,</span> <span class='ocrx_word' id='word_1_438' title='bbox 655 3633 691 3691; x_wconf 92' lang='grc' dir='ltr'>ει</span> <span class='ocrx_word' id='word_1_439' title='bbox 718 3621 785 3688; x_wconf 84' lang='lat' dir='ltr'>lilii</span> <span class='ocrx_word' id='word_1_440' title='bbox 814 3643 942 3712; x_wconf 87' lang='lat' dir='ltr'>corpus</span> <span class='ocrx_word' id='word_1_441' title='bbox 964 3623 1079 3692; x_wconf 87' lang='lat' dir='ltr'>ideam</span> <span class='ocrx_word' id='word_1_442' title='bbox 1130 3623 1261 3695; x_wconf 66' lang='lat' dir='ltr'>aerem.</span> <span class='ocrx_word' id='word_1_443' title='bbox 1320 3617 1428 3708; x_wconf 89' lang='lat' dir='ltr'>Quod</span> <span class='ocrx_word' id='word_1_444' title='bbox 1451 3623 1483 3692; x_wconf 89' lang='lat' dir='ltr'>si</span> <span class='ocrx_word' id='word_1_445' title='bbox 1505 3623 1637 3694; x_wconf 82' lang='lat' dir='ltr'>deesset</span> <span class='ocrx_word' id='word_1_446' title='bbox 1659 3627 1800 3715; x_wconf 87' lang='lat' dir='ltr'>pulmo,</span> <span class='ocrx_word' id='word_1_447' title='bbox 1831 3627 1932 3696; x_wconf 84' lang='lat' dir='ltr'>brevi</span> <span class='ocrx_word' id='word_1_448' title='bbox 1956 3643 2114 3721; x_wconf 86' lang='lat' dir='ltr'>tempore</span> 
     </span>
     <span class='ocr_line' id='line_1_34' title="bbox 89 3718 2114 3821; baseline 0.001 -23"><span class='ocrx_word' id='word_1_449' title='bbox 89 3751 166 3798; x_wconf 84' lang='lat' dir='ltr'>esse</span> <span class='ocrx_word' id='word_1_450' title='bbox 197 3737 403 3808; x_wconf 84' lang='lat' dir='ltr'>nostrorum</span> <span class='ocrx_word' id='word_1_451' title='bbox 433 3743 634 3812; x_wconf 85' lang='lat' dir='ltr'>corporum.</span> <span class='ocrx_word' id='word_1_452' title='bbox 692 3718 813 3809; x_wconf 89' lang='lat' dir='ltr'>Quare</span> <span class='ocrx_word' id='word_1_453' title='bbox 841 3744 917 3790; x_wconf 89' lang='lat' dir='ltr'>non</span> <span class='ocrx_word' id='word_1_454' title='bbox 939 3721 1080 3792; x_wconf 87' lang='lat' dir='ltr'>dubite-</span> <span class='ocrx_word' id='word_1_455' title='bbox 1130 3721 1260 3793; x_wconf 86' lang='lat' dir='ltr'>omissa</span> <span class='ocrx_word' id='word_1_456' title='bbox 1273 3719 1465 3812; x_wconf 86' lang='lat' dir='ltr'>spiratione</span> <span class='ocrx_word' id='word_1_457' title='bbox 1479 3722 1673 3794; x_wconf 88' lang='lat' dir='ltr'>animantia</span> <span class='ocrx_word' id='word_1_458' title='bbox 1688 3725 1953 3814; x_wconf 86' lang='lat' dir='ltr'>suffocarentur,</span> <span class='ocrx_word' id='word_1_459' title='bbox 1977 3729 2025 3801; x_wconf 89' lang='lat' dir='ltr'>ita</span> <span class='ocrx_word' id='word_1_460' title='bbox 2042 3729 2114 3821; x_wconf 90' lang='lat' dir='ltr'>spi·</span> 
     </span>
    </p>
   </div>
   <div class='ocr_carea' id='block_1_5' title="bbox 85 3822 2230 3914">
    <p class='ocr_par' dir='ltr' id='par_1_5' title="bbox 85 3822 2230 3914">
     <span class='ocr_line' id='line_1_35' title="bbox 85 3822 2230 3914; baseline 0 -13"><span class='ocrx_word' id='word_1_461' title='bbox 85 3849 193 3914; x_wconf 86' lang='lat' dir='ltr'>mus,</span> <span class='ocrx_word' id='word_1_462' title='bbox 218 3847 341 3908; x_wconf 80' lang='lat' dir='ltr'>causas</span> <span class='ocrx_word' id='word_1_463' title='bbox 359 3822 553 3910; x_wconf 88' lang='lat' dir='ltr'>singulares</span> <span class='ocrx_word' id='word_1_464' title='bbox 569 3843 663 3905; x_wconf 86' lang='lat' dir='ltr'>esse,</span> <span class='ocrx_word' id='word_1_465' title='bbox 687 3844 750 3892; x_wconf 90' lang='lat' dir='ltr'>cur</span> <span class='ocrx_word' id='word_1_466' title='bbox 767 3823 955 3913; x_wconf 86' lang='lat' dir='ltr'>praecipua</span> <span class='ocrx_word' id='word_1_467' title='bbox 967 3845 1080 3892; x_wconf 84' lang='lat' dir='ltr'>mena-</span> <span class='ocrx_word' id='word_1_468' title='bbox 1130 3822 1281 3894; x_wconf 84' lang='lat' dir='ltr'>rationis</span> <span class='ocrx_word' id='word_1_469' title='bbox 1303 3843 1406 3893; x_wconf 86' lang='lat' dir='ltr'>causa</span> <span class='ocrx_word' id='word_1_470' title='bbox 1429 3823 1552 3914; x_wconf 89' lang='lat' dir='ltr'>pulmo</span> <span class='ocrx_word' id='word_1_471' title='bbox 1576 3825 1687 3896; x_wconf 89' lang='lat' dir='ltr'>factus</span> <span class='ocrx_word' id='word_1_472' title='bbox 1711 3840 1771 3897; x_wconf 90' lang='lat' dir='ltr'>est.</span> <span class='ocrx_word' id='word_1_473' title='bbox 1832 3824 1954 3900; x_wconf 86' lang='lat' dir='ltr'>Altera</span> <span class='ocrx_word' id='word_1_474' title='bbox 1979 3832 2114 3902; x_wconf 90' lang='lat' dir='ltr'>utilitas</span> <span class='ocrx_word' id='word_1_475' title='bbox 2228 3824 2230 3835; x_wconf 78' lang='lat'>&#39;</span> 
     </span>
    </p>
   </div>
   <div class='ocr_carea' id='block_1_6' title="bbox 87 3920 2215 5428">
    <p class='ocr_par' dir='ltr' id='par_1_6' title="bbox 87 3920 2116 4724">
     <span class='ocr_line' id='line_1_36' title="bbox 91 3920 2113 4020; baseline 0 -19"><span class='ocrx_word' id='word_1_476' title='bbox 91 3933 177 4012; x_wconf 89' lang='lat' dir='ltr'>bra,</span> <span class='ocrx_word' id='word_1_477' title='bbox 210 3949 302 4020; x_wconf 87' lang='lat' dir='ltr'>quae</span> <span class='ocrx_word' id='word_1_478' title='bbox 330 3924 471 3995; x_wconf 84' lang='lat' dir='ltr'>intuta</span> <span class='ocrx_word' id='word_1_479' title='bbox 493 3921 699 4020; x_wconf 79' lang='lat' dir='ltr'>aeternitate</span> <span class='ocrx_word' id='word_1_480' title='bbox 718 3943 850 4010; x_wconf 86' lang='lat' dir='ltr'>organa</span> <span class='ocrx_word' id='word_1_481' title='bbox 870 3920 937 3993; x_wconf 89' lang='lat' dir='ltr'>Dei</span> <span class='ocrx_word' id='word_1_482' title='bbox 964 3935 1081 4006; x_wconf 89' lang='lat' dir='ltr'>erunt,</span> <span class='ocrx_word' id='word_1_483' title='bbox 1133 3935 1203 4008; x_wconf 89' lang='lat' dir='ltr'>est,</span> <span class='ocrx_word' id='word_1_484' title='bbox 1227 3923 1435 3994; x_wconf 84' lang='lat' dir='ltr'>formandae</span> <span class='ocrx_word' id='word_1_485' title='bbox 1455 3925 1533 3994; x_wconf 84' lang='lat' dir='ltr'>roci</span> <span class='ocrx_word' id='word_1_486' title='bbox 1555 3926 1697 4001; x_wconf 87' lang='lat' dir='ltr'>servire.</span> <span class='ocrx_word' id='word_1_487' title='bbox 1749 3926 1798 4002; x_wconf 88' lang='lat' dir='ltr'>Ut</span> <span class='ocrx_word' id='word_1_488' title='bbox 1819 3930 1971 4000; x_wconf 87' lang='lat' dir='ltr'>enimin</span> <span class='ocrx_word' id='word_1_489' title='bbox 1989 3931 2113 4004; x_wconf 86' lang='lat' dir='ltr'>fistulis</span> 
     </span>
     <span class='ocr_line' id='line_1_37' title="bbox 92 4017 2115 4122; baseline 0 -20"><span class='ocrx_word' id='word_1_490' title='bbox 92 4032 145 4102; x_wconf 89' lang='lat' dir='ltr'>sic</span> <span class='ocrx_word' id='word_1_491' title='bbox 166 4029 326 4105; x_wconf 72' lang='lat' dir='ltr'>formata,</span> <span class='ocrx_word' id='word_1_492' title='bbox 344 4023 426 4092; x_wconf 89' lang='lat' dir='ltr'>sint.</span> <span class='ocrx_word' id='word_1_493' title='bbox 473 4018 630 4094; x_wconf 85' lang='lat' dir='ltr'>Accedat</span> <span class='ocrx_word' id='word_1_494' title='bbox 643 4035 678 4092; x_wconf 89' lang='lat' dir='ltr'>ct</span> <span class='ocrx_word' id='word_1_495' title='bbox 700 4017 787 4092; x_wconf 90' lang='lat' dir='ltr'>baec</span> <span class='ocrx_word' id='word_1_496' title='bbox 801 4046 900 4109; x_wconf 86' lang='lat' dir='ltr'>cura,</span> <span class='ocrx_word' id='word_1_497' title='bbox 927 4036 968 4096; x_wconf 92' lang='lat' dir='ltr'>ut</span> <span class='ocrx_word' id='word_1_498' title='bbox 981 4025 1010 4094; x_wconf 87' lang='lat' dir='ltr'>si</span> <span class='ocrx_word' id='word_1_499' title='bbox 1027 4022 1083 4115; x_wconf 91' lang='lat' dir='ltr'>pi·</span> <span class='ocrx_word' id='word_1_500' title='bbox 1132 4020 1202 4095; x_wconf 92' lang='lat' dir='ltr'>boc</span> <span class='ocrx_word' id='word_1_501' title='bbox 1222 4024 1329 4092; x_wconf 88' lang='lat' dir='ltr'>modo</span> <span class='ocrx_word' id='word_1_502' title='bbox 1351 4024 1442 4098; x_wconf 88' lang='lat' dir='ltr'>liunt</span> <span class='ocrx_word' id='word_1_503' title='bbox 1463 4026 1560 4111; x_wconf 88' lang='lat' dir='ltr'>suni,</span> <span class='ocrx_word' id='word_1_504' title='bbox 1585 4051 1668 4097; x_wconf 92' lang='lat' dir='ltr'>cum</span> <span class='ocrx_word' id='word_1_505' title='bbox 1689 4028 1900 4119; x_wconf 88' lang='lat' dir='ltr'>inspiratum</span> <span class='ocrx_word' id='word_1_506' title='bbox 1919 4037 2033 4103; x_wconf 76' lang='lat' dir='ltr'>adrem</span> <span class='ocrx_word' id='word_1_507' title='bbox 2050 4056 2115 4122; x_wconf 82' lang='lat' dir='ltr'>per</span> 
     </span>
     <span class='ocr_line' id='line_1_38' title="bbox 92 4117 2114 4219; baseline -0 -15"><span class='ocrx_word' id='word_1_508' title='bbox 92 4145 233 4204; x_wconf 87' lang='lat' dir='ltr'>cturam</span> <span class='ocrx_word' id='word_1_509' title='bbox 257 4139 445 4218; x_wconf 52' lang='lat' dir='ltr'>parentum,</span> <span class='ocrx_word' id='word_1_510' title='bbox 465 4117 630 4205; x_wconf 89' lang='lat' dir='ltr'>haberes,</span> <span class='ocrx_word' id='word_1_511' title='bbox 656 4124 768 4194; x_wconf 90' lang='lat' dir='ltr'>nolles</span> <span class='ocrx_word' id='word_1_512' title='bbox 791 4149 868 4194; x_wconf 88' lang='lat' dir='ltr'>eam</span> <span class='ocrx_word' id='word_1_513' title='bbox 885 4126 1083 4215; x_wconf 87' lang='lat' dir='ltr'>petulanter</span> <span class='ocrx_word' id='word_1_514' title='bbox 1134 4136 1322 4212; x_wconf 87' lang='lat' dir='ltr'>angustum</span> <span class='ocrx_word' id='word_1_515' title='bbox 1337 4125 1513 4211; x_wconf 90' lang='lat' dir='ltr'>foramen,</span> <span class='ocrx_word' id='word_1_516' title='bbox 1537 4129 1632 4219; x_wconf 89' lang='lat' dir='ltr'>quod</span> <span class='ocrx_word' id='word_1_517' title='bbox 1648 4128 1687 4196; x_wconf 90' lang='lat' dir='ltr'>in</span> <span class='ocrx_word' id='word_1_518' title='bbox 1702 4129 1787 4218; x_wconf 86' lang='lat' dir='ltr'>ipsis</span> <span class='ocrx_word' id='word_1_519' title='bbox 1803 4131 2023 4217; x_wconf 90' lang='lat' dir='ltr'>continetur,</span> <span class='ocrx_word' id='word_1_520' title='bbox 2048 4133 2114 4203; x_wconf 88' lang='lat' dir='ltr'>eli-</span> 
     </span>
     <span class='ocr_line' id='line_1_39' title="bbox 94 4223 2115 4319; baseline 0.005 -25"><span class='ocrx_word' id='word_1_521' title='bbox 94 4227 298 4318; x_wconf 76' lang='lat' dir='ltr'>torrumpi‚</span> <span class='ocrx_word' id='word_1_522' title='bbox 321 4248 367 4294; x_wconf 89' lang='lat' dir='ltr'>ne</span> <span class='ocrx_word' id='word_1_523' title='bbox 388 4236 552 4315; x_wconf 83' lang='lat' dir='ltr'>parentes</span> <span class='ocrx_word' id='word_1_524' title='bbox 572 4225 784 4298; x_wconf 87' lang='lat' dir='ltr'>contumelia</span> <span class='ocrx_word' id='word_1_525' title='bbox 802 4225 903 4298; x_wconf 87' lang='lat' dir='ltr'>adlici</span> <span class='ocrx_word' id='word_1_526' title='bbox 918 4225 1084 4296; x_wconf 87' lang='lat' dir='ltr'>videren-</span> <span class='ocrx_word' id='word_1_527' title='bbox 1134 4227 1241 4297; x_wconf 90' lang='lat' dir='ltr'>dunt:</span> <span class='ocrx_word' id='word_1_528' title='bbox 1267 4224 1317 4294; x_wconf 87' lang='lat' dir='ltr'>sic</span> <span class='ocrx_word' id='word_1_529' title='bbox 1340 4239 1374 4296; x_wconf 88' lang='lat' dir='ltr'>et</span> <span class='ocrx_word' id='word_1_530' title='bbox 1393 4227 1433 4296; x_wconf 92' lang='lat' dir='ltr'>in</span> <span class='ocrx_word' id='word_1_531' title='bbox 1448 4228 1655 4318; x_wconf 86' lang='lat' dir='ltr'>corporibus</span> <span class='ocrx_word' id='word_1_532' title='bbox 1672 4223 1837 4300; x_wconf 85' lang='lat' dir='ltr'>humanis</span> <span class='ocrx_word' id='word_1_533' title='bbox 1852 4256 1919 4302; x_wconf 86' lang='lat' dir='ltr'>vor</span> <span class='ocrx_word' id='word_1_534' title='bbox 1931 4235 2115 4319; x_wconf 89' lang='lat' dir='ltr'>formatur,</span> 
     </span>
     <span class='ocr_line' id='line_1_40' title="bbox 87 4324 2116 4425; baseline -0.002 -20"><span class='ocrx_word' id='word_1_535' title='bbox 87 4348 175 4411; x_wconf 76' lang='lat' dir='ltr'>‚turz</span> <span class='ocrx_word' id='word_1_536' title='bbox 204 4328 263 4422; x_wconf 74' lang='lat' dir='ltr'>¹sic</span> <span class='ocrx_word' id='word_1_537' title='bbox 284 4341 319 4398; x_wconf 89' lang='lat' dir='ltr'>et</span> <span class='ocrx_word' id='word_1_538' title='bbox 341 4324 601 4416; x_wconf 86' lang='lat' dir='ltr'>pmpterideae</span> <span class='ocrx_word' id='word_1_539' title='bbox 616 4326 849 4396; x_wconf 87' lang='lat' dir='ltr'>reverentiam</span> <span class='ocrx_word' id='word_1_540' title='bbox 866 4337 928 4396; x_wconf 93' lang='lat' dir='ltr'>tuo</span> <span class='ocrx_word' id='word_1_541' title='bbox 943 4327 1084 4416; x_wconf 90' lang='lat' dir='ltr'>corpori</span> <span class='ocrx_word' id='word_1_542' title='bbox 1135 4327 1278 4419; x_wconf 89' lang='lat' dir='ltr'>quando</span> <span class='ocrx_word' id='word_1_543' title='bbox 1307 4331 1367 4394; x_wconf 71' lang='lat' dir='ltr'>adr</span> <span class='ocrx_word' id='word_1_544' title='bbox 1397 4351 1458 4416; x_wconf 92' lang='lat' dir='ltr'>per</span> <span class='ocrx_word' id='word_1_545' title='bbox 1485 4349 1644 4416; x_wconf 88' lang='lat' dir='ltr'>asperam</span> <span class='ocrx_word' id='word_1_546' title='bbox 1673 4331 1839 4400; x_wconf 88' lang='lat' dir='ltr'>arteriam</span> <span class='ocrx_word' id='word_1_547' title='bbox 1862 4332 1902 4400; x_wconf 92' lang='lat' dir='ltr'>in</span> <span class='ocrx_word' id='word_1_548' title='bbox 1923 4331 2116 4425; x_wconf 80' lang='lat' dir='ltr'>laryngerp,</span> 
     </span>
     <span class='ocr_line' id='line_1_41' title="bbox 96 4422 2116 4526; baseline 0 -26"><span class='ocrx_word' id='word_1_549' title='bbox 96 4453 242 4526; x_wconf 86' lang='lat' dir='ltr'>parcas,</span> <span class='ocrx_word' id='word_1_550' title='bbox 267 4427 302 4499; x_wconf 87' lang='grc' dir='ltr'>ει</span> <span class='ocrx_word' id='word_1_551' title='bbox 322 4427 412 4498; x_wconf 93' lang='lat' dir='ltr'>sicut</span> <span class='ocrx_word' id='word_1_552' title='bbox 425 4423 558 4497; x_wconf 86' lang='lat' dir='ltr'>Paulus</span> <span class='ocrx_word' id='word_1_553' title='bbox 578 4423 712 4517; x_wconf 90' lang='lat' dir='ltr'>inquit:</span> <span class='ocrx_word' id='word_1_554' title='bbox 740 4425 861 4499; x_wconf 90' lang='lat' dir='ltr'>Tuum</span> <span class='ocrx_word' id='word_1_555' title='bbox 878 4447 1004 4518; x_wconf 84' lang='lat' dir='ltr'>corpus</span> <span class='ocrx_word' id='word_1_556' title='bbox 1017 4422 1084 4496; x_wconf 91' lang='lat' dir='ltr'>bo·</span> <span class='ocrx_word' id='word_1_557' title='bbox 1135 4449 1226 4521; x_wconf 89' lang='lat' dir='ltr'>quae</span> <span class='ocrx_word' id='word_1_558' title='bbox 1242 4439 1293 4494; x_wconf 89' lang='lat' dir='ltr'>est</span> <span class='ocrx_word' id='word_1_559' title='bbox 1308 4441 1414 4517; x_wconf 86' lang='lat' dir='ltr'>caput</span> <span class='ocrx_word' id='word_1_560' title='bbox 1428 4449 1569 4518; x_wconf 86' lang='lat' dir='ltr'>asperae</span> <span class='ocrx_word' id='word_1_561' title='bbox 1585 4430 1743 4513; x_wconf 87' lang='lat' dir='ltr'>arteriae,</span> <span class='ocrx_word' id='word_1_562' title='bbox 1768 4432 1892 4515; x_wconf 91' lang='lat' dir='ltr'>fertur,</span> <span class='ocrx_word' id='word_1_563' title='bbox 1918 4443 2023 4524; x_wconf 87' lang='lat' dir='ltr'>atque</span> <span class='ocrx_word' id='word_1_564' title='bbox 2041 4433 2116 4505; x_wconf 87' lang='lat' dir='ltr'>illic</span> 
     </span>
     <span class='ocr_line' id='line_1_42' title="bbox 90 4520 2116 4626; baseline -0.001 -22"><span class='ocrx_word' id='word_1_565' title='bbox 90 4556 188 4604; x_wconf 83' lang='lat' dir='ltr'>nore</span> <span class='ocrx_word' id='word_1_566' title='bbox 209 4529 360 4600; x_wconf 78' lang='lat' dir='ltr'>adficias</span> <span class='ocrx_word' id='word_1_567' title='bbox 385 4577 399 4616; x_wconf 89' lang='lat'>.·</span> <span class='ocrx_word' id='word_1_568' title='bbox 417 4521 580 4600; x_wconf 72' lang='lat' dir='ltr'>Debetur,</span> <span class='ocrx_word' id='word_1_569' title='bbox 597 4525 693 4596; x_wconf 91' lang='lat' dir='ltr'>enim</span> <span class='ocrx_word' id='word_1_570' title='bbox 714 4520 830 4596; x_wconf 84' lang='lat' dir='ltr'>bonos</span> <span class='ocrx_word' id='word_1_571' title='bbox 854 4525 931 4598; x_wconf 86' lang='lat' dir='ltr'>Dsu</span> <span class='ocrx_word' id='word_1_572' title='bbox 955 4527 1085 4622; x_wconf 78' lang='lat' dir='ltr'>opifici,</span> <span class='ocrx_word' id='word_1_573' title='bbox 1137 4549 1199 4619; x_wconf 89' lang='lat' dir='ltr'>pec</span> <span class='ocrx_word' id='word_1_574' title='bbox 1224 4540 1409 4614; x_wconf 87' lang='lat' dir='ltr'>angustam</span> <span class='ocrx_word' id='word_1_575' title='bbox 1432 4527 1616 4613; x_wconf 87' lang='lat' dir='ltr'>rimulam,</span> <span class='ocrx_word' id='word_1_576' title='bbox 1649 4552 1738 4622; x_wconf 85' lang='lat' dir='ltr'>ques</span> <span class='ocrx_word' id='word_1_577' title='bbox 1762 4532 1800 4601; x_wconf 91' lang='lat' dir='ltr'>in</span> <span class='ocrx_word' id='word_1_578' title='bbox 1820 4532 1965 4626; x_wconf 86' lang='lat' dir='ltr'>lacynge</span> <span class='ocrx_word' id='word_1_579' title='bbox 1985 4531 2116 4620; x_wconf 83' lang='lat' dir='ltr'>existit,</span> 
     </span>
     <span class='ocr_line' id='line_1_43' title="bbox 98 4625 2116 4724; baseline 0 -21"><span class='ocrx_word' id='word_1_580' title='bbox 98 4649 133 4708; x_wconf 88' lang='lat' dir='ltr'>et</span> <span class='ocrx_word' id='word_1_581' title='bbox 147 4635 275 4720; x_wconf 80' lang='lat' dir='ltr'>ideae,</span> <span class='ocrx_word' id='word_1_582' title='bbox 293 4651 364 4724; x_wconf 80' lang='lat' dir='ltr'>qua</span> <span class='ocrx_word' id='word_1_583' title='bbox 376 4627 523 4701; x_wconf 85' lang='lat' dir='ltr'>vestitus</span> <span class='ocrx_word' id='word_1_584' title='bbox 537 4640 589 4698; x_wconf 87' lang='lat' dir='ltr'>est</span> <span class='ocrx_word' id='word_1_585' title='bbox 603 4627 720 4700; x_wconf 58' lang='lat' dir='ltr'>lilius.»</span> <span class='ocrx_word' id='word_1_586' title='bbox 1136 4627 1342 4720; x_wconf 88' lang='lat' dir='ltr'>impellitur.</span> <span class='ocrx_word' id='word_1_587' title='bbox 1394 4625 1520 4698; x_wconf 88' lang='lat' dir='ltr'>Pulmo</span> <span class='ocrx_word' id='word_1_588' title='bbox 1545 4630 1641 4700; x_wconf 87' lang='lat' dir='ltr'>enim</span> <span class='ocrx_word' id='word_1_589' title='bbox 1661 4655 1725 4704; x_wconf 90' lang='lat' dir='ltr'>ceu</span> <span class='ocrx_word' id='word_1_590' title='bbox 1743 4633 1916 4704; x_wconf 89' lang='lat' dir='ltr'>utriculus</span> <span class='ocrx_word' id='word_1_591' title='bbox 1929 4630 2116 4719; x_wconf 83' lang='lat' dir='ltr'>agitatusa</span> 
     </span>
    </p>

    <p class='ocr_par' dir='ltr' id='par_1_7' title="bbox 90 4722 2215 5428">
     <span class='ocr_line' id='line_1_44' title="bbox 204 4722 2147 4828; baseline 0.002 -26"><span class='ocrx_word' id='word_1_592' title='bbox 204 4731 275 4802; x_wconf 88' lang='lat' dir='ltr'>Sed</span> <span class='ocrx_word' id='word_1_593' title='bbox 291 4729 484 4817; x_wconf 78' lang='lat' dir='ltr'>utdiscant</span> <span class='ocrx_word' id='word_1_594' title='bbox 500 4729 658 4800; x_wconf 89' lang='lat' dir='ltr'>iuniores</span> <span class='ocrx_word' id='word_1_595' title='bbox 672 4728 817 4796; x_wconf 87' lang='lat' dir='ltr'>usitatas</span> <span class='ocrx_word' id='word_1_596' title='bbox 827 4726 1086 4817; x_wconf 81' lang='lat' dir='ltr'>,descriptiones</span> <span class='ocrx_word' id='word_1_597' title='bbox 1136 4727 1305 4803; x_wconf 87' lang='lat' dir='ltr'>musculis</span> <span class='ocrx_word' id='word_1_598' title='bbox 1336 4722 1508 4812; x_wconf 85' lang='lat' dir='ltr'>thoracis,</span> <span class='ocrx_word' id='word_1_599' title='bbox 1540 4735 1654 4802; x_wconf 69' lang='lat' dir='ltr'>adrem</span> <span class='ocrx_word' id='word_1_600' title='bbox 1680 4755 1744 4822; x_wconf 88' lang='lat' dir='ltr'>per</span> <span class='ocrx_word' id='word_1_601' title='bbox 1765 4727 1941 4803; x_wconf 73' lang='lat' dir='ltr'>trocheum</span> <span class='ocrx_word' id='word_1_602' title='bbox 1961 4733 2117 4825; x_wconf 86' lang='lat' dir='ltr'>impellit</span> <span class='ocrx_word' id='word_1_603' title='bbox 2142 4819 2147 4828; x_wconf 17' lang='grc' dir='ltr'><strong>ῃ</strong></span> 
     </span>
     <span class='ocr_line' id='line_1_45' title="bbox 90 4823 2215 4935; baseline 0.002 -31"><span class='ocrx_word' id='word_1_604' title='bbox 90 4833 302 4935; x_wconf 77' lang='lat' dir='ltr'>pulmonis,</span> <span class='ocrx_word' id='word_1_605' title='bbox 327 4845 361 4903; x_wconf 87' lang='grc' dir='ltr'>ει</span> <span class='ocrx_word' id='word_1_606' title='bbox 383 4829 572 4914; x_wconf 79' lang='lat' dir='ltr'>discrimen</span> <span class='ocrx_word' id='word_1_607' title='bbox 596 4823 758 4900; x_wconf 85' lang='lat' dir='ltr'>tracheae</span> <span class='ocrx_word' id='word_1_608' title='bbox 773 4831 921 4910; x_wconf 87' lang='lat' dir='ltr'>arteriae</span> <span class='ocrx_word' id='word_1_609' title='bbox 936 4843 971 4900; x_wconf 90' lang='lat' dir='ltr'>et</span> <span class='ocrx_word' id='word_1_610' title='bbox 985 4851 1086 4906; x_wconf 85' lang='lat' dir='ltr'>oeso-</span> <span class='ocrx_word' id='word_1_611' title='bbox 1137 4830 1321 4924; x_wconf 88' lang='lat' dir='ltr'>aliquanto</span> <span class='ocrx_word' id='word_1_612' title='bbox 1341 4828 1549 4914; x_wconf 84' lang='lat' dir='ltr'>violentius,</span> <span class='ocrx_word' id='word_1_613' title='bbox 1574 4855 1681 4924; x_wconf 89' lang='lat' dir='ltr'>quam</span> <span class='ocrx_word' id='word_1_614' title='bbox 1701 4834 1740 4902; x_wconf 87' lang='lat' dir='ltr'>fit</span> <span class='ocrx_word' id='word_1_615' title='bbox 1763 4831 2029 4922; x_wconf 81' lang='lat' dir='ltr'>inspiratione,</span> <span class='ocrx_word' id='word_1_616' title='bbox 2053 4840 2116 4908; x_wconf 86' lang='lat' dir='ltr'>de-</span> <span class='ocrx_word' id='word_1_617' title='bbox 2203 4907 2215 4918; x_wconf 78' lang='grc'><strong><em>,</em></strong></span> 
     </span>
     <span class='ocr_line' id='line_1_46' title="bbox 99 4924 2116 5027; baseline -0.001 -23"><span class='ocrx_word' id='word_1_618' title='bbox 99 4931 228 5026; x_wconf 90' lang='lat' dir='ltr'>phagi,</span> <span class='ocrx_word' id='word_1_619' title='bbox 261 4953 369 5026; x_wconf 82' lang='lat' dir='ltr'>pauca</span> <span class='ocrx_word' id='word_1_620' title='bbox 405 4933 449 5002; x_wconf 87' lang='lat' dir='ltr'>de</span> <span class='ocrx_word' id='word_1_621' title='bbox 481 4924 537 5000; x_wconf 88' lang='lat' dir='ltr'>his</span> <span class='ocrx_word' id='word_1_622' title='bbox 562 4930 735 5000; x_wconf 88' lang='lat' dir='ltr'>mirandis</span> <span class='ocrx_word' id='word_1_623' title='bbox 764 4932 929 5021; x_wconf 86' lang='lat' dir='ltr'>operibus</span> <span class='ocrx_word' id='word_1_624' title='bbox 960 4931 1087 5003; x_wconf 88' lang='lat' dir='ltr'>dicam.</span> <span class='ocrx_word' id='word_1_625' title='bbox 1138 4932 1221 5002; x_wconf 89' lang='lat' dir='ltr'>inde</span> <span class='ocrx_word' id='word_1_626' title='bbox 1246 4931 1285 4999; x_wconf 90' lang='lat' dir='ltr'>in</span> <span class='ocrx_word' id='word_1_627' title='bbox 1302 4931 1479 5024; x_wconf 83' lang='lat' dir='ltr'>laryn·gem</span> <span class='ocrx_word' id='word_1_628' title='bbox 1492 4932 1667 5016; x_wconf 91' lang='lat' dir='ltr'>truditur,</span> <span class='ocrx_word' id='word_1_629' title='bbox 1686 4935 1754 5020; x_wconf 86' lang='lat' dir='ltr'>&#39;per</span> <span class='ocrx_word' id='word_1_630' title='bbox 1767 4930 1868 5000; x_wconf 88' lang='lat' dir='ltr'>cuius</span> <span class='ocrx_word' id='word_1_631' title='bbox 1883 4933 2010 5006; x_wconf 89' lang='lat' dir='ltr'>rimam</span> <span class='ocrx_word' id='word_1_632' title='bbox 2025 4959 2116 5027; x_wconf 79' lang='lat' dir='ltr'>quae</span> 
     </span>
     <span class='ocr_line' id='line_1_47' title="bbox 101 5025 2114 5132; baseline 0.001 -24"><span class='ocrx_word' id='word_1_633' title='bbox 101 5035 302 5132; x_wconf 68' lang='lat' dir='ltr'>cavitatem</span> <span class='ocrx_word' id='word_1_634' title='bbox 331 5031 424 5102; x_wconf 90' lang='lat' dir='ltr'>circa</span> <span class='ocrx_word' id='word_1_635' title='bbox 447 5055 508 5115; x_wconf 80' lang='lat' dir='ltr'>cor</span> <span class='ocrx_word' id='word_1_636' title='bbox 531 5031 654 5125; x_wconf 88' lang='lat' dir='ltr'>implet</span> <span class='ocrx_word' id='word_1_637' title='bbox 680 5032 820 5123; x_wconf 90' lang='lat' dir='ltr'>pulmo,</span> <span class='ocrx_word' id='word_1_638' title='bbox 850 5031 915 5124; x_wconf 83' lang='lat' dir='ltr'>qui</span> <span class='ocrx_word' id='word_1_639' title='bbox 934 5046 984 5106; x_wconf 88' lang='lat' dir='ltr'>est</span> <span class='ocrx_word' id='word_1_640' title='bbox 1004 5053 1086 5102; x_wconf 86' lang='lat' dir='ltr'>caro</span> <span class='ocrx_word' id='word_1_641' title='bbox 1137 5032 1641 5124; x_wconf 79' lang='lat' dir='ltr'>proprieglottisvocatur,eo,</span> <span class='ocrx_word' id='word_1_642' title='bbox 1659 5031 1755 5123; x_wconf 85' lang='lat' dir='ltr'>quod</span> <span class='ocrx_word' id='word_1_643' title='bbox 1766 5025 1811 5104; x_wconf 80' lang='lat' dir='ltr'>cd</span> <span class='ocrx_word' id='word_1_644' title='bbox 1827 5026 1985 5126; x_wconf 81' lang='grc' dir='ltr'>σχήματι</span> <span class='ocrx_word' id='word_1_645' title='bbox 1996 5035 2114 5117; x_wconf 71' lang='lat' dir='ltr'>atltae</span> 
     </span>
     <span class='ocr_line' id='line_1_48' title="bbox 103 5125 2117 5232; baseline 0 -26"><span class='ocrx_word' id='word_1_646' title='bbox 103 5143 353 5223; x_wconf 62' lang='lat' dir='ltr'>ebremata,</span> <span class='ocrx_word' id='word_1_647' title='bbox 386 5133 523 5217; x_wconf 85' lang='lat' dir='ltr'>mollis,</span> <span class='ocrx_word' id='word_1_648' title='bbox 549 5134 755 5223; x_wconf 84' lang='lat' dir='ltr'>spongiosa,</span> <span class='ocrx_word' id='word_1_649' title='bbox 777 5132 906 5206; x_wconf 88' lang='lat' dir='ltr'>similis</span> <span class='ocrx_word' id='word_1_650' title='bbox 924 5134 1088 5222; x_wconf 87' lang='lat' dir='ltr'>coagula-</span> <span class='ocrx_word' id='word_1_651' title='bbox 1138 5125 1282 5232; x_wconf 69' lang='grc' dir='ltr'><strong><em>γλώττῃ</em></strong></span> <span class='ocrx_word' id='word_1_652' title='bbox 1304 5125 1561 5228; x_wconf 75' lang='grc' dir='ltr'>παραπλήσιον</span> <span class='ocrx_word' id='word_1_653' title='bbox 1582 5132 1686 5202; x_wconf 88' lang='lat' dir='ltr'>elisus</span> <span class='ocrx_word' id='word_1_654' title='bbox 1707 5154 1828 5202; x_wconf 87' lang='lat' dir='ltr'>vocem</span> <span class='ocrx_word' id='word_1_655' title='bbox 1849 5135 1996 5223; x_wconf 86' lang='lat' dir='ltr'>format,</span> <span class='ocrx_word' id='word_1_656' title='bbox 2016 5135 2117 5230; x_wconf 75' lang='lat' dir='ltr'>&#39;quae</span> 
     </span>
     <span class='ocr_line' id='line_1_49' title="bbox 104 5228 2118 5329; baseline -0.003 -21"><span class='ocrx_word' id='word_1_657' title='bbox 104 5251 160 5308; x_wconf 85' lang='lat' dir='ltr'>tae</span> <span class='ocrx_word' id='word_1_658' title='bbox 184 5259 329 5326; x_wconf 70' lang='lat' dir='ltr'>spunpe</span> <span class='ocrx_word' id='word_1_659' title='bbox 345 5232 545 5323; x_wconf 75' lang='lat' dir='ltr'>sanguinis,</span> <span class='ocrx_word' id='word_1_660' title='bbox 567 5234 707 5306; x_wconf 79' lang='lat' dir='ltr'>insertis</span> <span class='ocrx_word' id='word_1_661' title='bbox 723 5237 760 5304; x_wconf 89' lang='lat' dir='ltr'>in</span> <span class='ocrx_word' id='word_1_662' title='bbox 774 5257 851 5302; x_wconf 91' lang='lat' dir='ltr'>earn</span> <span class='ocrx_word' id='word_1_663' title='bbox 867 5258 1007 5311; x_wconf 83' lang='lat' dir='ltr'>carnem</span> <span class='ocrx_word' id='word_1_664' title='bbox 1022 5235 1089 5304; x_wconf 88' lang='lat' dir='ltr'>tri-</span> <span class='ocrx_word' id='word_1_665' title='bbox 1139 5234 1223 5305; x_wconf 83' lang='lat' dir='ltr'>inde</span> <span class='ocrx_word' id='word_1_666' title='bbox 1243 5232 1405 5311; x_wconf 81' lang='lat' dir='ltr'>inlatam</span> <span class='ocrx_word' id='word_1_667' title='bbox 1423 5235 1498 5303; x_wconf 88' lang='lat' dir='ltr'>oris</span> <span class='ocrx_word' id='word_1_668' title='bbox 1509 5230 1779 5320; x_wconf 86' lang='lat' dir='ltr'>amplitudinem</span> <span class='ocrx_word' id='word_1_669' title='bbox 1790 5228 1924 5321; x_wconf 77' lang='lat' dir='ltr'>delata,</span> <span class='ocrx_word' id='word_1_670' title='bbox 1948 5252 1983 5329; x_wconf 68' lang='grc' dir='ltr'>ει</span> <span class='ocrx_word' id='word_1_671' title='bbox 1994 5259 2118 5328; x_wconf 59' lang='lat' dir='ltr'>gagg.</span> 
     </span>
     <span class='ocr_line' id='line_1_50' title="bbox 106 5331 2119 5428; baseline -0 -20"><span class='ocrx_word' id='word_1_672' title='bbox 106 5340 172 5410; x_wconf 89' lang='lat' dir='ltr'>bus</span> <span class='ocrx_word' id='word_1_673' title='bbox 196 5337 339 5420; x_wconf 85' lang='lat' dir='ltr'>fistulis,</span> <span class='ocrx_word' id='word_1_674' title='bbox 364 5357 458 5428; x_wconf 57' lang='lat' dir='ltr'>quae,</span> <span class='ocrx_word' id='word_1_675' title='bbox 477 5348 647 5426; x_wconf 83' lang='lat' dir='ltr'>spargunt</span> <span class='ocrx_word' id='word_1_676' title='bbox 665 5355 782 5406; x_wconf 85' lang='lat' dir='ltr'>ramos</span> <span class='ocrx_word' id='word_1_677' title='bbox 796 5347 976 5409; x_wconf 78' lang='lat' dir='ltr'>contentos</span> <span class='ocrx_word' id='word_1_678' title='bbox 992 5334 1089 5406; x_wconf 89' lang='lat' dir='ltr'>velut</span> <span class='ocrx_word' id='word_1_679' title='bbox 1130 5333 1241 5416; x_wconf 76' lang='lat' dir='ltr'>raoni</span> <span class='ocrx_word' id='word_1_680' title='bbox 1262 5333 1385 5424; x_wconf 82' lang='lat' dir='ltr'>illisa,</span> <span class='ocrx_word' id='word_1_681' title='bbox 1402 5333 1498 5407; x_wconf 80' lang='lat' dir='ltr'>varie</span> <span class='ocrx_word' id='word_1_682' title='bbox 1520 5331 1941 5416; x_wconf 69' lang='lat' dir='ltr'>fomentaverunt,</span> <span class='ocrx_word' id='word_1_683' title='bbox 1966 5339 2061 5411; x_wconf 84' lang='lat' dir='ltr'>unde</span> <span class='ocrx_word' id='word_1_684' title='bbox 2083 5351 2119 5420; x_wconf 72' lang='lat' dir='ltr'>et</span> 
     </span>
    </p>
   </div>
   <div class='ocr_carea' id='block_1_7' title="bbox 107 5431 2119 5611">
    <p class='ocr_par' dir='ltr' id='par_1_8' title="bbox 107 5431 2119 5611">
     <span class='ocr_line' id='line_1_51' title="bbox 107 5431 2119 5532; baseline 0 -24"><span class='ocrx_word' id='word_1_685' title='bbox 107 5454 213 5511; x_wconf 84' lang='lat' dir='ltr'>recte.</span> <span class='ocrx_word' id='word_1_686' title='bbox 266 5435 449 5524; x_wconf 83' lang='lat' dir='ltr'>Grandior</span> <span class='ocrx_word' id='word_1_687' title='bbox 469 5448 521 5506; x_wconf 85' lang='grc' dir='ltr'>εει</span> <span class='ocrx_word' id='word_1_688' title='bbox 542 5457 667 5507; x_wconf 88' lang='lat' dir='ltr'>mucro</span> <span class='ocrx_word' id='word_1_689' title='bbox 689 5431 849 5532; x_wconf 80' lang='lat' dir='ltr'>tracbeae</span> <span class='ocrx_word' id='word_1_690' title='bbox 864 5435 1015 5513; x_wconf 77' lang='lat' dir='ltr'>arteriae</span> <span class='ocrx_word' id='word_1_691' title='bbox 1032 5436 1098 5515; x_wconf 74' lang='lat' dir='ltr'>ira-³</span> <span class='ocrx_word' id='word_1_692' title='bbox 1122 5457 1333 5528; x_wconf 76' lang='lat' dir='ltr'>,gargarcon</span> <span class='ocrx_word' id='word_1_693' title='bbox 1352 5433 1460 5524; x_wconf 79' lang='lat' dir='ltr'>vulgo</span> <span class='ocrx_word' id='word_1_694' title='bbox 1481 5434 1578 5508; x_wconf 81' lang='lat' dir='ltr'>vocis</span> <span class='ocrx_word' id='word_1_695' title='bbox 1598 5434 1770 5529; x_wconf 85' lang='lat' dir='ltr'>plectrum</span> <span class='ocrx_word' id='word_1_696' title='bbox 1791 5447 1947 5511; x_wconf 80' lang='lat' dir='ltr'>vocatm.</span> <span class='ocrx_word' id='word_1_697' title='bbox 2015 5434 2119 5508; x_wconf 88' lang='lat' dir='ltr'>Unde</span> 
     </span>
     <span class='ocr_line' id='line_1_52' title="bbox 160 5533 1496 5611; baseline -0.002 -2"><span class='ocrx_word' id='word_1_698' title='bbox 160 5539 346 5611; x_wconf 81' lang='lat' dir='ltr'>Mrrrrrrr.</span> <span class='ocrx_word' id='word_1_699' title='bbox 371 5541 477 5607; x_wconf 84' lang='lat' dir='ltr'>Orn.</span> <span class='ocrx_word' id='word_1_700' title='bbox 501 5539 586 5608; x_wconf 75' lang='lat' dir='ltr'>Vos.</span> <span class='ocrx_word' id='word_1_701' title='bbox 611 5533 690 5610; x_wconf 80' lang='grc' dir='ltr'>ΧΠ.</span> <span class='ocrx_word' id='word_1_702' title='bbox 1448 5533 1496 5607; x_wconf 68' lang='grc'>14</span> 
     </span>
    </p>
   </div>
   <div class='ocr_carea' id='block_1_8' title="bbox 0 0 2368 5812">
    <p class='ocr_par' dir='ltr' id='par_1_9' title="bbox 0 0 2368 5812">
     <span class='ocr_line' id='line_1_53' title="bbox 0 0 2368 5812; baseline 0 0"><span class='ocrx_word' id='word_1_703' title='bbox 0 0 2368 5812; x_wconf 95' lang='lat' dir='ltr'> </span> 
     </span>
    </p>
   </div>
  </div>
 </body>
</html>
