4606 5822
70 318 135 394 ott

69 507 140 560 cum
154 482 226 554 lilio
242 491 277 554 et
291 475 431 574 Spiritu
446 489 567 552 sancto
582 475 745 549 condidit
763 499 888 550 omnes
898 485 1038 560 creatu-

68 611 133 677 ras,
156 597 190 657 et
203 596 389 656 conservat
406 603 527 654 aarum
542 578 769 652 inhumatas

157 702 193 775 9.
224 699 338 772 Filius
353 711 518 770 aeternus
535 711 586 768 est
600 697 754 768 secunda
770 715 918 786 persona
941 689 1038 782 divi-

67 806 196 892 nitatis,
234 825 309 872 non
333 814 450 871 creata
471 823 513 869 ex
544 793 678 882 nihilo,
718 797 780 866 sed
811 817 831 864 a
864 803 962 885 patre
993 793 1038 861 ab

66 921 197 978 aeterno
219 902 356 993 genita,
379 903 424 971 da
443 899 554 990 ipsius
576 897 789 981 substantia,
823 906 858 965 et
881 908 933 965 εει
953 893 1038 964 sub-

65 1004 226 1079 stantialis
244 1015 278 1073 ει
293 1003 430 1093 integra
452 1003 566 1089 imago
587 998 724 1070 aeterni
746 995 875 1089 patris,
901 985 1039 1088 spond-

65 1131 133 1188 utoc
147 1105 248 1200 patri,
272 1127 379 1200 quam
396 1115 496 1194 pater
511 1123 586 1171 sese
603 1101 747 1170 intuens
761 1110 796 1170 et
810 1095 1038 1168 considerans

66 1211 185 1300 gignit,
212 1227 303 1300 quae
326 1206 432 1275 nobis
453 1203 505 1272 sic
524 1202 745 1272 manifestata
768 1211 838 1284 est,
874 1197 969 1290 quod
992 1194 1038 1266 sit

66 1305 173 1407 λόγος,
199 1331 239 1378 ac
253 1327 413 1398 persona,
433 1325 498 1396 per
513 1324 619 1396 quarn
632 1317 733 1396 pater
748 1299 836 1370 dicit
847 1299 1037 1382 decretum,

65 1425 94 1480 et
108 1424 217 1481 toturn
234 1409 397 1479 ordinem
410 1403 599 1477 creationis
613 1416 648 1474 ει
661 1400 897 1494 reparationis
920 1393 1038 1468 homi·

66 1535 160 1598 nurn,
183 1523 218 1581 et
240 1509 338 1602 quod
358 1503 416 1577 liic
431 1507 528 1576 lilius
542 1504 670 1576 missus
684 1500 888 1574 immediate
903 1499 1037 1592 patefe-

66 1607 408 1699 ceritEvangelium,
433 1620 469 1678 et
482 1604 697 1677 adsumserit
715 1600 909 1675 humanam
931 1612 1036 1671 natu·

66 1736 148 1790 ram,
178 1723 212 1782 ει
232 1711 281 1779 sit
304 1709 501 1800 mediator,
524 1707 703 1777 redemtor
718 1721 753 1778 ει
766 1701 1037 1784 salvator,.col-

64 1813 163 1900 ligans
172 1807 366 1882 Ecclesiam
384 1810 423 1878 in
439 1831 566 1900 genere
578 1799 756 1894 lruma'no,
780 1821 814 1878 et
827 1803 1037 1879 resuscitans

67 1935 132 1982 eam
148 1913 191 1980 ad
209 1911 320 1980 vitem
335 1923 526 1982 aeternam.
595 1949 601 1956 ·

158 2032 215 2100 to.
250 2027 406 2118 Spiritus
431 2039 571 2096 sanctus
585 2036 638 2097 est
652 2047 804 2116 persona
818 2023 921 2094 tertia
943 2019 1037 2092 divi-

67 2131 194 2216 nitatis‚
234 2129 429 2221 procedens
451 2127 497 2195 ab
521 2138 785 2218 aeternopatre
811 2138 845 2194 et
873 2125 966 2205 lilio,
1003 2137 1038 2195 et

68 2223 250 2320 ὃμοούσιος
262 2229 325 2312 εἰε,
352 2239 386 2297 ει
402 2241 454 2298 εει
471 2249 572 2298 arnor
586 2240 621 2297 et
635 2227 771 2297 laeticia
787 2225 1038 2309 substantialis,

68 2345 95 2398 et
108 2331 254 2401 mittitur
270 2325 547 2419 voceEvangelii
561 2328 601 2398 in
615 2331 721 2397 corda
736 2328 975 2414 credentium,
997 2337 1040 2396 ut

67 2432 296 2502 adsensionem
325 2430 365 2497 in
392 2429 443 2499 eis
468 2430 652 2500 confirmet
677 2441 711 2500 et
734 2429 901 2499 accendat
922 2441 1040 2497 motus

69 2545 285 2620 congruentes
300 2527 394 2609 Deo,
421 2541 456 2599 et
476 2530 602 2600 excitet
623 2530 884 2601 invocationem
910 2542 944 2601 et
965 2528 1038 2598 lae·

60 2623 173 2702 'ticiam
189 2633 227 2700 in
245 2629 322 2702 Deo
339 2630 631 2724 acquiescentem.

158 2751 216 2824 11.
246 2747 363 2819 Filius
377 2747 584 2818 nominatur
597 2739 705 2845 λόγος
726 2769 801 2817 non
820 2760 956 2819 tantum
982 2770 1039 2816 re-

71 2862 176 2939 spectu
189 2849 311 2942 patris,
337 2849 420 2942 quia
436 2849 649 2940 cogitatione
666 2847 834 2930 nascitur,
855 2851 917 2919 sed
933 2847 1039 2918 etiarn

71 2949 156 3035 ideo,
176 2952 257 3046 quia
272 2949 458 3020 nobiscum
475 2949 650 3044 loquitur,
676 2951 811 3042 prolert
824 2973 989 3020 arcanum
1005 2962 1041 3020 ει

70 3052 303 3122 admirandum
334 3051 512 3121 decretum
542 3051 587 3120 de
617 3063 737 3120 nostra
758 3051 871 3120 salute
893 3077 934 3122 ει
958 3051 1040 3120 sinu

71 3152 187 3220 aeterni
216 3149 346 3246 patris,
366 3163 557 3224 'sustentat
586 3151 821 3224 ministerium
842 3148 1041 3243 Evangelii,

74 3252 141 3320 etei
154 3253 268 3336 adest,
292 3265 343 3323 εει
358 3252 477 3322 efficax
493 3275 556 3343 per
571 3276 692 3324 vocem
706 3249 912 3343 Evangelii,
937 3275 1041 3322 mon-

74 3365 146 3421 strat
161 3353 197 3422 in
213 3352 382 3423 cordibus
403 3363 586 3420 aeternum
610 3363 765 3438 patrem,
787 3354 880 3424 sicut
903 3354 1039 3445 inquit:

73 3447 170 3522 Nemo
186 3454 286 3524 novit
302 3464 437 3544 patrem
460 3449 530 3520 nisi
550 3448 663 3530 lilius,
695 3463 730 3520 et
749 3447 807 3520 cui
828 3449 924 3521 volet
945 3450 1041 3520 lilius

73 3555 221 3629 revelare.
271 3547 321 3624 Et
337 3576 400 3646 per
413 3574 494 3622 euro
510 3551 616 3621 datur
632 3547 788 3642 Spiritus
810 3565 969 3636 sanctus,
1000 3575 1041 3622 ac

74 3667 151 3724 recte
165 3655 295 3726 dictum
311 3666 365 3724 εει
379 3654 425 3723 ab
438 3647 655 3722 Athanasio:
687 3648 732 3721 In
748 3675 960 3748 quocunque
974 3648 1043 3724 ho·

76 3752 156 3823 mine
170 3757 301 3829 dicitur
314 3776 389 3824 esse
406 3751 562 3845 Spiritus
584 3766 744 3839 sanctus,
775 3752 815 3824 in
839 3777 882 3825 eo
904 3767 962 3828 est
980 3778 1044 3846 per

77 3855 216 3926 verbum.
279 3853 422 3928 Laetari
445 3855 484 3925 in
505 3849 601 3940 Deo,
634 3854 726 3925 etin
747 3878 788 3925 eo
811 3857 1044 3952 acquiescere,

76 3968 103 4022 ct
116 3959 386 4050 eum-invocare,
410 3969 526 4027 motus
547 3968 632 4027 sunt
653 3979 743 4049 quos
764 3957 940 4030 antecedit
962 3981 1043 4028 vera

76 4048 132 4122 Dei
158 4059 305 4144 noticia,
345 4070 381 4129 et
402 4057 538 4148 agnitio
559 4057 822 4130 misericordiae
845 4084 908 4154 per
929 4059 1042 4130 filiurn

77 4169 207 4232 ostensa.

166 4281 220 4352 12.
247 4275 322 4350 Nec
337 4290 451 4370 potest
468 4277 544 4348 lieri
562 4301 643 4349 vera
661 4277 856 4366 invocatio,
887 4280 955 4350 nisi
979 4280 1044 4350 be-

79 4374 183 4448 nelrcia
205 4380 408 4450 mediatoris
425 4393 508 4452 nota
522 4379 613 4464 sint,
638 4391 673 4450 et
686 4380 772 4465 fide,
797 4381 835 4450 id
858 4395 926 4468 est,
950 4382 1044 4453 lidu-

81 4473 121 4542 cia
141 4481 338 4562 mediatoris
365 4482 471 4552 corda
498 4481 543 4550 a'd
577 4476 693 4550 Deum
725 4483 924 4568 accedant‚·
954 4483 1045 4554 sicut

81 4573 229 4668 scripturn
247 4596 314 4654 est:
341 4579 533 4672 Quomodo
549 4581 777 4667 invocabunt,
792 4583 861 4653 nisi
877 4584 1046 4656 credent?

83 4666 122 4744 Et
140 4675 305 4774 Ephesios
320 4683 372 4758 3.:
410 4680 480 4754 Per
501 4707 606 4777 quem
629 4686 800 4754 audemus
819 4685 983 4758 accedere
1004 4687 1044 4756 in

84 4771 209 4869 fidncia,
231 4809 320 4880 quae
335 4798 388 4857 cst
400 4808 464 4879 per
479 4784 584 4856 iidem
602 4784 641 4854 in
658 4783 788 4876 ipsum.
820 4823 835 4838 ·

172 4915 226 4987 ts.
260 4915 408 4990 Necesse
431 4928 482 4989 εει
505 4917 615 5008 igitur
624 4916 725 4988 ‘seire
746 4918 936 4990 discrimen
958 4918 1046 5011 legis

695 291 1440 380 satutant-muuanuuotsts
1483 385 1485 390 ,

2000 321 2076 398 614

1087 470 1259 562 salvator,
1282 472 1410 544 merito
1437 485 1473 545 et
1493 475 1662 564 efficacia,
1688 501 1793 576 quem
1817 486 1955 559 utinam
1977 507 2070 566 recte
2160 539 2167 552 .

1087 593 1332 662 agnoscamus,
1372 586 1408 644 et
1433 574 1518 646 laeti
1553 575 1592 646 in
1632 589 1703 654 tota
1736 585 1942 662 aeternitate
1979 596 2069 668 cale-

1088 674 1241 747 bremus.
1353 767 1355 770 Ι

1192 772 1251 846 14.
1291 771 1382 844 Cum
1414 777 1457 846 de
1485 778 1561 866 lege
1584 780 1793 872 cogitamus,
1833 789 1935 862 valde
1956 795 2069 891 impe.

1088 872 1238 946 diuntnr
1257 897 1382 946 omnes
1405 871 1566 950 homiues
1587 883 1782 972 puerilibus
1804 885 2070 981 imaginationi.

1086 974 1154 1046 bus
1170 975 1209 1045 in
1223 970 1289 1046 hac
1304 991 1424 1048 nostra
1439 978 1659 1071 infirmitate,
1683 997 1725 1056 ut
1740 992 2017 1078 magnitudinem
2034 1019 2069 1077 ει

1087 1077 1359 1167 amplitudinem
1380 1073 1486 1150 huius
1511 1082 1654 1155 divinae
1675 1087 1868 1179 sapientiae
1889 1118 1963 1166 non
1983 1104 2069 1174 satis

1087 1178 1368 1264 consideremus,
1401 1183 1462 1250 sed
1485 1186 1584 1275 quasi
1600 1184 1744 1259 Solonis
1766 1192 2068 1272 autDecemvira.

1087 1275 1137 1348 les
1157 1280 1296 1351 tabulas
1317 1281 1540 1371 aspicientes,
1581 1286 1819 1364 existimemus
1851 1295 1962 1388 legem
1986 1299 2067 1391 Dei,

1086 1391 1225 1452 tantum
1241 1377 1349 1450 huius
1366 1383 1528 1471 politicae
1550 1392 1816 1462 consuetudinis
1837 1419 2010 1471 carcerem
2035 1421 2070 1478 et

1086 1481 1256 1553 mutabile
1273 1482 1456 1554 vinculum
1473 1507 1557 1560 esse.
1589 1485 1692 1560 Hanc
1708 1507 1865 1566 nostram
1882 1502 2069 1592 caliginem

1087 1582 1341 1668 taxatPaulu's,
1374 1584 1556 1679 inquiens:
1588 1585 1660 1660 Lex
1681 1593 1874 1684 spiritualis
1897 1615 1967 1688 est,
1991 1601 2069 1698 Ego

1086 1695 1203 1754 autem
1217 1685 1369 1755 carnalis
1383 1709 1460 1756 sum
1477 1691 1701 1766 venundatus
1714 1695 1781 1766 sub
1796 1713 1995 1791 peccatum,
2030 1711 2066 1779 id

1086 1795 1155 1854 est:
1187 1783 1261 1855 Lex
1285 1810 1360 1856 non
1384 1799 1437 1858 est
1458 1802 1596 1860 tanturn
1620 1793 1802 1883 politicum
1824 1799 1983 1892 frenum,
2008 1811 2069 1881 sed

1088 1899 1139 1956 est
1153 1901 1294 1957 aeterna
1308 1901 1343 1960 ει
1357 1888 1502 1960 immota
1515 1891 1689 1978 sapientia
1712 1896 1750 1966 in
1765 1895 1862 1985 Deo,
1885 1915 1921 1974 ει
1941 1930 2068 1982 norma
2171 1967 2173 1972 .
2236 1945 2240 1956 ·

1086 1986 1245 2058 iusticias
1274 1990 1313 2058 in
1343 1989 1526 2061 voluntate
1547 1991 1637 2080 Dei,
1677 1995 1879 2071 discernens
1910 2005 2005 2079 bona
2035 2027 2070 2084 ει

1087 2089 1198 2172 suala,
1238 2113 1328 2183 quae
1360 2105 1412 2161 εει
1439 2093 1607 2182 patefacta
1635 2097 1800 2170 rationali
1831 2117 2008 2181 creaturae
2029 2113 2068 2184 in

1087 2190 1283 2275 creatione,
1308 2204 1342 2262 ει
1354 2205 1475 2282 postea
1490 2217 1592 2288 saepe
1606 2199 1753 2288 repetita
1776 2213 1811 2272 et
1831 2206 1965 2280 sancita
1986 2237 2071 2285 voce
2168 2275 2172 2288 .

1087 2289 1207 2361 divina
1233 2292 1271 2360 in
1294 2289 1470 2378 Ecclesia,
1502 2299 1690 2394 ostendens
1713 2305 1808 2394 quod
1829 2305 1872 2376 sit
1894 2305 2010 2400 Deus,
2037 2331 2072 2389 et

1086 2391 1202 2484 qualis
1216 2391 1281 2478 sit,
1305 2408 1341 2465 et
1355 2396 1453 2490 quod¹
1468 2395 1515 2467 sit
1535 2397 1661 2484 iudex,
1685 2401 1848 2492 obligans
1867 2433 1990 2482 omnes
2014 2441 2071 2487 m.

1087 2493 1237 2564 tionales
1251 2509 1447 2582 creaturas,
1472 2511 1512 2570 ut
1534 2498 1608 2569 sint
1628 2503 1827 2575 conformes
1848 2507 1904 2578 illi
1925 2536 2072 2596 normae

1087 2591 1173 2680 Dei,
1196 2608 1232 2666 et
1245 2595 1417 2666 damnans
1431 2621 1555 2668 omnes
1571 2623 1612 2670 ac
1626 2601 1844 2676 denuncians
1860 2603 2071 2694 borrsssilem

1089 2697 1363 2768 destructionem
1377 2691 1566 2785 omriibus,
1591 2725 1681 2795 quae
1705 2727 1780 2774 non
1801 2730 2001 2800 congruunt
2025 2723 2070 2792 ad
2139 2737 2144 2744 '

1088 2797 1185 2866 illam
1202 2819 1386 2884 normam,
1412 2799 1483 2876 nisi
1499 2801 1544 2871 sit
1557 2801 1648 2872 lacta
1663 2805 1903 2880 reconciliatio
1926 2809 2072 2912 propter

1089 2894 1342 2982 Mediatorem,
1373 2923 1463 2992 quae
1483 2883 1569 2971 alibi
1584 2901 1631 2972 ‘in
1654 2907 1949 2995 promissionibus
1972 2943 2073 2992 reve·
2118 2917 2122 2926 ’

1089 2997 1159 3068 lata
1172 3011 1242 3082 εει,
1266 3021 1340 3069 non
1356 3015 1406 3071 est
1418 3002 1549 3072 noticia
1564 3025 1711 3076 nascens
1725 3010 1924 3089 nobiscum.

1193 3099 1251 3172 15.
1284 3097 1363 3172 Etsi
1377 3103 1550 3174 nonsatis
1571 3117 1624 3176 est
1644 3107 1756 3196 legem
1779 3112 1817 3181 in
1832 3109 1989 3190 Ecclesia
2007 3123 2073 3194 do.
2131 3129 2135 3138 '

1092 3223 1189 3287 cere,
1217 3216 1334 3273 tamen
1349 3225 1487 3295 semper
1498 3205 1575 3276 vult
1589 3201 1686 3278 Deus
1700 3223 1734 3280 ει
1748 3236 1867 3284 vocem
1890 3217 1976 3310 legis
1995 3248 2071 3294 mo·
2123 3291 2125 3296 ,
2243 3199 2246 3206 y

1090 3303 1174 3374 ralis
1190 3303 1228 3370 in
1244 3299 1400 3374 Ecclesia
1414 3325 1559 3391 sonare,
1584 3320 1617 3379 et
1629 3329 1769 3401 semper
1783 3311 1928 3389 retinuit
1943 3345 2017 3392 earn
2032 3327 2070 3396 in

1090 3425 1173 3470 vera
1186 3399 1364 3488 Ecclesia,
1390 3417 1424 3474 et
1441 3405 1579 3476 illustre
1602 3410 1842 3484 testimoninm
1865 3432 1899 3487 et
1921 3423 2072 3496 demon.

1091 3501 1216 3572 stratio
1232 3514 1303 3584 est,
1330 3506 1537 3586 ostendens,
1563 3509 1623 3598 qui
1640 3511 1758 3580 co'etus
1773 3515 1819 3586 sit
1831 3521 1984 3610 populus
1992 3523 2069 3600 Dei.
2118 3523 2120 3528 ’

1091 3599 1184 3707 Cum
1221 3603 1318 3674 enim
1343 3600 1509 3690 Ethnici,
1555 3602 1826 3686 Mahometistae
1850 3631 1883 3688 et
1909 3619 2071 3715 Papistae

1091 3704 1185 3795 leges
1215 3704 1352 3798 aliquas
1382 3702 1536 3778 habeant
1565 3711 1757 3783 contrarias
1775 3714 1968 3810 Deralogo,
2002 3728 2083 3798 ima

1092 3805 1260 3900 possibile
1276 3821 1326 3878 est
1341 3830 1399 3876 eos
1413 3829 1486 3876 esse
1494 3805 1685 3882 Ecclesiam
1696 3809 1775 3890 Dei.
1813 3817 1863 3890 Ut
1878 3824 1970 3892 enim
1981 3823 2070 3900 Eth-
2160 3885 2167 3896 .

1093 3908 1165 3978 niti
1187 3907 1363 3978 finxerunt
1383 3933 1474 3978 nova
1499 3910 1664 3998 numina,
1695 3913 1745 3985 sic
1767 3917 1927 4012 Papistae
1948 3927 2072 4004 iubent

1093 4011 1258 4078 invocare
1278 4004 1439 4079 homines
1454 4025 1629 4094 mortuos,
1651 4015 1881 4096 instituerunt
1904 4027 1990 4101 salsa
2014 4055 2070 4104 sa-

1094 4109 1221 4180 crificia
1250 4119 1285 4180 et
1307 4112 1411 4182 falsas
1431 4113 1666 4185 adorationes.
1711 4117 1841 4208 ,ltem,
1871 4127 1979 4216 legem
2006 4127 2069 4202 lm.

1094 4212 1182 4282 beot
1205 4211 1249 4279 de
1267 4214 1442 4282 coelibatu
1468 4215 1707 4304 sacerdotum,
1741 4227 1953 4298 contrariam
1975 4233 2071 4302 divi-

1094 4336 1173 4383 nae.
1223 4308 1331 4397 Item,
1350 4335 1493 4404 prorsus
1508 4314 1626 4388 delent
1640 4337 1863 4415 praeceptum
1879 4319 1929 4398 dc*
1941 4355 2068 4406 concu-

1093 4414 1262 4507 piscentia
1280 4415 1370 4485 sicut
1383 4409 1576 4488 Pharisaei.
1640 4493 1643 4500 ,

1197 4517 1255 4588 16.
1289 4513 1367 4586 Ηοε
1382 4514 1623 4588 ιεειίιιιοιιίιιιιι
1639 4521 1683 4590 de
1697 4519 1852 4599 Ecclesia
1869 4546 2005 4621 gratum
2021 4503 2073 4610 est
2094 4531 2101 4538 ’

1094 4618 1163 4711 piis
1190 4617 1390 4702 mentibus,
1428 4630 1464 4688 ει
1491 4641 1656 4709 magnum
1679 4619 1855 4700 Ecclesiae
1884 4635 1988 4706 deon
2012 4655 2073 4728 est,

1095 4719 1192 4814 quod
1208 4719 1247 4788 in
1263 4719 1340 4789 solo
1363 4741 1404 4790 eo
1424 4733 1526 4792 coetu
1548 4745 1687 4818 semper
1705 4732 1834 4804 mansit
1847 4735 1911 4804 lex
1927 4734 1993 4808 Dei
2014 4739 2073 4812 in-

1095 4835 1273 4912 corrupta.

1200 4921 1258 4994 17.
1292 4921 1361 4993 Per
1380 4923 1491 5014 legem
1508 4926 1639 5014 agnitio
1661 4942 1712 5033 est
1733 4937 1877 5022 peccati.
1912 4905 2073 5018 ‘Necesse

87 5020 114 5078 et
130 5006 324 5109 Evangelii,
362 5020 401 5089 in
433 5042 506 5112 quo
525 5019 777 5090 admirandum
799 5021 978 5096 decretum
1002 5024 1047 5093 de
1076 5028 1080 5042 '
1096 5037 1148 5095 est
1161 5023 1271 5114 igitur
1282 5026 1392 5115 legem
1409 5025 1449 5094 in
1462 5021 1617 5097 Ecclesia
1633 5053 1777 5118 sonare,
1808 5050 1847 5108 ut
1865 5063 2001 5136 semper
2017 5047 2074 5118 in-

88 5115 271 5192 ermium,
300 5131 541 5214 pemani-um,
580 5109 876 5192 ua‘restitutiona
898 5137 1047 5195 naturae
1096 5126 1254 5216 telligant
1269 5119 1432 5197 hoinines
1447 5127 1609 5198 ordinem
1627 5145 1662 5201 et
1674 5133 1863 5210 discrimen
1878 5122 1970 5215 inter
1985 5163 2075 5220 recta
2147 5135 2152 5146 ¹

90 5199 256 5325 humanae,
300 5235 335 5294 et
372 5224 416 5292 de
455 5220 591 5293 iusticia
620 5235 761 5294 aeterna
793 5225 958 5315 patefecit
986 5248 1049 5317 per
1097 5226 1378 5320 placentiaDeo,
1402 5241 1437 5299 ει
1449 5250 1523 5298 non
1538 5233 1649 5317 recta,
1674 5235 1803 5329 quibus
1816 5267 1898 5314 vere
1912 5259 1946 5315 et
1959 5231 2083 5320 honri·¹
2168 5279 2171 5284 ’

89 5305 200 5403 lilium,
235 5322 296 5415 qui
316 5322 443 5396 mirans
466 5335 533 5407 est,
571 5336 606 5394 et
628 5337 669 5393 ut
691 5325 738 5396 sit
761 5324 918 5416 Angelus
942 5321 1050 5400 huius
1098 5329 1220 5400 biliter
1242 5329 1407 5402 irascitur
1428 5328 1545 5416 Deus,
1582 5346 1618 5404 ει
1645 5357 1874 5429 expavescant
1899 5349 2079 5434 agnitione

91 5419 189 5503 magni
212 5425 365 5511 consilii,
404 5438 439 5498 et
463 5437 504 5496 ut
525 5422 572 5496 sit
585 5425 777 5512 mediator,
818 5429 996 5500 redemtor
1016 5443 1052 5502 et
1100 5445 1335 5526 peccatorum.
1385 5428 1435 5506 Et
1449 5429 1515 5504 hac
1529 5435 1605 5529 ipsa
1620 5439 1751 5511 noticia
1766 5443 1853 5534 legis
1865 5447 2098 5525 utiturDeus‘

1317 5541 1320 5546 ·
1399 5531 1518 5636 ss·¹
