4606 5822
58 277 122 357 aas
300 317 302 322 -
662 225 1407 356 rnmrrrrnaaananoms.
1519 213 1587 252 „
1704 291 1706 298 ¹
1838 321 1840 330 ι
1980 279 2056 358 saa

59 453 224 547 oportebat
235 451 390 546 aliquem
406 452 445 521 in
460 474 585 544 genere
601 445 759 524 humano
777 475 927 547 poenam
950 451 1023 522 sol·
1070 447 1232 520 oneravit
1258 461 1373 522 totum
1395 468 1505 536 genus
1527 443 1745 536 humanum,
1766 465 1807 524 ut
1833 453 1886 522 ira
1910 457 2053 542 conspi-
2141 425 2148 438 ’

58 579 143 636 vere,
181 554 221 624 lit
244 553 447 638 decretum,
486 567 527 626 ut
548 547 810 646 ipse'adsumat
826 551 1020 626 humanam
1070 551 1201 636 ciatur,
1238 563 1273 620 et
1303 551 1379 640 ipsa
1409 574 1495 620 voce
1519 551 1709 637 ministerii
1730 551 1888 645 Spiritus
1911 568 2053 626 sanctus

58 671 220 736 onorem,
246 654 520 726 et'liatvictima.
573 653 626 727 lta
643 657 721 749 ipso
737 658 965 748 deprecante,
987 668 1022 726 et
1070 651 1187 740 arguit
1217 663 1369 742 peccata.
1433 648 1679 724 Certissimum
1716 654 1763 726 sit
1799 654 1909 748 igitur
1935 651 2052 726 Deum
2086 723 2093 730 .

57 758 90 826 in
117 777 185 825 sese
215 755 396 826 derivante
430 775 600 847 poenam,
645 758 803 828 mirabili
839 755 1021 848 sapientis,
1070 753 1355 856 valde-detestari
1371 753 1549 822 carnalem
1568 755 1810 842 securitatem,
1836 770 1872 826 et
1894 757 2051 826 velle-ut

57 858 150 928 mixta
173 856 412 928 misericordia
444 869 479 928 et
510 858 650 928 iusticia
681 871 782 952 pater
813 857 1019 929 reconcilia·
1070 875 1338 946 expavescamus
1353 851 1536 960 agnitione
1558 854 1769 928 iustissimae
1790 857 1863 928 irae
1884 858 2052 930 adversus

56 971 103 1029 tus
127 969 188 1027 est.
1095 967 1219 1030 eccata.

140 1054 240 1128 Vlll.
265 1053 358 1128 Cum
374 1056 484 1147 igitur
498 1056 663 1129 audirent
676 1083 797 1130 vocem
812 1059 1020 1152 promissio·
1068 979 1091 1048 p
1170 1052 1308 1126 XVlll.
1340 1051 1546 1128 Adversarii
1562 1059 1670 1160 verba
1686 1057 1831 1152 quidem
1846 1055 1954 1130 huius
1967 1084 2052 1151 pro-

57 1161 104 1230 nis
118 1159 158 1229 de
173 1158 322 1246 semine,
345 1159 592 1247 intelligebant
608 1182 644 1229 se
661 1161 788 1253 recipi,
810 1176 849 1232 et
873 1161 942 1232 sibi
964 1182 1022 1230 re-
1069 1153 1258 1249 positionis
1272 1157 1445 1242 retinent,
1468 1159 1551 1250 quia
1569 1160 1672 1229 toties
1688 1184 1707 1230 a
1724 1159 1837 1230 Paulo
1854 1163 1999 1252 repetita
2018 1176 2052 1234 et

56 1261 137 1330 mitti
152 1274 299 1350 peccata,
324 1272 470 1354 propter
486 1259 579 1331 illud
594 1261 782 1332 venturum
798 1285 929 1348 semen,
945 1287 1021 1331 non
1070 1260 1245 1330 inculcata
1269 1271 1368 1328 sunt:
1412 1253 1585 1328 Gratis
1612 1257 1732 1328 iusti
1730 1257 1946 1358 ficamus·
1967 1287 2053 1355 pro·
2112 1281 2117 1292 ·

57 1373 184 1451 propter
211 1360 367 1456 aliquam
392 1361 574 1454 propriam
601 1363 926 1456 compensationem
960 1375 1022 1434 aut
1069 1377 1123 1433 ter
1137 1356 1318 1431 Christum
1335 1383 1400 1450 per
1415 1361 1557 1429 fidemzs
1570 1362 1628 1429 sed
1648 1361 1754 1436 aliam
1772 1363 1982 1433 senteutiam
1999 1365 2052 1444 al-

58 1462 259 1551 dignitatem.
574 1481 586 1518 t
1070 1457 1653 1554 finguntcontrariamllvangelio.
1696 1461 1832 1553 Negant
1849 1463 1945 1532 enim
1960 1459 2052 1533 hanc

141 1559 201 1634 lx.
231 1559 283 1632 Et
296 1559 468 1654 particula
481 1551 677 1649 exclusiva,
700 1556 888 1648 Gratis,
913 1589 1020 1660 quam
1069 1562 1367 1658 propositionem,
1407 1562 1451 1631 de
1482 1586 1551 1654 qua
1575 1560 1708 1632 Paulus
1731 1566 1875 1656 proprie
1897 1560 2052 1648 dimicat,

59 1684 145 1754 saepe
162 1665 290 1754 repetit
303 1661 453 1750 Paulus,
476 1664 526 1734 sio
549 1663 779 1754 intelligenda
802 1680 873 1753 est,
897 1681 938 1739 ut
961 1691 1021 1736 ex·
1069 1664 1241 1756 Agentem
1258 1660 1512 1754 poenitentiam
1529 1677 1692 1753 oportere
1708 1667 1859 1745 credere,
1885 1687 1921 1734 se
1936 1666 2052 1758 ipsum

59 1763 161 1835 cludat
192 1778 313 1834 nostra
342 1765 469 1836 merita
498 1789 518 1834 a
548 1766 756 1837 remissione
779 1779 1020 1860 peccatorum:
1070 1765 1180 1857 recipi
1202 1761 1332 1848 aDeo,
1358 1777 1504 1856 propter
1525 1765 1754 1858 mediatorem
1776 1766 1901 1856 gratis,
1935 1781 1970 1836 et
1992 1791 2053 1836 ex-

59 1877 244 1936 nauautem
262 1865 429 1937 meritum
443 1858 597 1952 Christi,
628 1869 712 1960 quia
733 1869 893 1960 oportuit
916 1869 1021 1940 iusti·
1068 1889 1186 1962 presse
1214 1867 1340 1936 iubent
1368 1865 1547 1936 dubitare:
1581 1861 1783 1938 Auatbcma
1804 1868 1974 1960 inquiunt
1995 1868 2053 1952 sit,
2146 1923 2152 1934 .
2188 1953 2199 1968 ‚

60 1963 118 2032 ciae
131 1963 195 2034 Dei
208 1964 390 2052 satisfieri,
416 1989 529 2057 poena
547 1967 587 2036 iu
602 1968 833 2040 mediatorem
851 1971 1020 2042 derivata.
1069 1970 1132 2064 qui
1155 1971 1256 2038 docet
1279 1980 1438 2057 agentem
1463 1966 1716 2060 poenitentiam
1739 1969 1868 2038 debere
1892 1982 2054 2051 statuere,

114 2065 183 2138 ·X.
223 2062 278 2137 Ac
298 2089 439 2138 necesse
462 2081 514 2138 est
534 2069 746 2140 exclusivam
769 2071 917 2140 retineri
935 2095 1021 2164 pro·
1069 2065 1168 2166 quod
1190 2093 1270 2140 vere
1292 2068 1439 2158 accipiat
1461 2069 1707 2138 remissionem
1730 2083 1976 2162 peccatorum,
2017 2079 2053 2137 ct

58 2175 121 2250 pter
132 2161 193 2234 has
209 2167 423 2238 necessarias
438 2191 570 2241 causas.
617 2193 621 2198 ’
1030 2228 1032 2234 s
1067 2175 1202 2264 placeat
1218 2167 1305 2242 Deo.

47 2320 48 2331 ,
140 2265 203 2335 ΧΙ.
251 2267 415 2339 Primum
447 2283 488 2340 ut
522 2269 701 2342 tribuatur
730 2271 871 2343 debitus
901 2268 1020 2344 honor
1098 2273 1104 2306 ³
1168 2269 1269 2346 XIX.
1301 2267 1396 2340 Huic
1413 2271 1595 2341 doctrinae
1611 2271 1653 2341 de
1671 2273 1893 2344 dubitatione
1914 2292 2052 2342 necesse

59 2362 117 2434 filio
140 2362 218 2438 Dei.
905 2387 908 2394 '
1070 2388 1121 2446 est
1137 2383 1339 2444 constanter
1352 2371 1543 2459 adversari,
1561 2371 1644 2464 quia
1659 2375 1845 2444 manifeste
1860 2374 1953 2444 delet
1968 2396 2054 2462 pro-

140 2465 220 2545 Xll.
252 2467 437 2556 Secunde,
458 2483 499 2542 ut
514 2472 748 2544 conscientiae
771 2474 811 2544 in
833 2497 916 2545 vera
934 2496 1020 2564 poe·
1057 2475 1272 2546 'missionem
1288 2469 1493 2564 Evangelii,
1518 2484 1552 2542 et
1569 2486 1689 2564 postea
1712 2477 1846 2546 multae
1869 2487 2055 2564 corrupte-

60 2561 188 2638 nitentia
204 2584 334 2640 certam
351 2572 543 2662 etlirmam
567 2575 844 2645 consolationem
867 2589 1019 2648 teneant.
1068 2577 1123 2648 lae
1141 2587 1348 2668 sequuntur.
1669 2627 1675 2638 .

60 2659 137 2748 Quia
159 2670 189 2738 si
211 2671 372 2742 remissio
388 2673 558 2763 penderet
583 2698 624 2743 ex
648 2677 854 2747 conditione
878 2691 1019 2748 nostrae
1169 2677 1250 2747 XX.
1283 2673 1342 2745 Sic
1357 2673 1581 2764 intelligunt,
1607 2676 1712 2764 gratis
1726 2673 2053 2754 fideiustificamur,

61 2761 240 2858 ᾱῖὸὓῖῑὸῑῖῦ,
266 2771 366 2843 lieret
381 2773 526 2846 incerta.
1068 2779 1106 2848 id
1132 2794 1200 2864 est,
1230 2774 1411 2892 aliquibus
1433 2775 1541 2864 gratis
1563 2777 1804 2846 infunduntur
1826 2797 1940 2847 novae
1963 2795 2053 2864 qua·
2169 2772 2180 2788 ’

139 2867 238 2944 Xlll.
280 2872 425 2959 Tertio,
458 2857 504 2946 bt
532 2873 710 2948 invocatio
734 2879 779 2948 ad
802 2874 921 2947 Deum
940 2876 1018 2945 fieri
1068 2881 1197 2962 litates,
1218 2877 1280 2946 sed
1296 2889 1361 2961 sta,
1386 2873 1585 2946 sihabeant
1599 2878 1854 2968 professionem
1870 2876 2053 2948 doctrinae

59 2967 159 3052 Ρθῦιίι,
182 2974 266 3065 quia
281 2975 496 3046 conscientia
509 2977 676 3069 dubitans
690 3003 737 3048 an
754 2980 863 3050 simus
877 2977 1018 3069 recepti,
1067 2983 1112 3051 de
1134 2975 1298 3064 Christo,
1328 2975 1469 3069 qualem
1491 2972 1625 3049 habent
1646 2992 1681 3049 et
1693 2975 1913 3063 Daemones,
1946 2978 2052 3045 nemo

59 3061 131 3154 fugit
144 3067 257 3144 Deum
283 3087 319 3146 et
340 3099 415 3146 non
437 3076 592 3154 invocat.
646 3077 730 3152 Ideo
753 3081 924 3172 scriptum
950 3093 1016 3150 est:
1068 3096 1185 3153 tamen
1201 3090 1331 3149 statuat
1347 3099 1383 3146 se
1399 3059 1531 3150 iustum
1544 3102 1638 3165 esse,
1663 3093 1725 3149 aut
1741 3079 1879 3170 placere
1894 3079 1986 3150 Deo.

61 3157 252 3246 Accedamus
268 3199 355 3256 cum„
365 3177 493 3248 fiducia
508 3180 553 3249 ad
572 3175 739 3252 thronum
755 3183 897 3272 gratiae.
1168 3177 1268 3251 XXI.
1299 3175 1396 3247 Haec
1412 3191 1485 3249 tota
1499 3179 1706 3267 imaginatio
1722 3195 1774 3253 est
1789 3182 1928 3250 ociosae
1949 3199 2052 3249 meu·
2113 3221 2127 3236 =

139 3267 234 3352 XIV.
270 3273 365 3348 Sunt
378 3277 441 3370 qui
458 3279 652 3370 improprie
668 3284 881 3354 exclusivam
903 3282 1018 3352 inter·
1067 3284 1113 3355 tis
1131 3273 1377 3375 philosophica
1398 3280 1603 3370 speculatio.
1646 3279 1755 3352 Sicut
1776 3283 1873 3351 enim
1887 3275 2052 3351 Philososs

58 3377 236 3458 trauntur,
261 3377 363 3470 quasi
376 3372 472 3446 nihil
487 3392 567 3469 agat
583 3380 755 3456 voluntas.
817 3381 958 3462 Gratis,
978 3381 1016 3450 id
1067 3379 1132 3475 phi
1157 3375 1365 3451 discernuht
1392 3375 1552 3449 heroicas
1576 3381 1724 3453 virtutes
1746 3405 1766 3452 a
1788 3373 2052 3452 commuuibds:

59 3476 113 3575 ‘fis
145 3469 237 3546 Deus
264 3477 343 3564 sine
366 3477 488 3571 aliquo
511 3493 634 3553 nostro
654 3495 753 3553 motu
775 3495 1018 3578 concurrente,
1067 3485 1117 3554 sic
1138 3483 1198 3551 isti
1217 3481 1342 3550 dicunt
1364 3479 1604 3550 inconversis
1630 3485 1773 3551 accendi
1793 3505 1904 3553 novas
1930 3493 1964 3550 ct
1993 3501 2053 3548 ar·

59 3579 118 3673 ‘fue
138 3578 368 3666 contritione,
395 3579 474 3663 sine
499 3580 588 3664 lide,
602 3565 774 3658 infusidit
796 3607 907 3656 novas
928 3607 1018 3678 qua·
1066 3585 1245 3656 dentiores
1263 3581 1430 3666 virtutes,
1457 3605 1562 3673 quam
1578 3596 1662 3653 sunt
1679 3583 1718 3652 in
1733 3582 1823 3656 aliis.

58 3655 163 3747 litare„
1167 3679 1285 3754 XXll.
1317 3679 1398 3778 Hoc
1413 3683 1557 3773 quidem
1570 3707 1692 3754 verum
1709 3697 1779 3769 est,
1804 3684 1864 3753 sed
1879 3679 2051 3751 nonsatis

95 3863 103 3882 .
139 3771 215 3854 XV.
243 3779 343 3851 Haec
366 3781 610 3877 interpretatio
636 3783 831 3879 impropria
848 3797 918 3871 est,
942 3808 1016 3855 non
1066 3799 1118 3857 est
1137 3782 1206 3855 hoc
1226 3785 1370 3867 docere3
1403 3805 1485 3850 nam
1508 3783 1720 3855 conscientia
1745 3809 1819 3855 non
1843 3786 1988 3854 docetur
2010 3782 2051 3850 in

59 3879 135 3938 earm
154 3875 232 3952 ideo
254 3883 396 3955 tollitur
416 3886 605 3966 meritum,
641 3888 725 3981 quia
750 3881 845 3956 nihil
862 3908 1016 3974 agamus,
1065 3887 1275 3981 pavoribus,
1301 3883 1386 3976 quid
1403 3896 1555 3954 statuere
1571 3885 1808 3979 devoluntate
1824 3883 1895 3956 Dei
1909 3883 2051 3954 debeat.

59 3963 106 4032 ‘id
123 3987 159 4044 ut
177 3983 367 4060 mediatori
387 3985 530 4076 debitus
553 3987 734 4060 tribuatur
755 3983 890 4075 honos,
917 4001 952 4060 et
968 3986 1016 4059 sit
1122 4047 1125 4054 ,
1166 3983 1303 4059 XXlll.
1335 3983 1527 4055 Promissio
1543 4001 1658 4058 autem
1673 3986 1754 4058 ideo
1770 3987 1899 4057 tradita
1919 3999 1989 4066 est,
2015 3997 2051 4056 et

58 4078 132 4138 ω
146 4085 342 4164 immissio·
1065 4089 1300 4160 ministerium
1318 4082 1504 4176 Evangelii
1517 4087 1597 4157 idco
1613 4082 1814 4160 institutum
1828 4100 1898 4172 est,
1923 4100 1957 4154 et
1973 4107 2049 4154 sec·
2168 4124 2176 4136 ·

138 4169 233 4258 XVl.
274 4182 396 4274 Quare
419 4211 495 4258 non
516 4190 753 4266 excluduntur
782 4191 950 4264 contritio
981 4204 1017 4263 et
1065 4205 1168 4263 vatur
1189 4188 1382 4268 divinitus,
1398 4201 1448 4256 ,ιιι
1470 4210 1536 4256 nos
1557 4189 1775 4260 voluntatem
1793 4187 1862 4260 Dei
1881 4187 2048 4274 sciamus,

58 4275 188 4346 caeterae
217 4285 385 4374 virtutes,
417 4311 508 4384 quac
531 4289 686 4363 existunt
709 4294 749 4362 in
772 4293 1016 4380 conversione,
1065 4306 1099 4364 et
1117 4291 1299 4384 agnitione
1323 4288 1584 4360 misericordiae
1599 4285 1666 4358 Dei
1683 4290 1915 4381 recipiamur,
1944 4300 1983 4396 et
2003 4307 2046 4354 ex
2166 4295 2170 4302 '

59 4363 105 4468 fed
118 4361 179 4447 hoc
192 4383 362 4458 adimitur
377 4389 440 4476 eis,
465 4415 511 4462 ue
525 4387 597 4463 sint
611 4393 791 4476 meritum,
817 4419 879 4470 seu
891 4417 1015 4464 causae
1063 4396 1254 4486 pavoribus
1269 4391 1376 4462 erecti
1391 4392 1567 4458 donemur
1581 4413 1673 4460 nova
1688 4393 1767 4462 luce
1778 4402 1813 4460 et
1828 4389 1912 4461 vita.

57 4473 240 4569 1¹‚llltulsivae
254 4489 471 4562 remissionis
490 4505 730 4587 peccatorum,
754 4509 789 4566 et
807 4494 1014 4568 reconcilia·
1047 4479 1050 4486 ¹
1164 4490 1300 4566 XXIV.
1343 4487 1571 4562 Affirmamus
1596 4491 1705 4580 igitur
1720 4479 1891 4580 'agentem
1918 4487 2047 4582 poeni-

58 4565 146 4641 ¹¹⁰¹1l⁸
164 4593 196 4650 ct
209 4585 478 4668 iustificationis.
1061 4599 1208 4669 tentiam
1238 4589 1402 4683 oportere
1430 4615 1505 4661 non
1536 4593 1650 4662 solum
1680 4592 1841 4662 mutilam
1863 4591 2044 4683 quandam
2074 4611 2077 4616 ·

95 4721 99 4736 ·
143 4671 252 4762 XVII.
288 4687 435 4765 Necesse
449 4711 501 4769 cst
515 4696 610 4767 enim
634 4696 674 4766 in
695 4699 925 4771 conversione
945 4697 1013 4768 ali·
1062 4699 1167 4768 fidem
1180 4695 1330 4780 habere,
1352 4688 1420 4766 hoc
1439 4708 1511 4778 est,
1533 4716 1635 4764 nosse
1658 4707 1694 4764 et
1714 4695 1854 4766 credere
1876 4689 2045 4762 articulos

58 4777 227 4855 manasse
244 4793 515 4880 contritionem,
542 4800 579 4871 id
595 4811 667 4885 est,
692 4798 831 4894 aliquos
852 4788 1013 4895 pavores,
1061 4799 1143 4870 fidei
1170 4820 1271 4869 veros
1304 4818 1395 4880 esse,
1436 4795 1527 4865 sicut
1556 4795 1707 4875 credunt
1729 4795 1949 4879 Daemones,
1980 4794 2044 4862 sed

59 4869 303 4981 ‘llissitionem
330 4893 403 4966 irae
427 4895 496 4968 Dei
517 4901 684 4992 adversus
707 4917 859 4993 peccata.
924 4899 1010 4971 ldco
1060 4915 1222 4993 oportere
1244 4897 1314 4971 sibi
1338 4898 1514 4989 applicare
1536 4895 1725 5004 articulum
1750 4895 1794 4962 de
1820 4895 2042 4965 remissione:
2147 4989 2154 4996 ι

60 4980 184 5122 Ultttur:
214 4985 320 5080 Agite
340 4997 607 5086 poenitentiam.
658 4997 706 5073 Et
728 5003 824 5098 apud
845 5004 1009 5075 lesaiam:
1059 4999 1175 5074 Credo
1190 4999 1433 5072 remissionem
1452 5012 1692 5089 pcccatorum,
1718 5019 1793 5065 non
1808 5007 1946 5066 tanturn
1962 4996 2043 5065 aliis

62 5060 117 5228 vel
127 5063 293 5166 habitabit
308 5091 509 5186 Dominus?
547 5101 591 5172 In
606 5103 730 5194 spiritu
748 5109 918 5193 contrito,
944 5118 1009 5180 etc.
1058 5105 1136 5174 dari
1152 5103 1257 5175 Petro
1279 5113 1314 5172 et
1329 5099 1464 5184 Paulo,
1495 5099 1556 5168 sed
1578 5100 1682 5169 credo
1705 5099 1829 5183 etiam,
1854 5093 1946 5166 mihi
1972 5095 2053 5185 iP⁸i‘
2108 5159 2111 5164 ·

102 5188 134 5237 ΓΒ
154 5185 244 5260 enim
265 5207 300 5267 et
323 5191 545 5272 horribiliter
558 5202 719 5275 irascitur
732 5203 830 5279 Deus
846 5203 1007 5280 omnium
1058 5229 1141 5276 vere
1156 5204 1289 5276 remitti
1304 5202 1426 5272 omnia
1444 5187 1583 5290 peicata
1597 5213 1742 5290 propter
1758 5199 1999 5280 mediatorem,

20 5307 22 5312 '
59 5270 193 5356 Ptccafig
254 5289 304 5368 Et
334 5293 427 5370 banc
456 5325 556 5374 suam
589 5303 762 5376 iusticiam
786 5308 864 5380 vult
886 5309 1005 5404 aliquo
1158 5303 1273 5382 XXV.
1307 5300 1350 5371 ln
1365 5298 1686 5372 haccousolatione
1706 5301 1813 5370 simul
1836 5301 1939 5370 datur
1955 5291 2038 5388 Spi-
2094 5295 2097 5306 '

30 5366 147 5454 ·¹¹¹s⁰d⁰
166 5397 319 5476 agnosci:
357 5400 440 5478 ideo
462 5420 498 5479 et
522 5403 725 5496 ingentibus
747 5411 1006 5484 calamitatibus
1055 5406 1319 5510 ritussanctus,
1344 5416 1379 5477 et
1394 5401 1712 5492 accenditurnova
1735 5403 1815 5488 lux,
1842 5397 1980 5472 iusticia
2003 5411 2038 5464 et
2129 5413 2175 5517 ,¹
2261 5472 2263 5480 ,

2161 5195 2166 5206 ,
2226 5161 2233 5196 t
