4604 5804
219 294 294 376 835
473 275 685 362 SCRIPTA
711 276 789 354 ΡΗ.
810 273 929 349 MEL.
954 274 1024 350 AD
1048 273 1178 354 HIST.
1197 271 1347 370 PROF.
1369 272 1439 350 ET
1464 272 1665 354 Pullos·
1679 273 1999 354 SPECTANTIA.
2135 379 2142 386 ·
2167 283 2244 356 886

218 465 382 560 Cumque
405 458 543 555 Tyrum
572 453 750 536 ῐθᾶἷῖδθθῒὶ
782 448 909 520 ΜῑὶῙῑῐθ
932 448 1039 518 rebus
1061 445 1101 517 311
1120 443 1205 520 Asia
1359 443 1526 520 Extincto
1544 445 1655 520 Dario
1679 451 1767 520 anni
1789 451 1925 543 aliquot
1945 451 2146 543 consumpti
2163 468 2247 522 sunt
2296 460 2297 522 t

219 567 413 642 ordinatis,
437 555 598 630 celeriler
620 555 721 624 du'xit
743 549 934 620 exercitum
950 551 1117 617 adversus
1133 547 1207 619 Da·
1258 549 1298 619 in
1314 537 1536 642 expeditione
1550 546 1689 635 lndica,
1715 553 1752 620 in
1768 575 1838 644 cpia
1852 552 2007 643 primum
2023 553 2187 644 pervenit
2203 557 2248 623 ad
2296 527 2297 560 a

220 675 325 742 rium.
373 663 536 754 Cumque
557 661 600 727 ad
624 651 756 726 Arbela
778 652 817 720 in
834 648 1014 743 Assyriam
1043 649 1207 732 venisset,
1259 649 1433 735 Taxilen,
1459 651 1520 744 qui
1537 673 1684 746 regnum
1702 647 1830 724 hahuit
1846 651 1920 722 non
1936 653 2055 723 minus
2070 651 2247 747 Aegypto,

220 771 337 842 vicina
367 768 513 837 luenrnt
540 756 735 834 Alexandri
763 766 799 822 et
825 749 928 822 Darii
956 764 1080 825 castra.
1151 748 1206 819 lbi
1259 765 1295 822 ει
1314 754 1474 823 ubertate
1494 773 1658 841 agrorum
1678 753 1858 827 eximium,
1908 751 1943 822 Is
1960 749 2247 825 Alexandrian.

222 893 343 944 mense
369 866 551 956 Augusto,
584 874 625 930 ut
647 847 859 928 Plutarchus
889 850 1030 937 recitat,
1066 849 1207 944 eclipsis
1260 865 1366 924 tunae
1393 853 1538 938 cedens,
1569 854 1614 920 ad
1643 875 1726 925 eum
1752 853 1849 925 ultro
1876 855 2035 938 accessit,
2068 855 2247 951 inquiens,

221 979 328 1045 lonae
351 977 537 1058 conspecta
558 971 628 1044 est,
654 955 753 1028 cuius
775 953 888 1024 etalii
903 955 1092 1044 scriptores
1107 977 1207 1020 men·
1259 953 1352 1023 nihil
1374 977 1465 1046 opus
1486 975 1559 1022 esse
1581 952 1696 1037 bello,
1720 955 1827 1024 malle
1851 977 1888 1024 se
1910 955 2089 1026 beneficiis
2104 972 2248 1029 certare.
2297 949 2298 960 ’

221 1077 356 1148 tionem
378 1073 557 1144 fecerum,
582 1060 645 1156 qui
668 1057 846 1127 0100d⁰¹¹¹
869 1077 1007 1134 mense,
1034 1049 1092 1123 di'e
1113 1054 1209 1122 vire-
1260 1056 1300 1126 Si
1321 1055 1367 1128 sit
1383 1053 1580 1144 potentior,
1603 1056 1821 1125 sedatorum
1837 1078 2071 1126 essemunera
2087 1055 2247 1128 Alexan-
2295 1123 2298 1142 Α

97 1231 103 1240 -
222 1180 313 1248 simo
337 1183 433 1241 sexto
454 1176 647 1259 pugnaturn
668 1183 741 1246 esse
764 1156 862 1230 dicit.
913 1153 996 1244 Quo
1019 1154 1057 1222 in
1074 1155 1207 1245 praelio
1261 1157 1346 1241 dro,
1377 1155 1406 1224 si
1428 1155 1594 1241 inferior,
1621 1178 1658 1224 se
1678 1171 1818 1244 gratum
1838 1159 1933 1242 fore,
1960 1159 1990 1226 si
2011 1159 2182 1228 beneficia
2204 1162 2248 1228 ab

223 1273 432 1372 profligatus
452 1281 503 1338 εει
527 1266 651 1354 ingens
672 1257 774 1331 Darii
794 1257 984 1341 exercitus,
1017 1255 1209 1327 intersectis
1261 1257 1338 1350 ipso
1357 1257 1540 1348 acceperit.
1592 1253 1795 1328 Alexander
1816 1261 1984 1329 adversus
2004 1259 2247 1330 ultroceden·

223 1365 418 1464 ”⁰¹¹³dlilla
446 1367 605 1438 fflilllbffi
626 1358 827 1431 hminum·
892 1356 1054 1428 Fuerunt
1077 1358 1114 1426 in
1135 1357 1209 1426 acie
1261 1373 1332 1430 tem
1354 1353 1447 1427 nihil
1468 1352 1596 1428 hostile
1610 1357 1810 1428 faciendum
1826 1381 1900 1428 esse
1915 1359 2070 1440 censuit,
2098 1361 2200 1430 dedit
2212 1373 2249 1430 'et

222 1478 328 1554 Darii
350 1495 429 1546 curn
445 1463 586 1565 Scythis
603 1463 673 1536 Dai
695 1477 728 1534 ει
745 1459 872 1545 Sacae,
894 1472 936 1529 ut
956 1459 1106 1528 aliarum
1123 1481 1210 1547 gen.
1261 1460 1394 1549 accepti
1410 1459 1504 1548 ,0353
1519 1461 1630 1537 dona,
1657 1474 1690 1530 gt
1706 1481 1853 1549 „gnum
1869 1483 1951 1530 eum
1966 1474 2086 1531 tenere
2100 1461 2215 1532 iussit·

224 1584 314 1653 tium
337 1573 482 1646 nomina
509 1568 681 1640 omittam.
741 1559 847 1632 Acies
867 1562 915 1632 ita
938 1560 1110 1630 instructa
1132 1559 1211 1642 luit,
1362 1557 1501 1630 Deinde
1524 1584 1603 1629 cunr
1618 1558 1713 1629 Poro
1734 1581 1815 1650 regc
1836 1559 2006 1632 Indorum
2030 1561 2167 1632 bellum
2190 1585 2250 1652 ge-

225 1697 266 1753 nt
282 1677 482 1752 Alexander
506 1673 542 1740 in
567 1667 684 1737 medio
708 1675 796 1733 esset
814 1686 894 1734 cum
910 1657 1090 1732 Thessalis
1109 1659 1211 1754 eqni·
1263 1676 1355 1732 stum
1376 1675 1439 1756 est.
1488 1659 1576 1731 Nam
1602 1660 1632 1727 is
1653 1659 1919 1730 dimicat-ecum
1936 1655 2249 1732 Alexandriam

225 1787 338 1865 tilius,
369 1775 486 1848 Clitus
507 1783 643 1844 teneret
669 1767 988 1854 dextrum'corou,
1022 1760 1210 1831 Parmenio
1263 1762 1336 1833 citu
1357 1785 1461 1832 aeuus
1484 1775 1579 1849 erat.x
1620 1757 1691 1831 Sed
1714 1785 1795 1832 cunr
1819 1776 1940 1852 captus
1959 1775 2069 1850 esset,
2092 1764 2250 1834 interro.

226 1884 421 1956 sinistrum.
472 1872 545 1946 Ubi
568 1871 631 1940 etsi
655 1866 756 1937 multi
776 1861 1212 1957 interficiebanturaScy-
1263 1877 1321 1956 gat
1349 1888 1429 1932 eum
1461 1859 1678 1934 Alexander:
1718 1865 1898 1956 quomodo
1928 1873 2069 1952 'captum
2097 1877 2249 1934 tractare

225 1983 331 2058 thicis
361 1993 397 2054 et
421 1971 618 2050 Bactrianis
641 1966 837 2063 equitibus,
867 1979 985 2034 tamen
1009 1963 1213 2036 Alexander
1264 1963 1475 2034 conveniat?
1526 1959 1728 2052 Respondit
1756 1963 1832 2032 ille:
1870 1961 2080 2055 βασιλικῶς.
2137 1963 2251 2036 Cum.

226 2099 318 2158 recta
350 2084 395 2153 ad
417 2077 566 2152 Darium
593 2070 753 2162 accessit,
783 2065 935 2137 mediam
958 2065 1068 2135 aciem
1087 2078 1212 2134 tenen·
1264 2089 1333 2158 que
1362 2060 1795 2152 interrogat'Alexander:
1833 2087 1880 2132 an
1908 2077 2083 2155 praeterea
2112 2065 2251 2158 aliquid

144 2185 150 2194 ’
226 2205 317 2271 ῑθῐΰ,
341 2205 415 2278 <1¹¹⁰
438 2180 541 2272 P¹¹¹⁵⁰
562 2186 598 2243 ‘i
617 2173 737 2260 sugam
757 2179 876 2259 P⁰⁸¹ea
900 2189 1004 2259 ⁰Pem
1026 2164 1213 2237 tulitPar-
1263 2164 1421 2260 peteret?
1460 2164 1645 2256 respondit
1666 2162 1799 2249 Porus,
1824 2167 1944 2234 omnia
1969 2188 2006 2233 se
2027 2167 2251 2258 complexum

226 2285 408 2366 menioni,
431 2281 497 2351 vuhi
515 2273 685 2347 acerrima
700 2291 819 2364 pugna
832 2268 913 2342 suit.
1264 2291 1355 2352 esse,
1380 2290 1459 2334 curn
1482 2265 1572 2336 dixit
1593 2262 1804 2356 βασιλικῶς.
1855 2260 2028 2335 Ostendit
2039 2265 2149 2356 igitur
2165 2263 2252 2336 Ate.

329 2384 460 2455 Darius
483 2380 603 2472 pulsus
627 2373 718 2463 fugit
740 2393 804 2465 per
822 2370 899 2440 lora
914 2367 1025 2438 ardus
1041 2382 1076 2439 et
1092 2387 1213 2459 aspera
1264 2368 1400 2439 xander
1430 2366 1651 2436 clementiam
1680 2365 1867 2457 praecipue
1895 2367 2029 2456 regiam
2059 2389 2154 2452 esse,
2189 2391 2252 2438 nee

228 2492 267 2560 in
289 2486 436 2568 Medos,
460 2484 518 2551 sed
536 2477 738 2552 Alexander
756 2484 851 2543 recta
872 2467 1015 2540 accessit
1035 2471 1080 2540 ad
1094 2465 1214 2562 Baby·
1265 2470 1375 2540 vitam
1403 2489 1469 2536 nec
1499 2489 1647 2558 regnum
1677 2465 1710 2535 ci
1734 2467 1887 2551 ademit,
1920 2480 2059 2538 tantum
2080 2491 2147 2561 pro
2173 2492 2251 2560 rege

228 2595 347 2662 lonem
373 2600 407 2656 et
428 2583 537 2666 Susa,
565 2601 656 2672 quae
678 2576 785 2646 urbes
803 2573 899 2642 ultro
920 2569 1139 2640 deditionem
1161 2571 1215 2638 fe·
1265 2569 1446 2644 nominari
1462 2582 1634 2660 satrapam
1651 2567 1764 2642 iussit.

229 2704 363 2764 cerunt.
412 2683 540 2756 Postea
559 2679 661 2750 duxit
678 2689 814 2766 partem
833 2671 1004 2744 exercitus
1019 2671 1059 2740 in
1077 2669 1216 2755 Medos,
1282 2751 1284 2756 ,
1369 2667 1465 2740 Haec
1496 2671 1671 2760 sapienter
1701 2683 1735 2740 et
1765 2665 1956 2741 clementer
1984 2669 2079 2742 sacta
2096 2673 2251 2740 maxime

228 2808 269 2865 nt
282 2789 432 2862 Darium
449 2793 734 2879 persequeretur,
759 2798 865 2870 quem
878 2771 1007 2846 Βεειιιε
1020 2774 1215 2864 praefectus
1267 2771 1438 2844 decebant
1467 2791 1602 2860 regem,
1642 2772 1687 2840 ad
1717 2793 1821 2864 quem
1853 2771 2010 2840 scribens
2041 2767 2252 2842 Aristoteles

227 2891 510 2968 Bactrianorum,
535 2905 616 2954 cum
630 2872 1092 2968 intelligeretAlexandrum
1105 2895 1216 2966 prope
1267 2871 1430 2944 hortatur
1452 2895 1553 2956 earm,
1577 2885 1618 2942 ut
1639 2871 1783 2960 cogitet,
1804 2893 1952 2960 regnum
1976 2869 2090 2943 aDeo
2106 2872 2177 2963 ipsi
2193 2875 2255 2942 da.

229 3019 320 3078 0⁸⁵8,
344 2990 532 3062 interiecit.
1267 2989 1343 3046 tum
1357 2996 1441 3056 esse,
1465 2975 1512 3042 ab
1525 2971 1816 3042 benefaciendum
1829 2973 1949 3064 generi
1960 2968 2136 3044 humano:
2163 2970 2253 3066 πρὸς

330 3090 408 3163 Ειεί
430 3102 545 3160 autem
563 3081 766 3155 Alexander
787 3088 867 3167 post
881 3099 1002 3146 necem
1018 3071 1122 3144 Darii
1134 3095 1217 3140 mox
1268 3067 1499 3172 εὐεργεσίαν,
1526 3070 1572 3145 οὐ
1593 3068 1684 3166 πρὸς
1705 3068 1830 3168 ὕβριν,
1882 3069 1979 3156 Hm
2000 3074 2046 3142 ab
2061 3071 2253 3146 Aristotele

230 3200 271 3266 in
291 3219 371 3264 enm
393 3193 510 3261 locum
534 3187 651 3268 veuit,
675 3182 740 3251 uhi
762 3177 853 3249 tanti
874 3177 966 3264 regis
983 3194 1112 3265 corpus
1126 3172 1217 3240 vidit
1269 3175 1472 3267 gravissime
1506 3173 1636 3263 scripta
1674 3188 1768 3246 sunt.
1840 3169 2117 3246 Constituantur
2156 3176 2252 3246 enim

231 3301 345 3368 iacere
367 3303 552 3362 cruentum
575 3302 610 3358 et
625 3284 701 3352 sine
718 3278 876 3362 honore,
901 3290 1020 3349 tamen
1038 3295 1112 3342 non
1129 3272 1219 3341 vidit
1269 3297 1377 3365 regna
1403 3273 1593 3356 divinitus,
1624 3288 1664 3345 ut
1686 3273 1797 3364 leges,
1829 3297 1949 3366 pacem
1970 3288 2004 3344 et
2026 3275 2253 3366 disciplinam

232 3401 410 3468 viventem
427 3390 593 3463 Darium:
619 3387 680 3456 sed
702 3384 777 3476 ipse
798 3378 894 3468 regio
916 3372 1054 3448 honore
1076 3372 1218 3465 sepeliri
1270 3375 1490 3460 custodiant,
1514 3387 1548 3445 et
1570 3375 1727 3445 benerit
1750 3376 1930 3444 communi
1952 3369 2122 3446 honestae
2142 3377 2253 3445 socie-

230 3524 311 3572 eum
329 3495 475 3568 curavit.
525 3441 673 3560 Bdssum
688 3507 772 3555 vcro
787 3480 1046 3551 interfectorem
1058 3496 1217 3563 compre-
1270 3479 1335 3549 tati
1372 3471 1578 3560 hominnm,
1620 3474 1710 3544 sicut
1736 3473 1869 3544 Paulus
1900 3476 2020 3568 inquit
2046 3477 2089 3546 ad
2117 3473 2253 3548 Roma-

230 3599 381 3673 hensnm
402 3594 503 3667 iussit
523 3587 695 3680 discerpi,
720 3583 903 3674 alligatum
923 3581 1060 3652 duabus
1080 3574 1218 3646 arbori·
1271 3601 1337 3648 nos
1360 3577 1434 3648 ts:
1469 3573 1697 3666 Magistratus
1720 3571 1786 3644 Dei
1816 3577 1980 3647 minister
2007 3589 2078 3662 est,
2113 3577 2183 3649 tibi
2210 3579 2250 3646 ad

232 3706 299 3774 bus
315 3698 465 3771 inflexit·
1270 3681 1417 3750 bonum.
1476 3673 1525 3748 Et
1548 3675 1707 3748 Danielis
1736 3691 1958 3769 praeceptum
1987 3691 2040 3748 est
2068 3679 2115 3754 ad
2136 3700 2252 3768 regem

333 3799 404 3870 Hic
424 3797 494 3868 fuit
514 3793 628 3864 exitus
642 3785 733 3878 regis
747 3783 873 3868 Darii,
897 3781 960 3876 qui
975 3779 1080 3848 etiam
1098 3792 1148 3848 est
1161 3777 1220 3846 in·
1270 3774 1506 3852 Chaldaeum:
1538 3778 1668 3849 Libera
1689 3792 1724 3849 te
1745 3801 1765 3846 a
1788 3792 1929 3872 peccato
1943 3778 2081 3848 iusticia
2098 3793 2132 3850 et
2146 3780 2252 3850 bene-

234 3905 333 3993 signe
347 3898 546 3989 exemplum
560 3887 818 3964 inconstantiae
833 3906 952 3954 rerum
969 3877 1218 3964 humanarum.
1271 3879 1360 3951 liciis
1374 3901 1456 3969 erga
1472 3901 1662 3971 pauperes,
1686 3879 1725 3950 id
1741 3894 1810 3964 est,
1835 3879 1965 3948 iniuste
1981 3901 2182 3971 oppressos,

232 4002 282 4077 Et
305 4001 450 4097 quidem
472 4008 545 4066 tota
561 3990 708 4064 mutatio
723 3985 884 4077 imperii.
910 3982 1034 4054 deletis
1051 3993 1103 4051 tot
1117 3979 1219 4048 urbi·
1372 3977 1481 4050 Hunc
1500 3979 1607 4050 linem
1627 3991 1720 4051 certe
1745 3980 1942 4070 intelligere
1959 3993 1995 4050 et
2006 3981 2141 4052 intueri
2154 3982 2252 4072 prin.

233 4109 319 4189 hus,
343 4115 378 4173 et
402 4094 586 4171 trucidatis
609 4105 663 4164 tot
685 4085 912 4170 exercitibus,
935 4083 1041 4176 plena
1059 4079 1220 4151 estmul-
1272 4081 1366 4172 cipes
1396 4081 1538 4156 debent.
1587 4077 1660 4152 Nec
1691 4081 1763 4153 sint
1787 4080 1935 4172 imperia
1958 4081 2089 4151 similia
2111 4082 2252 4152 latroci-

235 4224 352 4281 torum
373 4197 603 4271 horribilium
625 4189 884 4282 exemplorum,
909 4208 1000 4279 quae
1023 4195 1108 4254 sunt
1123 4204 1221 4252 com-
1272 4183 1438 4267 niorum,
1469 4203 1622 4276 qnorum
1644 4181 1726 4251 finis
1750 4195 1819 4262 est,
1852 4194 1991 4253 tantum
2017 4204 2147 4252 nocere
2169 4181 2252 4252 aliis.

235 4304 511 4380 monefactiones
523 4300 568 4369 de
581 4293 712 4366 iudicio
722 4288 806 4375 Dei,
829 4287 891 4382 qui
907 4310 983 4356 non
998 4284 1127 4354 leniter
1139 4303 1221 4350 mu·
1273 4283 1346 4356 Nec
1367 4295 1459 4354 recte
1482 4283 1664 4374 respondit
1681 4283 1883 4353 Alexandro
1901 4284 2014 4374 pirata
2029 4296 2171 4374 captus,
2195 4281 2251 4373 qui

200 4436 203 4444 ⁴
235 4425 285 4481 tat
314 4404 461 4498 imperia
493 4412 638 4493 propter
663 4393 775 4464 multa
801 4411 928 4478 magna
950 4387 1078 4456 scelera
1101 4378 1221 4452 homi·
1273 4387 1527 4473 interrogatus,
1560 4408 1625 4454 cur
1646 4382 1683 4452 in
1704 4382 1801 4455 Mari
1823 4385 2049 4454 latrocinium
2071 4395 2252 4464 exerceret,

234 4536 340 4594 num,
372 4519 413 4577 ut
443 4525 544 4596 saepe
574 4499 709 4570 dictum
735 4505 801 4563 est:
834 4488 984 4580 Propter
1006 4484 1220 4556 iniustitiam
1273 4486 1471 4579 respondit:
1497 4481 1588 4571 Cur,
1616 4509 1695 4554 cum
1717 4499 1755 4556 tu
1776 4507 1935 4555 exerceas
1956 4485 1996 4555 in
2012 4484 2127 4555 Terra
2148 4487 2251 4556 latro-

120 4680 130 4698 ·
234 4624 555 4694 muissssluffedm·
1133 4668 1137 4674 ,
1273 4587 1427 4673 oinium,
1457 4582 1548 4656 mihi
1578 4610 1653 4655 non
1683 4586 1776 4656 idem
1804 4587 1842 4654 in
1871 4585 1962 4654 mari
1989 4585 2120 4657 liceat?
2176 4583 2249 4655 Non

649 4773 658 4789 ,
956 4759 964 4778 .
1274 4689 1369 4758 enirn
1390 4701 1464 4762 erat
1484 4687 1574 4758 latro
1596 4681 1816 4772 Alexander,
1855 4689 1915 4756 sed
1938 4709 2019 4771 rex,
2059 4686 2248 4776 legitimum

221 4887 223 4893 s
439 4775 508 4848 ”⁰
537 4777 692 4845 ‘ema
724 4758 1013 4837 mmmmm
1274 4791 1463 4882 imperium
1476 4801 1617 4874 tenens,
1643 4800 1678 4858 et
1692 4811 1815 4878 gerens
1829 4787 1922 4858 bella
1937 4788 2047 4873 iusta,
2072 4789 2110 4856 in
2130 4787 2250 4882 quibus

338 4909 485 4983 Mortuo
501 4897 747 4997 igiturDario,
772 4917 867 4966 anno
881 4915 964 4963 suae
978 4890 1104 4964 aetatis
1115 4888 1222 4983 quin·
1273 4888 1369 4962 Deus
1386 4891 1424 4959 in
1441 4913 1521 4960 eum
1536 4890 1717 4961 transtulit
1729 4879 1990 4972 monarchiam,
2015 4901 2057 4959 ut
2070 4887 2248 4958 Persarum

238 5011 461 5108 quagesima,
492 5031 574 5082 curn
602 5011 782 5092 regnasset
809 5016 922 5066 annos
941 5016 1019 5074 sex,
1054 4991 1221 5063 translata
1273 4991 1435 5086 tyrannis
1466 4992 1670 5088 puniretur,
1710 5003 1744 5058 et
1770 4991 2040 5062 restituerentur
2063 4989 2102 5058 in
2132 5006 2249 5078 genere

239 5129 291 5188 est
305 5103 509 5182 monarchia
523 5131 543 5177 a
559 5103 676 5176 Persis
693 5100 738 5170 ad
756 5095 1028 5180 Alexandrum,
1044 5116 1124 5163 cum
1134 5090 1222 5163 Per·
1274 5089 1431 5165 humano
1456 5092 1549 5182 leges
1573 5105 1607 5162 et
1625 5091 1829 5183 disciplina.
1887 5089 1961 5162 Nec
1979 5092 2023 5160 de
2045 5089 2152 5160 hellis
2172 5087 2250 5158 Ale·

238 5242 296 5290 sae
316 5211 511 5286 tenuissent
531 5229 608 5278 eam
629 5224 743 5274 annos
763 5202 936 5270 ducentos
958 5208 994 5267 et
1014 5193 1121 5286 paulo
1144 5217 1222 5263 am·
1272 5197 1398 5266 xandri
1414 5194 1517 5286 plura
1530 5193 1669 5263 addam.

238 5320 344 5411 plius.
392 5309 527 5402 Estque
540 5305 684 5376 initium
694 5301 852 5374 Graecae
867 5291 1091 5370 monarchiae
1107 5318 1223 5368 annus
1375 5294 1459 5366 Post
1481 5294 1645 5364 victorias
1661 5308 1777 5365 antem
1795 5295 1833 5364 in
1849 5295 1920 5364 vita
1937 5293 2128 5364 domestica
2144 5309 2249 5362 mores

240 5413 432 5490 Alandri
448 5407 630 5502 ξεΡῑῙωω·
1274 5396 1384 5490 ipsius
1400 5395 1501 5467 valde
1513 5396 1640 5468 mutati
1655 5410 1748 5480 sunt,
1775 5409 1815 5468 ut
1828 5396 1867 5466 in
1881 5395 1893 5464 i
1895 5419 1958 5486 pso
1970 5394 2158 5488 praecipue
2172 5413 2250 5462 con·
