4696 5820
111 342 185 421 853
644 327 809 409 DECL.
842 327 917 408 DE
949 321 1266 408 GREGORIO
1300 321 1593 402 PONTANO.
2059 336 2134 414 354

113 520 291 584 monstrat
311 503 588 594 controversias,
610 526 700 602 qnae
721 505 769 578 ad
788 503 1098 589 sedelerebantur,
1146 515 1187 576 nt
1202 501 1241 574 in
1263 501 1366 576 nullo
1390 498 1566 586 vidimus,
1590 511 1626 574 et
1649 501 1801 592 gravitas
1824 515 1943 585 tanta,
1968 519 2010 578 ut
2030 530 2133 604 saepe
2163 565 2167 572 .

109 613 224 684 multe
246 603 327 682 cum
353 631 397 680 eo
417 607 592 700 disputat,
623 627 726 700 saepe
749 608 855 678 etiam
885 607 1116 683 instructum.
1148 605 1327 677 intuentes
1340 625 1422 673 eum
1445 601 1619 672 dicentem
1640 603 1872 694 cogitaremus
1893 605 1984 676 illud
2005 609 2133 684 deso.

109 712 274 786 consiliis
288 710 398 782 mittit
410 709 453 780 ed
473 708 613 780 erudita
626 706 834 800 Principum
847 707 990 778 iudicia.
1023 703 1097 774 'l'a-
1148 707 1250 792 lonc,
1274 724 1381 802 quern
1401 702 1503 774 aiunt
1526 725 1601 774 non
1618 703 1745 777 exertis
1760 706 1925 778 manibus
1941 721 2037 781 extra
2055 718 2133 806 pal-

109 817 185 886 lem
207 838 288 886 cum
314 808 458 882 haberet
473 811 668 881 Ductorem
691 821 728 880 et
745 809 959 881 monitorem
983 811 1096 876 anuos
1147 809 1237 879 lium
1270 809 1387 876 dicere
1417 805 1573 880 solitum.
1623 803 1721 877 llaec
1741 821 1841 879 erant
1868 831 1909 879 eo
1939 811 2130 902 pulcriora,

106 918 271 1010 aliquot,
303 925 344 984 ut
365 912 603 1004 Papinianum
626 909 822 1003 Ulpianus,
855 923 890 982 et
913 908 1021 979 simul
1038 902 1097 976 bic
1148 909 1232 1004 quia
1247 907 1462 979 videbantur
1476 919 1614 979 tantum
1628 909 1747 980 nativa
1765 929 1855 998 esse,
1877 923 1911 981 et
1927 917 2132 990 ostentatio-

106 1019 250 1090 audiret
274 1014 416 1104 ingenio
443 1025 478 1083 et
498 1013 698 1084 eruditione
721 1011 948 1082 excellentem
964 1007 1097 1080 Docto-
1147 1011 1204 1082 nis
1217 1006 1311 1081 nihil
1326 1007 1559 1080 animadverti
1575 1010 1700 1100 potuit.

106 1144 184 1190 rem
206 1115 468 1211 Hieronymum
490 1108 727 1198 schuetfium,
758 1113 847 1183 adeo
874 1112 913 1182 in
936 1106 1006 1181 boe
1028 1111 1095 1180 do·
1248 1107 1337 1184 Erat
1352 1111 1466 1180 oratio
1482 1109 1520 1180 in
1537 1111 1816 1183 confessionibus
1832 1113 1983 1206 publicis
1998 1131 2032 1189 et
2048 1107 2132 1188 con·

106 1221 243 1291 ctrinae
265 1239 391 1307 genere
412 1215 601 1308 processit,
625 1227 666 1286 ut
690 1237 711 1284 a
736 1211 965 1308 Principibus
988 1211 1093 1283 etiam
1149 1212 1239 1284 siliis
1260 1224 1336 1284 tota
1357 1210 1491 1302 gravis,
1521 1211 1598 1281 sine
1622 1213 1812 1284 verborum
1842 1216 1999 1298 deliciis,
2032 1241 2134 1312 saepe

108 1309 376 1402 consuleretur,
398 1312 476 1388 ὅττι
489 1311 608 1388 καλὸν
619 1309 731 1412 φίλον
747 1309 845 1407 ἐστὶ,
870 1313 994 1386 Musas
1008 1312 1099 1384 ceci·
1150 1315 1256 1386 etiam
1286 1326 1422 1384 moeste
1451 1313 1526 1382 sine
1558 1313 1761 1386 affcctione:
1801 1329 1913 1388 rectas
1943 1323 2136 1391 sententias

106 1421 204 1492 nisse
220 1421 260 1488 in
275 1415 545 1510 nuptiisCadmi
560 1415 815 1488 etHarmonies
830 1415 971 1488 dicitur.
1005 1411 1096 1486 Cum
1149 1429 1351 1488 constanter
1367 1415 1629 1506 propugnabat,
1654 1415 1792 1489 etiamsi
1812 1417 1993 1490 interdurn
2014 1420 2135 1512 ingra-

108 1535 232 1594 autem
260 1523 304 1590 ad
335 1519 592 1605 eruditionem,
629 1517 874 1611 prudentiam,
914 1516 1098 1601 iusticiam,
1147 1532 1204 1589 tae
1220 1529 1321 1588 erant
1335 1517 1552 1609 potentibus,
1577 1517 1785 1589 melioribus
1801 1520 1984 1592 sententiis
1998 1535 2033 1593 et
2047 1525 2136 1594 scri-

108 1622 278 1694 adiuncta
298 1634 349 1693 est
365 1621 587 1714 eloquentia,
607 1615 700 1690 nibil
717 1643 757 1690 ea
776 1620 1001 1712 copulatione
1016 1617 1099 1710 pul·
1148 1619 1218 1711 ptis
1240 1619 1317 1689 sine
1351 1612 1572 1714 φιλονεικείᾳ
1607 1619 1761 1693 cedebat.
1812 1617 2006 1718 Utriusque
2036 1627 2133 1695 enirn

105 1716 232 1798 ebrius
254 1737 327 1807 est,
357 1746 446 1816 quae
473 1746 555 1792 curn
577 1721 616 1790 in
638 1719 799 1893 hum
823 1722 1097 1812 conspiceretur,
1149 1721 1203 1791 rei
1221 1720 1334 1791 multa
1357 1718 1514 1811 exempla
1532 1720 1774 1790 meminimus:
1799 1723 2001 1812 veritatem,
2030 1725 2134 1798 iusti·

104 1827 230 1918 plures
251 1845 333 1893 eum
357 1821 540 1913 Principes
565 1837 600 1893 et
616 1821 701 1893 civit
757 1823 1031 1906 saccersebant,
1056 1820 1096 1889 a'c
1149 1822 1257 1907 ciam,
1288 1832 1324 1891 et
1349 1819 1497 1891 salutern
1523 1820 1702 1912 publicam
1729 1845 1812 1892 suae
1841 1825 1973 1914 gloriae
2004 1841 2038 1899 ct
2061 1831 2160 1899 suis-

106 1931 155 1997 de
169 1927 317 1994 caeteris
333 1924 546 2008 virtutibus,
576 1945 667 2017 quae
681 1924 793 2016 magis
811 1925 850 1992 in
866 1920 1099 2010 gubernatio·
1149 1923 1345 1994 commodis
1361 1921 1592 1995 anteferebat:
1609 1922 1845 1994 alienissimus
1860 1949 1879 1996 a
1893 1928 2058 2020 populari
2071 1933 2136 2002 ad-

111 2051 160 2096 nc
174 2037 381 2118 conspectae
398 2037 503 2109 sunt,
529 2011 649 2116 postea
665 2025 792 2098 dicam.
844 2023 948 2096 Prius
963 2025 1007 2094 de
1024 2023 1099 2092 elo-
1150 2026 1275 2117 plausu
1292 2037 1327 2093 et
1341 2045 1360 2092 a
1376 2015 1741 2122 πολυπραγμοσύνῃ,
1775 2027 1894 2120 utqui
1910 2029 2057 2103 sentiret
2070 2055 2136 2124 gu·

110 2126 269 2222 quentia,
286 2147 375 2220 quae
390 2127 422 2196 ei
440 2125 750 2218 patelecitaditum
763 2123 1098 2217 adRempublicam‚
1150 2123 1370 2196 bernarionis
1385 2125 1536 2210 molem,
1558 2137 1593 2196 et
1609 2147 1685 2196 non
1700 2127 1806 2199 vellet
1821 2151 1896 2197 eam
1914 2129 1983 2200 sibi
2005 2137 2135 2224 augeri,
2183 2207 2191 2214 ,

108 2229 302 2299 dicendum
318 2240 379 2297 est.
402 2225 482 2296 Etsi
498 2233 617 2297 autem
634 2227 706 2298 scio
722 2229 916 2297 mediocres
935 2221 1099 2296 homines
1149 2250 1216 2296 nee
1238 2246 1384 2318 parerga
1404 2227 1613 2296 accersenda
1636 2248 1710 2297 esse
1732 2242 1766 2301 et
1782 2229 2016 2324 relinquenda
2033 2231 2135 2334 ἔργα.

109 2354 186 2400 non
205 2329 320 2398 solum
337 2329 489 2420 ineptos,
512 2328 573 2398 sed
590 2329 694 2400 ctiam
710 2330 827 2401 fatuos
842 2328 924 2418 dici,
942 2350 1022 2396 cum
1038 2350 1099 2394 ve·
1153 2327 1193 2398 ln
1216 2326 1363 2419 privatis
1393 2349 1478 2396 vcro
1508 2327 1695 2420 colloquiis
1727 2331 1947 2406 eruditorum
1978 2329 2071 2404 nibil
2093 2360 2135 2408 eo

109 2434 164 2502 lut
191 2428 318 2502 Critici
344 2443 406 2500 aut
430 2425 630 2499 Aristarchi
659 2432 704 2500 de
733 2427 984 2500 excellentibus
1012 2427 1100 2496 viris
1151 2428 1289 2500 dulcius
1311 2439 1401 2497 erat:
1441 2426 1546 2496 avide
1574 2429 1739 2501 audiebat
1769 2425 1934 2503 historias
1958 2431 2135 2509 Ecclesiae

110 2532 290 2602 indicant:
324 2541 442 2599 umen
464 2530 541 2600 eius
561 2530 615 2600 rei
640 2533 767 2603 modus
793 2543 860 2600 cst:
893 2529 979 2600 Vult
1002 2525 1100 2598 Deus
1152 2543 1185 2601 et
1200 2530 1442 2621 imperiorum,
1458 2541 1492 2598 et
1506 2527 1635 2598 mnltas
1651 2529 1725 2619 ipse
1741 2533 1908 2603 recitabat
1927 2548 2001 2605 turn
2018 2537 2137 2627 lectas,

111 2631 255 2722 agnosci
270 2628 516 2702 excellentiam
532 2631 722 2716 virtutum,
748 2632 831 2726 quia
849 2633 894 2701 de
911 2631 987 2722 ipso
1003 2629 1100 2700 testi-
1152 2647 1228 2702 tum
1249 2629 1406 2700 auditas:
1431 2629 1569 2722 quoties
1590 2629 1746 2720 insignes
1772 2635 1966 2704 sentcntiae
1982 2660 2023 2706 ex
2040 2653 2137 2710 vete-

110 2733 274 2804 monium
292 2745 361 2817 est,
385 2743 426 2802 ut
440 2753 522 2802 vere
538 2732 658 2825 inquit
675 2730 825 2805 Seneca:
852 2727 959 2802 Nulla
974 2751 1100 2820 magna
1153 2733 1251 2802 ribus
1271 2727 1450 2800 Ecclesiae
1474 2731 1706 2822 scriptoribus
1733 2735 2021 2826 proferebantur,
2053 2763 2136 2813 mox

112 2838 227 2905 cirrus
248 2832 325 2928 sinc
350 2830 427 2903 Deo
449 2847 511 2904 est.
563 2830 621 2906 Eo
644 2834 753 2924 igitur
776 2827 862 2903 baec
885 2853 1103 2904 commemo·
1152 2853 1209 2902 eas
1226 2829 1296 2900 sibi
1313 2830 1419 2900 scribi
1436 2827 1557 2916 iussit,
1583 2844 1624 2902 ut
1637 2857 1717 2902 curn
1734 2855 1773 2902 ex
1787 2831 1921 2906 Basilio
1942 2837 2076 2908 dictum
2092 2843 2137 2913 de

116 2937 208 3007 ratio
223 2935 413 3020 celeratur,
433 2947 473 3005 ut
487 2934 703 3006 celebremus
719 2935 845 3021 Deum,
868 2933 968 3004 cuius
982 2932 1101 3002 radios
1152 2931 1234 3005 Sola
1248 2931 1317 3001 bde
1332 2931 1481 3006 audivit.
1526 2929 1705 3004 Miscebat
1726 2933 1982 3026 disputationes
2003 2941 2048 3009 de
2071 2945 2138 3014 ob-

116 3060 188 3107 esse
216 3035 444 3106 excellentem
468 3034 605 3126 ingenii
627 3036 719 3119 viru,
751 3049 863 3117 artes,
894 3050 930 3107 et
952 3032 1102 3105 virtutes
1153 3032 1265 3105 scuris
1279 3031 1546 3116 controversiis,
1570 3045 1611 3103 ut
1626 3033 1777 3104 aliorum
1793 3037 1931 3108 audiret
1946 3040 2138 3118 concinnas
2163 3107 2165 3112 ,

115 3137 258 3209 eximias
273 3137 511 3230 adfirmamus,
537 3149 573 3208 et
587 3137 699 3231 cipro
713 3132 770 3207 bis
787 3137 903 3222 donis,
929 3159 1019 3229 quae
1036 3135 1102 3207 tri·
1153 3133 1425 3228 explicationes,
1450 3134 1640 3205 condiebat
1655 3148 1691 3207 et
1712 3130 1892 3207 hilaritate
1915 3139 1999 3209 talia
2025 3143 2138 3215 collo·

118 3239 196 3310 buit
210 3249 355 3330 propter
366 3238 674 3328 gubernationem,
685 3241 814 3328 gratias
826 3239 974 3328 agimus.
998 3234 1103 3307 Nolle
1154 3236 1256 3331 quia,
1287 3257 1428 3328 asperso
1453 3233 1605 3305 candido
1629 3236 1717 3322 sale,
1742 3261 1818 3307 non
1843 3239 1939 3309 enim
1961 3241 2083 3316 deerat
2104 3247 2140 3318 ei

116 3343 221 3410 etiam
243 3339 346 3408 lateri
372 3341 487 3425 bona,
518 3362 609 3432 quae
630 3339 742 3408 oculis
761 3351 977 3421 cernuntur,
1009 3337 1104 3407 livor
1152 3336 1302 3430 lepesin
1320 3335 1543 3406 sermonibus
1558 3331 1800 3412 hilarioribus.

117 3455 177 3513 est.
232 3437 284 3510 Et
298 3464 361 3530 ego
379 3431 539 3511 nontam
553 3461 672 3510 meum
697 3439 887 3524 iudicium,
913 3461 1019 3532 quam
1043 3460 1100 3507 sa·
1254 3434 1351 3506 Haec
1371 3436 1527 3507 breviter
1547 3437 1690 3508 recitavi
1715 3441 1759 3509 de
1783 3441 1925 3530 ingenio
1954 3457 1989 3515 ct
2011 3451 2139 3524 studiis

116 3544 275 3636 pientnm
299 3564 481 3612 sermones
503 3564 685 3626 recenseo,
710 3562 799 3634 quos
822 3541 944 3610 audivi
968 3538 1102 3609 dicere:
1153 3535 1251 3623 eius,
1275 3559 1366 3630 qnae
1386 3559 1470 3607 vcra
1490 3553 1568 3605 esse
1587 3538 1690 3612 multi
1712 3555 1865 3626 norunt,
1891 3556 1925 3613 et
1940 3556 2138 3626 verecunde

117 3643 303 3714 Neminem
319 3643 519 3727 sevidisse,
544 3643 670 3737 inquo
691 3642 794 3733 plura
817 3654 933 3713 essent
956 3651 1102 3710 naturae
1153 3640 1230 3709 sine
1251 3638 1439 3710 collatione
1461 3651 1643 3709 oratorum
1667 3639 1758 3711 dicta
1788 3655 1889 3730 sunt,
1921 3669 2028 3738 quam
2058 3654 2138 3726 aliie

115 3747 221 3830 bona,
236 3763 326 3836 quae
341 3745 469 3835 partim
484 3742 823 3815 necessariesuntin
842 3757 995 3826 oratore,
1019 3764 1101 3832 par·
1153 3741 1329 3834 relinquo.
1379 3735 1439 3810 Ad
1461 3750 1646 3833 utramque
1673 3742 1826 3812 formam
1857 3747 2030 3820 orationis
2057 3753 2139 3828 ido-

115 3850 178 3919 tim
196 3858 281 3915 sunt
294 3841 516 3930 scammata,¹
529 3867 636 3938 quana
652 3845 692 3913 in
708 3843 883 3918 Pontauo.
914 3841 1100 3932 lngenium
1153 3863 1242 3912 neus
1263 3841 1351 3922 luit,
1377 3841 1420 3912 ad
1444 3841 1670 3931 grandiorem
1694 3857 1728 3915 et
1750 3845 2046 3936 splendidiorem,
2068 3883 2138 3952 qua

116 3947 391 4020 iuitdectrinae
410 3959 443 4016 et
469 3967 575 4037 capax
597 3959 633 4018 et
654 3945 819 4028 avidum,
852 3944 1042 4037 prudentia
1067 3957 1101 4015 ct
1153 3943 1337 4029 utebatur,
1361 3967 1441 4014 cum
1464 3942 1527 4012 illo
1548 3966 1637 4014 sono
1661 3969 1750 4038 opus
1769 3961 1845 4018 erat
1869 3947 1909 4017 in
1929 3945 2138 4050 Principum

116 4049 386 4137 circumspectio
410 4046 611 4136 singularis.
659 4041 735 4118 Nec
756 4059 832 4118 crat
849 4041 1099 4117 hallucinatrix
1154 4043 1394 4132 consessibus,
1418 4057 1454 4116 et
1474 4046 1519 4114 ad
1544 4048 1691 4116 alteram
1718 4048 1915 4118 tenuiorem
1931 4065 1965 4124 et
1981 4050 2136 4132 Atticam

116 4163 255 4226 natum,¹
271 4160 312 4220 ut
326 4164 409 4222 sunt
424 4149 556 4218 multae
569 4151 773 4220 deerrantes
788 4149 831 4219 ad
847 4171 1004 4240 parerga.
1030 4145 1101 4218 Sed
1152 4147 1305 4222 formam
1327 4145 1366 4215 in
1386 4146 1533 4239 privatis
1554 4148 1741 4240 colloquiis
1762 4164 1796 4222 et
1813 4150 2138 4233 deliberationibus.

116 4249 292 4325 rectitudo
315 4250 354 4320 in
374 4274 415 4322 eo
439 4249 565 4320 iudicii
589 4264 683 4332 crat,
709 4262 742 4320 et
763 4251 801 4320 id
817 4251 969 4320 formare
983 4248 1105 4318 erudi·
1152 4242 1231 4319 Etsi
1252 4247 1377 4319 videor
1394 4249 1555 4338 ineptus,
1588 4249 1649 4349 qui
1676 4249 1714 4318 in
1735 4244 1802 4321 bae
1823 4253 2024 4328 narratione
2039 4257 2137 4335 Eccii
2188 4251 2191 4266 ’

116 4359 217 4428 tione
231 4352 380 4424 studuit.
430 4349 568 4423 Didicit
585 4351 673 4422 iuris
687 4351 821 4444 publici
838 4363 872 4421 et
888 4348 1020 4442 privati
1036 4349 1102 4420 do·
1153 4347 1370 4418 mentionem
1392 4349 1502 4434 facio,
1528 4363 1643 4426 tamen
1666 4350 1753 4422 libet
1775 4352 1937 4427 adiicere.
1990 4355 2032 4430 ln
2050 4386 2141 4434 con-

117 4456 292 4538 ctrinam,
316 4468 350 4526 et
364 4450 777 4543 adiunxitcognitionem
793 4451 1004 4542 scriptorum
1020 4471 1104 4540 pro·
1154 4463 1264 4519 ventu
1289 4448 1496 4538 Augustano
1519 4475 1598 4522 curn
1621 4453 1665 4521 ad
1687 4450 1871 4546 Principes
1894 4461 2065 4546 quaedam
2092 4466 2137 4536 de

117 4557 342 4655 phetieorum
366 4567 401 4626 et
416 4553 717 4647 apostolicorum,
743 4566 778 4624 et
803 4549 963 4622 omnium
979 4545 1103 4622 Eccle-
1152 4552 1290 4646 synodo
1318 4550 1507 4621 indicenda
1535 4565 1695 4623 accurate
1728 4553 1876 4639 diceret,
1910 4575 1983 4631 non
2012 4569 2140 4651 procu}

115 4665 188 4736 siae
204 4658 440 4728 certaminum
455 4669 490 4726 et
503 4657 722 4748 temporum,
742 4677 818 4725 non
834 4667 992 4738 tanturn,
1013 4665 1054 4725 ut
1067 4673 1104 4723 sc
1153 4652 1357 4724 sedentibus
1378 4647 1485 4722 Eccio
1513 4667 1548 4723 ct
1571 4649 1761 4746 Philippo,
1792 4651 1920 4725 Eccius
1945 4663 2068 4736 scribit
2096 4668 2137 4740 in
2252 4701 2255 4708 ¹

116 4767 160 4837 ad
193 4758 390 4830 dicendum
417 4758 628 4843 instrueret,
667 4759 727 4829 sed
756 4757 870 4826 multo
900 4755 1032 4844 magis,
1063 4766 1105 4825 ut
1154 4776 1262 4845 parva
1279 4751 1415 4845 pa'gella
1430 4747 1654 4824 baccverbac
1679 4753 1787 4826 Cuias
1810 4767 1862 4825 est
1886 4753 1978 4830 iste?
2002 4767 2137 4839 adscri-

115 4869 235 4942 Deum
252 4876 346 4934 recte
361 4860 560 4946 invocaret,
585 4859 681 4953 quod
697 4859 827 4930 scimus
847 4879 929 4928 eum
952 4856 1044 4927 serio
1070 4869 1105 4928 et
1153 4855 1208 4924 bit
1230 4851 1436 4945 Philippus:
1462 4849 1528 4926 Est
1541 4854 1629 4926 civis
1645 4854 1943 4945 Witebergensls,
1993 4863 2135 4944 nunu,

114 4971 194 5042 sine
214 4959 396 5062 hypocrisi
409 4960 543 5034 iecisse.
592 4957 653 5033 Aa
664 4956 891 5033 hancrerum
906 4957 1105 5030 doctrinam
1155 4955 1326 5027 adscribit
1337 4951 1483 5026 Eccius:
1508 4952 1670 5027 Proiecto
1686 4967 1735 5025 est
1749 4957 1931 5051 eloquens.
1982 4965 2052 5042 sed
2077 4997 2137 5043 re.

116 5069 308 5145 accedebat
319 5063 494 5138 divinitus
506 5059 539 5132 ei
554 5059 685 5135 donata
701 5087 776 5136 non
791 5062 908 5134 solum
923 5059 1106 5155 profluens
1155 5057 1222 5128 deo
1237 5059 1284 5128 ad
1298 5056 1424 5128 seriem
1436 5051 1617 5144 historiae.

117 5169 295 5248 sermonis
321 5168 445 5262 copia,
470 5166 532 5234 sed
556 5165 662 5235 etiam
683 5165 853 5259 splendor
869 5163 913 5232 in
933 5161 1051 5233 verbis
1070 5172 1107 5231 et
1255 5155 1348 5230 Cum
1360 5153 1442 5229 Dux
1454 5157 1593 5249 sapiens
1606 5155 1808 5232 Friderics'rs
1821 5155 1985 5250 Elector,
2009 5171 2142 5244 eteius·
2189 5185 2193 5192 '

118 5273 262 5368 figuris,
284 5295 353 5342 vox
368 5267 514 5360 grandis
529 5279 565 5338 et
578 5263 713 5347 virilis,
739 5289 829 5362 quae
843 5266 948 5336 etiam
975 5263 1013 5332 in
1028 5286 1105 5331 ma·
1155 5257 1361 5332 Consiliarii
1384 5257 1558 5350 sapientes
1577 5269 1613 5329 et
1634 5258 1838 5352 eloquentes
1860 5264 1931 5336 viri
1957 5263 2135 5346 Fabianus

119 5402 190 5468 gno
213 5373 370 5446 exercitu
393 5365 554 5442 exaudiri
571 5366 758 5459 potuisset.
807 5364 1005 5438 Proceritas
1025 5385 1105 5433 cor·
1155 5355 1349 5434 aFeilisch
1374 5371 1408 5430 et
1428 5355 1672 5440 Fridericusa
1696 5355 1808 5433 Tbun
1830 5363 2016 5458 aliquoties
2038 5370 2136 5445 Pon.

119 5478 239 5573 poris,
263 5488 299 5548 ct
319 5473 451 5568 specics
474 5462 724 5566 ἀξιωματικὴ,
749 5481 865 5560 gestus
884 5462 1106 5550 sedatiuimi,
1155 5473 1278 5537 unum
1310 5457 1547 5550 audivissent,
1584 5475 1619 5534 et
1649 5461 1851 5554 ingenium,
1888 5465 2135 5562 eruditionem,

169 5578 359 5652 Maraxes.
383 5579 491 5648 0211.
514 5571 705 5666 ΜΠ.
856 5585 864 5599 '
1446 5558 1500 5638 2⁸

1464 5788 1550 5804 Α
