4604 5804
102 289 105 308 ’
218 299 294 374 aas
461 291 672 371 semera
696 296 774 370 ru.
800 295 918 374 nun.
943 295 1011 370 nn
1036 293 1165 376 nrsr.
1193 295 1343 408 eaor.
1368 295 1436 372 nr
1462 277 1655 377 nultos.
1680 299 2004 382 secernunt.
2170 309 2234 384 rot

220 487 303 545 tuus
327 469 366 538 in
387 463 577 571 Mageddo.
628 459 836 540 Astatia
857 494 941 540 vero
966 485 1096 554 mater,
1126 480 1207 542 nata
1234 539 1237 552 ,
1262 468 1371 542 Initio
1396 472 1477 565 pius
1499 487 1533 546 et
1554 475 1682 562 foelix,
1720 475 1807 549 vicit
1826 472 2038 552 Philistaeos
2057 493 2090 553 et
2109 473 2235 554 Arabes.

221 597 263 646 ex
285 595 366 664 rege
388 569 569 644 Samariae
592 566 744 660 Amri,
776 571 887 665 impia
909 565 1211 660 eteru·de1ts,·ut'
1261 572 1332 645 Sed
1354 587 1475 666 postea
1498 597 1578 645 cum
1602 575 1719 647 officio
1740 581 1938 651 sacerdotis¹
1953 579 2053 672 fungi
2075 583 2187 672 vellet,
2205 599 2234 656 et

221 698 371 766 regnum
391 673 577 760 retineret,
609 672 785 746 interfecit
813 697 937 743 omnes
960 675 1061 765 regni
1085 669 1210 746 haere·
1261 700 1325 769 per
1348 699 1423 747 sese
1442 675 1701 750 sacrificaturus
1720 693 1829 765 esset,
1854 677 1953 756 Deus
1969 682 2060 754 iram
2074 709 2234 778 suampn-

222 779 301 864 des,
324 789 463 870 praeter
475 800 626 867 puerum
650 773 784 856 loos,
809 776 898 845 clam
921 791 1080 869 ereptum
1097 779 1211 848 saevi·
1262 779 1357 850 hlica
1378 802 1490 870 poena
1507 778 1712 858 declaravit.
1762 779 1898 873 Regem
1915 785 2012 856 enim
2029 783 2139 860 subita
2153 787 2235 880 lepra

222 881 296 972 ciac
323 877 484 949 mulieris
511 880 729 972 tyrannicae.
779 875 858 948 Hoc
879 890 1038 970 tempore
1062 903 1209 970 regnum
1262 880 1446 973 percussit,
1469 905 1558 974 quae
1573 895 1693 974 postea
1706 877 1822 956 haesit
1837 886 1877 957 in
1892 910 1933 956 eo
1945 887 1983 956 in
1995 889 2098 980 longa
2108 901 2236 963 senecta.

221 981 312 1056 Iuda
332 1001 352 1052 a
375 981 485 1072 stirpe
508 979 712 1052 Salomonis
734 981 944 1051 translatum
963 995 1015 1050 est
1031 985 1074 1051 ad
1092 995 1211 1074 poste·
1366 981 1443 1053 Sub
1457 1006 1498 1052 eo
1517 984 1722 1055 concionari
1734 988 1852 1078 ¹coepit
1866 984 2011 1075 Esaias,
2035 1003 2134 1062 natus
2146 991 2236 1059 inf-

222 1107 281 1157 res
302 1079 466 1168 Nathan,
499 1083 561 1176 qui
584 1084 689 1154 etiam
716 1081 786 1152 fuit
807 1082 901 1152 filius
922 1081 1082 1158 Davidis.
1141 1081 1212 1154 Hic
1264 1079 1363 1154 milia
1394 1085 1509 1176 regia,
1550 1086 1612 1180 qui
1633 1111 1713 1158 cum
1736 1111 1757 1157 a
1779 1085 1947 1160 Manasse
1972 1111 2067 1164 serra
2088 1093 2236 1163 dissectus

221 1209 347 1259 rursus
385 1185 584 1276 exemplum
627 1184 861 1277 proponitur,
906 1185 1004 1278 quod
1040 1185 1213 1271 ostendit,
1263 1186 1328 1272 sit,
1362 1187 1432 1259 fuit
1459 1187 1500 1257 in
1524 1185 1725 1260 ministerio
1751 1182 1960 1282 prophetico
1985 1216 2098 1264 annos
2119 1193 2236 1264 circiter

222 1312 331 1386 regna
355 1285 503 1372 mutari,
536 1300 570 1360 et
592 1285 749 1378 extingui
772 1285 925 1356 familias
947 1295 1093 1380 propter
1115 1287 1212 1358 idola
1265 1287 1454 1378 octoginta.
1525 1285 1707 1362 Praedixit
1742 1291 1956 1364 mutationes
1990 1295 2236 1388 praecipuorum

223 1403 259 1463 et
287 1389 526 1484 tyrannidem·
588 1386 679 1460 Tota
711 1389 897 1482 posteritas
925 1385 1128 1462 Salomonis
1152 1393 1214 1461 de·
1265 1401 1479 1479 regnorum,
1511 1413 1600 1484 quae
1625 1404 1744 1485 postea
1767 1409 1935 1488 sequutae
1958 1410 2061 1482 sunt,
2084 1395 2176 1488 regni
2194 1397 2236 1466 ls-

223 1495 294 1565 leta
318 1505 381 1565 est.
432 1489 571 1562 Interea
602 1503 719 1562 tam'en
744 1491 843 1560 Deus
865 1490 1075 1563 mirabiliter
1099 1506 1215 1561 servat
1266 1493 1362 1578 ra’e’l,
1386 1483 1612 1588 Aegyptiaci,
1637 1491 1794 1590 Syriaci,
1819 1493 2050 1594 Babylonici,
2072 1495 2237 1594 Assyriaci,

225 1593 481 1687 promissiones
513 1597 558 1664 de
591 1615 700 1683 regno
733 1589 764 1662 I
769 1583 881 1677 uda,
918 1607 952 1664 et
985 1596 1030 1663 de
1062 1607 1214 1665 venturo
1267 1595 1485 1663 eversionem
1510 1593 1611 1690 Tyri.
1662 1591 1710 1667 Et
1732 1595 1876 1690 quidem
1899 1599 2111 1672 nominatim
2132 1599 2236 1670 vatici·

225 1693 370 1768 Messia.
420 1694 607 1767 Transfert
621 1697 717 1770 enim
734 1717 883 1786 regnum
904 1697 949 1765 ad
970 1709 1129 1789 posteros
1142 1695 1215 1767 Na·
1266 1711 1391 1782 natur,
1424 1692 1656 1782 Macedones,
1689 1696 1814 1771 Clttim
1835 1713 1870 1770 et
1891 1695 2104 1772 Dodonaeos
2123 1699 2237 1794 potitu-

227 1793 334 1883 than,
368 1818 410 1867 er
440 1797 570 1892 qulbus
599 1798 677 1870 vult
707 1797 805 1869 nasci
826 1795 1008 1873 Messiam.
1064 1795 1150 1868 Ideo
1176 1799 1215 1869 in
1267 1822 1325 1868 ros
1348 1816 1423 1894 esse
1444 1795 1543 1894 Tyro
1568 1811 1603 1870 et
1626 1797 1821 1895 Babylone.
1878 1797 2087 1875 Doctrinam
2107 1803 2235 1874 verode

228 1899 432 1994 genealogia
455 1894 589 1972 Christi
611 1901 706 1995 apud
721 1899 855 1974 Lucam
876 1900 1007 1970 omisso
1023 1897 1216 1972 Salomone
1266 1896 1399 1970 Messia
1416 1913 1448 1970 et
1464 1903 1508 1971 de
1523 1901 1632 1992 gr'atia
1649 1903 1933 1995 splendidissime
1948 1905 2146 1979 illustravit.

230 2003 402 2073 inseritur
415 1997 569 2072 Nathan.
867 2039 871 2048 ·
969 2003 972 2018 '
1370 1997 1400 2071 I
1403 1994 1559 2071 otham
1590 2005 1751 2094 regnarit
1779 2005 1818 2073 in
1848 1999 1937 2078 luda
1959 2023 2075 2077 annos
2098 2003 2236 2079 sedecim.

333 2096 535 2174 Astatia
563 2100 753 2198 tyrannica·
769 2102 900 2174 mulier
921 2103 1083 2193 regnavit
1103 2125 1217 2175 annos
1267 2101 1355 2174 Pius
1377 2117 1412 2174 et
1427 2104 1552 2190 foelix,
1589 2107 1676 2176 vicit
1692 2100 1928 2181 Ammonitas.
1981 2105 2236 2180 Annosecnndo

230 2220 381 2300 septem,
421 2207 598 2306 interfecit
639 2205 879 2296 posteritatem
913 2203 1135 2292 Salomonis,
1182 2217 1218 2276 et
1269 2199 1408 2276 lotham
1436 2199 1650 2277 inchoantur
1679 2203 1898 2278 Graecorum
1923 2201 2168 2304 Olympiades,
2194 2231 2236 2277 se-

230 2311 373 2403 publice
389 2311 524 2380 cultum
546 2320 580 2379 et
599 2307 834 2377 sacerdotium
848 2305 936 2378 Baal
953 2307 991 2376 in
1007 2306 1096 2379 luda
1112 2308 1217 2380 insti·
1269 2308 1425 2378 cundum
1444 2331 1530 2400 quas
1549 2305 1694 2378 Graecis
1710 2309 1819 2398 longo
1834 2321 1995 2402 tempore
2009 2305 2236 2384 usitatum’fuit

230 2411 312 2484 tuit.
364 2409 448 2480 Ideo
465 2407 603 2481 loiadas
617 2429 775 2478 summus
794 2412 956 2480 sacerdos
973 2410 1086 2501 ipsam
1111 2424 1146 2481 et
1160 2433 1217 2480 sa·
1268 2411 1395 2480 seriem
1427 2425 1546 2479 rerum
1577 2423 1753 2498 gestarum
1784 2412 1822 2479 in
1846 2413 2002 2504 publicis
2021 2409 2235 2488 monumentis

232 2513 407 2586 crificulos
424 2509 512 2581 Baal
533 2509 727 2595 interfecit,
753 2525 787 2580 et
801 2511 936 2583 cultum
954 2507 1042 2582 Baal
1064 2512 1217 2585 sustulit.
1269 2509 1497 2603 perscribere.
1549 2509 1651 2582 Sumi
1674 2528 1790 2583 autem
1815 2513 1960 2584 initium
1983 2523 2235 2607 certumpotcst,

293 2695 296 2704 γ
333 2611 447 2684 loos
471 2629 629 2685 servatus
653 2635 673 2680 a
698 2612 847 2702 coniuge
876 2613 1004 2682 summi
1027 2612 1217 2682 sacerdotis
1269 2627 1363 2684 retro
1390 2617 1624 2684 numerando.
1679 2611 1773 2702 Quia
1795 2616 2032 2688 certissimum
2057 2630 2124 2703 est,
2153 2611 2234 2702 regni

230 2718 390 2808 regnavit
411 2717 449 2785 in
471 2712 559 2785 Iuda
583 2727 696 2784 annos
721 2713 973 2807 quadraginta,
1006 2713 1219 2787 instauravit
1270 2709 1466 2784 Alexandri
1488 2736 1570 2784 mex
1594 2729 1671 2808 post
1687 2728 1836 2788 mortem
1852 2712 2015 2810 Philippi
2029 2713 2165 2789 initium
2177 2723 2234 2785 esse

231 2819 426 2911 templum,
459 2829 494 2888 et
514 2817 581 2889 fnit
601 2814 707 2885 initio
723 2839 783 2886 rex
807 2815 888 2908 pius
908 2827 944 2888 et
956 2815 1080 2904 foelix,
1104 2818 1218 2887 donec
1269 2816 1424 2908 primurn
1460 2839 1597 2886 annum
1634 2812 1863 2914 Olympiadis
1899 2821 2110 2891 centesimae
2143 2818 2235 2888 unde·

231 2921 321 2992 sistit
342 2915 372 2990 I
377 2913 549 2991 ot'ddas
568 2925 727 2992 summus
749 2919 932 3006 sacerdos,
965 2919 1065 2992 cuius
1095 2919 1218 2991 consi·-
1270 2915 1391 2989 cimae.
1472 2917 1476 2924 ’

231 3021 289 3094 fiis
311 3023 578 3114 obtemperavit.
635 3015 721 3090 Post
742 3020 817 3090 eius
838 3033 988 3092 mortem
1010 3021 1102 3112 cepit
1122 3020 1218 3091 idola
1318 3029 1321 3036 '
1370 3008 1511 3090 Nomen
1526 3033 1641 3091 autem
1657 3015 1848 3116 Olympias
1862 3017 2130 3113 comprehendit
2143 3037 2235 3092 annos
2275 3055 2276 3058 π

232 3127 369 3211 colere,
399 3140 432 3196 et
452 3123 632 3194 interfecit
653 3115 880 3207 Zachariam,
912 3121 1011 3191 illius
1032 3119 1218 3208 filium,a
1270 3132 1433 3214 quatuor.
1483 3117 1534 3191 Et
1559 3123 1692 3193 lactum
1721 3136 1774 3194 cst
1800 3122 1845 3192 ab
1874 3123 2059 3197 ordinario
2083 3131 2235 3196 convento
2275 3133 2276 3136 ’

233 3251 305 3324 quo
324 3229 400 3319 ipse
420 3231 579 3296 servatus
601 3234 685 3293 erat.
741 3219 866 3294 Postea
887 3221 1025 3318 Syriaci
1046 3224 1219 3293 exercitus
1271 3219 1489 3292 Graecorum
1511 3223 1556 3291 ad
1578 3217 1741 3308 Elidem,
1772 3223 1836 3316 qui
1859 3225 2105 3298 celebrabatur
2121 3241 2235 3313 semper
2275 3223 2276 3244 ¹

231 3327 394 3422 populati
415 3339 498 3399 sunt
519 3323 705 3404 Iudaeam,
732 3337 767 3395 ct
788 3321 866 3396 loas
893 3349 912 3394 a
934 3324 1045 3396 servis
1066 3323 1139 3396 suis
1161 3325 1219 3394 in·
1269 3334 1349 3416 post
1363 3337 1528 3417 quartum
1543 3347 1699 3408 annum,
1724 3323 1763 3391 in
1780 3343 1919 3410 mense,
1945 3327 2012 3418 qui
2028 3325 2164 3398 Graecis
2177 3321 2235 3392 ini·

233 3433 400 3503 terfectns
434 3439 497 3501 est.
552 3423 741 3520 Regnante
775 3419 843 3498 hoc
868 3424 950 3498 loas
979 3440 1141 3508 mortuus
1167 3441 1220 3500 cst
1270 3426 1359 3497 tium
1379 3438 1453 3495 erat
1466 3425 1573 3510 anni,
1598 3426 1762 3522 videlicet
1775 3427 1812 3493 in
1829 3425 2053 3519 plenilunio,
2079 3428 2166 3523 quod
2179 3421 2235 3492 sol·

233 3530 276 3603 E
281 3531 441 3607 tiseos.
1270 3527 1366 3597 stitio
1390 3527 1521 3596 aestivo
1544 3527 1745 3618 proximum
1768 3539 1832 3604 est.
1897 3527 1958 3600 Sic
1980 3544 2168 3601 conventus
2186 3523 2234 3592 ille

337 3629 734 3725 Amasiasregnavit
750 3631 787 3701 in
801 3629 890 3702 Iuda
903 3653 1016 3700 annos
1030 3627 1093 3718 29,
1114 3628 1219 3708 initio
1270 3628 1358 3697 anni
1381 3627 1525 3698 initium
1545 3625 1691 3698 Graecis
1714 3640 1799 3700 erat.
1852 3625 1937 3701 Ideo
1958 3633 2067 3702 series
2082 3643 2233 3702 annornm

234 3736 314 3832 pius
344 3752 378 3809 et
399 3735 519 3811 foelix.
579 3733 900 3807 Vicit'ldumaeos.
960 3729 1084 3803 Postea
1109 3732 1220 3803 coluit
1272 3730 1356 3799 inde
1378 3731 1563 3800 commode
1584 3733 1801 3803 sumebatur.
1852 3729 1954 3821 Quae
1971 3749 2087 3805 autem
2103 3731 2234 3818 insignes

233 3841 351 3923 idola,
381 3852 414 3909 et
435 3850 532 3907 moto
555 3837 649 3907 bello
670 3859 744 3906 non
765 3832 960 3906 necessario
978 3833 1220 3905 dissuadenti·
1270 3825 1440 3902 historiae
1463 3828 1682 3904 Graecorum
1710 3833 1962 3906 antecesserint
1993 3831 2085 3906 hanc
2107 3839 2233 3902 annota-

233 3941 302 4012 bus
324 3935 513 4034 Prophetis
540 3940 652 4008 vietus
674 3950 745 4022 est,
776 3949 812 4007 et
834 3936 1005 4028 templum
1029 3935 1220 4027 spoliatum
1271 3933 1406 4004 tionem
1428 3943 1626 4014 annorum,
1658 3933 1751 4004 infra
1773 3925 1940 4007 dicemus.
1991 3929 2233 4008 consideranda

234 4058 297 4117 est.
349 4039 433 4113 Post
454 4041 591 4134 aliquot
616 4055 728 4108 annos
751 4038 825 4131 ipse
849 4037 1009 4108 Amasias
1023 4038 1163 4127 fugiens
1179 4061 1220 4107 ex
1270 4049 1323 4106 est
1343 4035 1438 4105 enim
1460 4047 1660 4127 temporum
1685 4035 1849 4123 collatio,
1875 4050 1915 4109 ut
1937 4037 2107 4125 sclamus,
2130 4031 2232 4108 Eccle-

234 4143 452 4239 lerosolyma
477 4142 682 4213 interfectus
707 4151 759 4210 est
782 4141 822 4209 in
843 4133 990 4214 Laches.
1042 4137 1220 4232 Tempore
1270 4137 1342 4208 siae
1357 4135 1556 4210 doctrinam
1572 4137 1853 4232 antiquissimam
1871 4161 1954 4215 esse.

235 4243 398 4318 Amasiae
413 4243 678 4337 Sardabapalus
689 4241 775 4328 fuit,
800 4263 871 4336 quo
887 4265 1220 4334 oppressomonar-
1372 4233 1409 4308 A
1416 4231 1527 4308 altas
1548 4238 1710 4329 regnavit
1723 4236 1859 4311 inluda
1874 4265 1987 4313 annos
2002 4237 2160 4323 sedecim,
2179 4229 2233 4304 fuit

235 4343 314 4422 chia
338 4343 516 4421 Chaldaea
540 4347 653 4418 divisa
678 4360 749 4437 est,
780 4357 814 4416 et
837 4344 986 4416 retinuit
1001 4338 1096 4414 Phul
1112 4341 1220 4415 Belo·
1271 4341 1418 4433 impius,
1444 4341 1608 4426 infoelix,
1630 4337 1823 4413 fascinatus
1843 4342 2062 4414 idolomania
2082 4331 2233 4426 multipli-

234 4447 322 4524 chns
343 4447 565 4546 Babylonem
590 4461 625 4522 ct
645 4445 814 4519 Niniven.
869 4439 1025 4517 Arbazes
1045 4469 1129 4516 vero
1151 4446 1221 4516 fuit
1270 4443 1376 4528 citer,
1403 4442 1723 4533 clausit-templum
1739 4441 1827 4536 Dei,
1854 4460 1889 4517 et
1910 4445 2050 4517 alibiin
2067 4437 2231 4515 Ierusalem

232 4565 295 4626 r'ex
311 4549 504 4625 Medorum
521 4567 554 4624 et
568 4543 767 4624 Persarum.
818 4543 1000 4619 Hactenus
1016 4541 1221 4618 reroChal-
1271 4560 1307 4620 et
1329 4545 1535 4638 inoppidis
1557 4545 1654 4616 idola
1675 4544 1880 4634 collocavit,
1903 4547 2074 4620 cremavit
2094 4559 2126 4616 et
2139 4539 2231 4612 fillum

234 4656 313 4727 daei
336 4672 371 4731 et
384 4651 522 4752 Assyrii
544 4675 619 4724 non
638 4651 838 4725 intulerunt
852 4649 987 4721 bellum
1003 4646 1172 4723 Israelitis
1185 4661 1221 4723 et
1270 4649 1309 4718 in
1325 4648 1507 4720 sacrificio.

235 4754 394 4845 ludaeis,
418 4760 480 4829 sed
497 4755 669 4850 ,deinceps
692 4747 832 4850 Assyrii
853 4752 991 4824 duriter
1006 4751 1221 4824 adflixerunt
1371 4745 1462 4820 Eius
1481 4761 1640 4841 tempore
1661 4771 1721 4820 rex
1744 4747 1855 4820 Israel
1878 4762 1913 4823 et
1929 4748 2053 4845 Syriae
2075 4748 2233 4821 vastarunt

235 4859 355 4929 dorem
385 4859 518 4948 tribus,
549 4872 585 4932 et
610 4853 768 4930 Ecclesia
791 4867 1002 4926 crescentem
1024 4853 1219 4948 potentiam
1271 4848 1457 4936 Iudaeam,
1496 4861 1531 4922 et
1562 4849 1814 4946 lerosolymam
1844 4851 2070 4924 obsederunt
2134 4837 2231 4920 Ath³⁵

235 4959 381 5032 illorum
411 4983 602 5053 regnorum
632 4957 770 5050 magnis
793 4956 1052 5028 calamitatibus
1077 4967 1219 5051 experts
1269 4955 1379 5046 igitur
1408 4952 1559 5046 spoliato
1580 4953 1734 5042 templo,
1772 4953 1935 5025 mercede
1957 4951 2121 5026 invitavit
2139 4946 2231 5036 Assy·

235 5075 298 5137 est.
349 5059 420 5136 Sed
434 5065 520 5136 vicit
534 5077 671 5146 tamen,
698 5059 878 5134 conversis
900 5060 1043 5152 regibus
1057 5061 1101 5130 ad
1117 5059 1219 5150 agni-
1269 5057 1361 5143 rios,
1401 5069 1442 5126 ut
1469 5052 1543 5146 regi
1570 5051 1681 5124 lsraiil
1709 5067 1745 5126 et
1767 5051 1891 5151 Syriae
1915 5055 2049 5127 bellum
2071 5053 2231 5124 inferrent.

233 5166 370 5238 tionem
384 5165 460 5236 reri
474 5159 543 5238 Dei
553 5161 847 5258 Nabogdonosor,
871 5155 981 5234 Dario
996 5157 1126 5244 Medo,
1145 5153 1219 5258 Cy·
1267 5154 1421 5334 {popter
1440 5151 1533 5228 hanc
1553 5155 1754 5230 societatem
1777 5157 1986 5248 obiurgatus
2007 5167 2060 5228 est
2075 5141 2230 5226 Achasab

233 5294 275 5342 ro
319 5283 354 5341 et
371 5268 464 5339 aliis.
930 5287 933 5296 ’
1319 5261 1386 5334 ala.

247 5375 250 5382 “
284 5325 295 5360 ’
338 5362 505 5445 Ozias,
531 5363 845 5438 cuiusetalterum
865 5387 998 5438 nomen
1022 5378 1074 5439 est
1097 5357 1218 5434 Aza-
1322 5415 1327 5422 .
1369 5359 1557 5452 Regnante
1580 5353 1715 5448 Achas,
1737 5383 1849 5431 anno
1875 5360 1992 5454 primo
2015 5348 2230 5453 zolynpta-

238 5467 281 5539 ri
286 5493 354 5557 os,
382 5465 543 5562 regnavit
559 5463 598 5534 in
616 5462 704 5535 luda
718 5490 830 5538 annos
846 5467 1103 5562 qninquaginta
1117 5467 1217 5538 dnos.
1269 5465 1325 5537 dis
1336 5461 1515 5539 Romulus
1527 5476 1563 5536 et
1573 5459 1711 5537 Remus
1723 5463 1875 5535 condere
1883 5459 2230 5552 Romam'cocpernn'b

258 5693 397 5770 A
