4606 5822
79 311 145 390 ωε
403 393 406 400 ,
703 303 970 385 unumst
1001 297 1456 390 unnnunnnuts.
2022 309 2107 408 sec

78 479 201 552 etalios
215 478 261 551 sd
276 477 444 552 timorem
459 475 548 566 liei,
573 479 619 552 ad
631 477 740 552 fidon
753 495 789 555 et
802 479 1053 555 celebrandum
1104 497 1230 552 eorum
1251 478 1293 550 in
1313 501 1378 552 sus
1402 478 1553 574 quisque
1572 484 1777 570 vocatione,
1813 503 1849 565 et
1873 492 1914 564 in
1935 503 2099 589 regendis
2119 488 2126 504 ‘

78 583 180 656 mom
195 581 336 654 invitas.
873 629 876 638 ·
1105 579 1280 655 osoribus.
1329 579 1513 656 laudetur
1534 596 1571 655 et
1590 585 1630 656 in
1654 586 1743 678 ipsis
1762 583 1849 664 hacc
1870 617 1974 680 cura,
2000 607 2098 693 quod

152 684 228 758 26·
265 681 404 774 Quinta
425 682 720 756 commundactio
742 699 811 758 est:
856 681 912 758 Ne
938 679 1055 758 bonos
1105 704 1183 754 non
1202 683 1363 756 furenter
1385 683 1590 759 effuderunt
1612 689 1708 760 dona
1727 685 1817 777 Dei,
1853 696 1916 767 sed
1936 695 2014 770 Deo
2036 726 2097 776 eos

75 783 142 856 lieo
162 786 307 878 proprie
325 787 542 858 couveniens
566 785 746 858 tribuatur
764 786 833 859 ulli
851 789 924 870 rei,
963 810 1054 881 quae
1105 783 1322 875 subtmnli
1337 785 1478 856 alitent?
1491 800 1593 873 sunl,
1613 802 1649 860 el
1670 804 1840 885 unquam
1862 799 2097 896 obsequentes
2152 837 2158 846 ·

76 911 141 958 non
156 883 327 970 estDeus,
348 889 446 962 iuxta
461 889 569 961 illud:
593 885 676 958 Non
691 883 840 960 babebis
854 886 951 961 Deos
965 889 1054 960 alie·
1104 885 1256 978 remiges
1272 886 1395 960 labore
1409 909 1628 962 suocursum
1649 889 1763 966 aDeo
1784 893 1972 974 incitatum
1994 906 2097 976 adiu·

74 1011 142 1060 nos
189 986 297 1060 Item:
315 987 756 1063 Dominaneumtuum
771 991 949 1077 adorabis,
972 988 1054 1062 etei
1103 1001 1246 1062 verunt.
1301 989 1382 1083 Θεῷ
1398 979 1503 1069 δόξα.
1553 993 1561 1006 “

75 1091 133 1159 soli
157 1090 296 1164 servies.
362 1091 511 1164 Tribuit
535 1105 655 1164 autem
685 1091 865 1166 invocatio
897 1090 1052 1164 absentis

74 1191 356 1284 omnipotentiam
367 1193 432 1280 iis,
457 1193 759 1288 quiinvocantur.
1105 1218 1266 1315 (LXtJ.)
1297 1223 1410 1294 Alto
1444 1219 1738 1314 disputatio:
1768 1229 1816 1303 dc
1841 1235 2006 1311 Ecclesia
2015 1288 2028 1331 ,
2056 1253 2097 1316 et

76 1291 286 1466 νΜίέἒιεεε
302 1290 616 1367 hominesmortui
636 1317 865 1416 nequaquam
886 1306 972 1367 sunt
994 1293 1053 1388 iu.
1101 1329 1262 1419 mma
1295 1326 1491 1396 mmm
1525 1323 1722 1416 domm,
1763 1337 2014 1428 respondente
2043 1347 2097 1419 M

163 1495 215 1569 27
259 1497 303 1569 Μ
364 1499 414 1521 ..
1023 1497 1033 1517 ‚
1104 1421 1545 1521 fobnnneAurifnbro
1564 1429 1834 1508 recensentes.
1861 1441 1967 1514 Anno
1984 1444 2095 1520 1550.

185 1537 224 1572 κ.
305 1522 415 1570 emtnt
435 1497 690 1574 Reverendum
711 1495 758 1570 D.
776 1493 977 1570 Luthernm
995 1500 1053 1568 dt·
1104 1530 1168 1603 (152
1196 1525 1258 1604 19,
1281 1533 1384 1602 Iuttt‘·
1446 1532 1579 1614 (Prodiit
1606 1539 1651 1599 sio
1681 1541 1842 1624 inscripta:
1892 1545 2096 1632 „Disputatio

75 1619 156 1668 cere:
181 1597 222 1670 Si
242 1601 345 1672 nulla
368 1601 440 1674 atta
462 1625 567 1674 sauss
586 1614 678 1674 esset
698 1601 887 1672 amendi
908 1601 1051 1671 invoce-
1104 1635 1244 1720 unguet
1255 1633 1401 1700 Iohannis
1415 1635 1575 1700 suntne
1589 1635 1832 1708 vesuntium
1855 1647 1893 1709 as
1909 1631 2048 1717 'uestem
2068 1671 2098 1721 a

75 1701 194 1770 tion.
208 1715 454 1790 morinorum,
479 1699 572 1775 hant
592 1726 701 1776 unam
721 1703 808 1774 ⁸²5³
831 1724 997 1793 mmm
1019 1713 1054 1771 ‘i
1104 1741 1228 1824 proprie
1247 1737 1398 1803 Ecclesiae
1419 1739 1566 1803 doctrine.
1607 1737 1816 1828 Witebsrgac.
1849 1745 1900 1814 Ex
1920 1751 2000 1818 oifrc.
2024 1753 2095 1825 lob.

75 1823 201 1888 gravem
215 1825 360 1876 cansam
375 1827 469 1892 esse,
494 1829 559 1876 cur
570 1807 652 1898 piae
666 1817 803 1875 mentes
816 1803 922 1874 valde
936 1803 1053 1873 odisse
1360 1839 1458 1910 [ιώ
1472 1839 1517 1909 Μ.
1534 1839 1574 1905 D·
1589 1837 1651 1908 L.”
1685 1845 1707 1910 2
1723 1852 1769 1929 pl·
1796 1848 1843 1928 8.)

14 1969 15 1972 ,
79 1917 108 1970 ct
126 1905 289 1977 detestari
312 1929 393 1977 eum
416 1907 528 1978 ritum
542 1909 713 1990 debeant,
739 1905 837 1998 quod
850 1903 1053 1976 obscuravit
1256 1979 1261 1987 ,

77 2017 310 2092 argumentum
339 2011 386 2077 de
409 2007 563 2079 Messias
585 2006 775 2080 divinitate
797 2027 901 2098 saepe
922 2005 1054 2097 repeti·
1103 1986 1331 2077 'l'estimonia
1360 2005 1405 2076 de
1429 2000 1508 2076 Deo
1537 2005 1650 2076 multa
1679 2019 1716 2078 et
1741 2008 1896 2086 illustria
1929 2018 2097 2112 impressa

14 2189 15 2192 Ἴ
77 2116 141 2173 tum
162 2107 201 2175 in
225 2101 429 2200 Prophetis.
493 2105 586 2178 Cum
609 2108 734 2180 iubent
754 2105 925 2178 Messinm
948 2107 1053 2177 invo-
1106 2122 1191 2181 suut
1219 2120 1256 2178 et
1284 2102 1472 2177 hominum
1497 2107 1676 2178 mentibus
1701 2123 1736 2182 et
1755 2113 1912 2208 reliquae
1935 2135 2097 2210 naturae,

13 2195 15 2274 t
76 2227 160 2290 care,
200 2208 403 2298 significant
423 2209 705 2302 omnipotentem
728 2222 763 2281 et
789 2222 917 2282 natura
936 2206 1053 2280 Deum
1106 2233 1198 2305 quae
1222 2209 1447 2280 considerare
1469 2207 1558 2280 utile
1581 2221 1643 2278 cst.
1694 2208 1766 2284 Sed
1790 2238 1857 2287 nos
1877 2217 1916 2288 in
1938 2216 2097 2298 Ecclesia

13 2309 14 2402 J
74 2327 146 2379 es„
1107 2311 1303 2401 singulares
1318 2309 1568 2401 patefactionos
1580 2306 1648 2380 Dei
1664 2311 1887 2404 intueamur,
1919 2335 1954 2392 et
1974 2347 2096 2398 caussas

162 2415 227 2487 28.
262 2409 453 2485 Horrenda
476 2416 606 2484 scelera
627 2427 733 2501 sunt,
757 2412 951 2506 pugnantia
973 2435 1054 2484 cum
1107 2413 1388 2492 cousideremns,
1430 2433 1494 2480 cur
1523 2431 1560 2482 se
1583 2407 1681 2484 Deus
1703 2409 1861 2491 humano
1882 2426 2002 2510 generi
2026 2429 2098 2499 cle·

12 2530 13 2546 ¹
76 2511 176 2599 primo
190 2529 402 2607 praecepto,
425 2516 557 2605 fingere
573 2515 735 2602 numina,
762 2538 853 2608 quae
867 2539 943 2586 nou
958 2528 1053 2606 suut,
1106 2513 1324 2586 mentiosime
1338 2511 1561 2604 patefecerit,
1583 2525 1619 2583 et
1640 2538 1747 2608 quam
1769 2521 1969 2596 doctrinam
1986 2531 2097 2600 tradi·

12 2647 13 2700 t
76 2613 123 2681 vel
135 2609 265 2686 habere
284 2616 488 2707 epicuraeas
502 2614 704 2709 opiniones,
730 2618 787 2686 vel
802 2618 841 2685 in
857 2640 943 2686 veto
958 2617 1053 2688 culta
1106 2616 1217 2703 derit,
1240 2613 1421 2710 quomdo
1435 2607 1630 2685 Ecclesiam
1646 2637 1665 2686 e
1684 2622 1830 2691 caeteris
1851 2627 2015 2712 gentibus
2042 2653 2098 2702 sc—

12 2737 14 2744 ’
76 2727 204 2790 esterno
218 2716 298 2786 veri
311 2713 397 2804 Dei,
421 2730 463 2789 ut
483 2718 523 2787 in
548 2715 775 2787 invocatione
794 2718 875 2788 ¹veri
888 2715 975 2804 Dei,
997 2741 1055 2788 re-
1107 2732 1247 2810 greget,
1275 2730 1310 2787 ct
1325 2739 1415 2810 quae
1430 2715 1600 2786 beneficia
1620 2719 1764 2810 propria
1779 2717 1958 2797 Ecclesiae
1974 2732 2095 2808 donet.
2189 2813 2194 2820 ¹

11 2863 12 2886 ,
75 2815 438 2892 sinendiffidentiam.
471 2815 570 2907 Quid
586 2816 697 2912 petis,
722 2841 804 2888 cum
818 2815 963 2890 Deusta
979 2840 1054 2888 non
1208 2823 1245 2892 2.
1284 2816 1374 2888 Vult
1393 2817 1489 2888 Deus
1511 2838 1548 2887 se
1573 2821 1736 2912 agnosci,
1770 2825 1848 2897 vult
1871 2841 1996 2900 notum
2024 2857 2098 2905 esse

76 2919 224 3010 might,
249 2933 287 2992 ,g
300 2942 376 2994 mn
397 2907 587 2992 ἀώρ
610 2918 667 2988 ,21
694 2920 827 3010 finger,
850 2921 967 2991 ,ulgus
987 2943 1055 2990 „0-
1106 2921 1240 3006 filium,
1275 2919 1354 2989 vult
1371 2918 1525 3008 intelligi
1539 2941 1649 3009 genus
1664 2917 1861 2998 humanum
1877 2953 1953 3012 non
1967 2931 2097 3006 frustra

11 3041 13 3080 t
74 3041 144 3106 vos,
166 3021 307 3114 etiamsi
321 3021 475 3094 intentio
494 3035 564 3107 est,
586 3021 678 3091 velle
697 3045 780 3092 vere
792 3018 869 3091 Deo
885 3021 974 3093 tales
986 3015 1055 3092 ho·
1107 3021 1290 3095 conditum
1307 3042 1399 3106 esse,
1424 3043 1491 3089 nec
1506 3031 1646 3090 tantum
1661 3025 1707 3092 ad
1722 3019 1786 3096 has
1804 3027 1964 3103 miserias
1986 3039 2098 3122 nasci,

75 3141 167 3191 nores
181 3123 353 3194 tribuere.
403 3118 453 3194 Et
469 3123 584 3194 maior
606 3121 768 3215 impietas
789 3137 859 3204 est,
886 3146 968 3195 cum
990 3125 1055 3194 ad·
1106 3124 1168 3196 scd
1183 3120 1303 3212 colligi
1315 3117 1510 3193 Ecclesiam
1527 3122 1586 3193 cui
1601 3122 1640 3191 in
1657 3125 1757 3198 omni
1773 3133 1978 3205 aeternitate
2000 3162 2099 3209 com-

11 3229 12 3284 }
77 3221 162 3294 ditur
179 3223 363 3317 persuasio
386 3225 432 3294 de
453 3224 583 3297 merito
605 3236 667 3296 aut
688 3225 907 3315 placatione,
936 3238 977 3296 ut
993 3223 1055 3295 lu·
1107 3226 1264 3296 municet
1304 3221 1403 3294 suam
1437 3222 1646 3300 bonitatem.
1715 3223 1871 3323 ideoque
1897 3235 2098 3309 doctrinam

11 3311 12 3354 ³
76 3323 143 3392 daei
174 3327 406 3397 cumulabant
437 3326 627 3403 sacrificia,
673 3327 876 3398 condebant
907 3325 1053 3400 excelsa.
1107 3351 1215 3422 quam
1237 3324 1408 3406 tradidit,
1449 3324 1527 3395 vult
1550 3327 1712 3396 exaudiri
1737 3353 1758 3400 a
1780 3343 1855 3405 toto
1880 3357 2007 3424 genere
2029 3336 2099 3414 hu·

77 3421 223 3498 Sicvota
246 3420 508 3496 monachorum
528 3425 744 3510 factasunt,
769 3425 826 3493 vel
848 3447 930 3494 cum
954 3426 1054 3512 signa
1111 3449 1230 3499 mano.
2020 3502 2024 3511 ¹

76 3539 251 3599 vertuntur
267 3527 307 3596 in
320 3523 436 3616 Dens,
457 3539 499 3596 ut
512 3521 639 3596 Persae
656 3523 774 3616 ignem
798 3525 961 3597 sacrificii
984 3526 1055 3596 fiu—
1210 3528 1245 3601 8.
1302 3524 1451 3619 Semper
1484 3526 1594 3616 igitur
1627 3541 1815 3622 postquam
1852 3542 1981 3631 recepti
2015 3561 2099 3616 sunt

77 3629 192 3713 gebant
205 3651 281 3702 esse
296 3629 414 3723 ipsum
430 3625 560 3700 Deum.
766 3701 771 3707 ,
1106 3627 1225 3701 Adam
1250 3641 1284 3698 et
1299 3625 1421 3712 Hera,
1439 3627 1529 3713 fuit,
1556 3641 1626 3713 est,
1651 3643 1686 3699 et
1710 3633 1779 3702 erit
1800 3633 1919 3730 aliqua
1945 3641 2098 3715 visibilis

164 3733 225 3806 29.
260 3727 447 3802 Caeterum
470 3730 617 3821 prodest
629 3727 851 3799 narrationes
866 3752 948 3799 vere
966 3728 1055 3798 scri·
1107 3729 1284 3815 Ecclesia,
1315 3730 1521 3802 distinctae
1545 3728 1682 3824 reliqua
1705 3733 1936 3810 multitudiue
1959 3749 2098 3834 generis

76 3844 141 3916 ptas
163 3834 206 3902 de
226 3831 377 3916 sanctis,
414 3831 616 3924 etquidem
649 3830 854 3902 continuam
877 3825 1054 3900 Ecclesiae
1107 3827 1276 3917 humani,
1316 3855 1402 3901 voce
1424 3827 1612 3920 Evangelii
1634 3845 1668 3904 et
1692 3832 1947 3925 sacramentis,
1983 3851 2098 3920 conti-

76 3925 248 4004 historiam
264 3933 435 4004 omnibus
448 3949 572 4004 notam
589 3953 681 4017 esse,
708 3945 743 4004 et
761 3955 863 4024 saepe
881 3931 1055 4002 multum·
1107 3957 1197 4004 nens
1211 3946 1347 4004 coetum
1364 3947 1456 4004 recte
1473 3933 1683 4006 sentientem
1697 3949 1730 4006 et
1745 3954 1838 4012 recte
1861 3942 2097 4030 invocantem,

77 4035 307 4128 quecogitari.
357 4033 520 4106 Primum
536 4049 577 4104 ut
595 4033 791 4115 discamus,
818 4035 997 4127 quomodo
1014 4057 1051 4104 se
1108 4036 1196 4107 alias
1209 4037 1398 4122 maiorem,
1421 4034 1508 4106 alias
1522 4035 1713 4110 minorem.
1764 4037 2097 4143 Sicutinsymbolo

76 4127 160 4206 Deos
173 4137 387 4229 patefecerit,
408 4151 443 4206 et
460 4159 524 4228 per
538 4159 628 4230 quos
642 4135 1056 4221 tradideritdoctrinam,
1108 4138 1324 4210 affirmamus
1346 4160 1414 4208 nos
1436 4138 1599 4224 credere,
1626 4160 1700 4212 esse
1725 4156 1881 4216 sanctam
1904 4142 2097 4222 Ecclesiam

79 4250 108 4305 et
121 4263 207 4331 quse
221 4237 402 4324 doctrina,
428 4261 500 4333 quo
516 4238 664 4323 ordine,
689 4239 821 4332 quibus
842 4238 1056 4310 testimoniis
1108 4235 1332 4312 catholicam.
1856 4303 1860 4314 .

78 4339 193 4411 tradita
206 4341 266 4413 sit.
306 4337 448 4411 Deinde
471 4351 511 4410 ut
534 4339 664 4429 gratias
679 4361 823 4431 agamus
838 4339 933 4425 Deo,
957 4340 1056 4433 quod
1209 4339 1246 4411 4.
1278 4339 1352 4410 Nec
1366 4339 1594 4431 cogitandum
1608 4356 1673 4430 est,
1685 4339 1881 4418 Ecclesiam
1893 4373 1968 4422 esse
1980 4354 2097 4424 ideam

78 4459 108 4506 se
137 4443 315 4532 patefecit,
352 4444 448 4536 quod
480 4441 652 4542 perpetuo
682 4441 819 4532 colligit
847 4437 1057 4529 Ecclesiam,
1108 4441 1348 4528 Platonicam,
1373 4441 1411 4512 id
1433 4456 1504 4526 est,
1530 4457 1690 4527 coetum,
1717 4447 1781 4542 qui
1796 4471 1971 4546 nusquam
1989 4458 2099 4538 cerni,
2239 4483 2245 4494 “
2286 4411 2287 4446 ¹

79 4545 165 4630 quod
205 4543 369 4615 excitavit
403 4545 566 4614 doctores
601 4557 636 4613 et
668 4545 831 4614 custodes
863 4541 1057 4631 doctrinae,
1108 4547 1337 4638 et'nusquam
1360 4543 1479 4616 audiri
1506 4546 1628 4636 possit·
1693 4543 1921 4642 Conspicitur
1945 4555 2040 4625 euim
2066 4571 2100 4628 et

79 4647 165 4732 quod
186 4669 284 4717 suam
308 4648 541 4739 praesentiam
562 4645 602 4713 in
623 4639 782 4716 Ecclesia
807 4643 964 4719 ostendit
985 4646 1052 4715 mi·
1109 4647 1226 4720 audiri
1248 4645 1484 4718 ministerium
1499 4659 1657 4739 oportet,
1681 4663 1717 4721 et
1730 4652 1890 4722 exaudiri
1907 4655 2101 4734 confessio-

78 4747 189 4818 randis
203 4746 496 4835 liberationibus,
519 4747 617 4842 quod
632 4747 927 4838 pulcerrimarum
940 4747 1056 4821 virtu·
1108 4773 1210 4835 nem,
1233 4749 1325 4820 sicut
1337 4745 1365 4843 ¹)
1379 4747 1550 4842 scriptum
1566 4763 1635 4822 est:
1661 4748 1706 4821 ln
1722 4775 1863 4824 omnem
1880 4767 2011 4827 terram
2026 4761 2100 4830 exi-

79 4859 146 4916 tum
172 4849 328 4941 exempla
358 4847 398 4921 in
427 4851 557 4921 sanctis
587 4851 783 4942 proposuit.
850 4849 1055 4921 Videndum
1109 4850 1161 4924 vit
1175 4873 1285 4922 sontis
1303 4875 1439 4926 eorum.

80 4949 175 5018 etiam
197 4951 283 5048 quid
309 4952 460 5048 quisque
479 4952 660 5038 docuerit,
699 4953 880 5047 quomodo
906 4949 1056 5025 invoca·
1211 4948 1248 5024 5.
1278 4948 1327 5024 Et
1348 4976 1487 5046 semper
1508 4954 1604 5027 Deus
1629 4954 1825 5046 segregavit
1838 4951 2030 5031 Ecclesiam
2053 4965 2099 5034 ab

80 5047 168 5121 tione
187 5075 249 5128 sus
271 5067 306 5125 et
328 5054 549 5127 confessione
569 5079 636 5126 nos
660 5055 854 5129 confirmet.
904 5051 976 5126 Pro
999 5051 1057 5126 bis
1109 5053 1190 5127 eliis
1210 5049 1419 5127 bominibus
1443 5057 1606 5129 doctrina
1627 5058 1673 5128 de
1695 5057 1846 5130 essentia
1862 5058 1949 5147 Dei,
1974 5065 2019 5132 de
2042 5087 2098 5134 re-

81 5149 174 5224 donis
194 5152 269 5230 Deo
293 5157 451 5247 agendae
473 5171 559 5230 suut
577 5156 726 5248 gratiae,
763 5170 799 5229 et
819 5159 1056 5252 petenduma
1108 5156 1290 5230 demtione
1315 5159 1454 5248 generis
1478 5152 1646 5244 humani,
1686 5171 1723 5230 et
1752 5163 1834 5232 vera
1862 5161 2099 5236 invocatione.

82 5245 168 5340 lieo,
189 5270 229 5330 ut
242 5281 308 5330 nos
321 5260 527 5353 quoqueslc
547 5271 645 5348 regat
665 5271 701 5332 et
721 5257 837 5346 iuvet,
868 5272 903 5331 et
924 5261 1056 5332 confir·
1110 5257 1200 5333 ltem
1215 5258 1453 5332 Sacramentis
1469 5257 1751 5350 significantibus
1766 5263 1946 5335 decretum
1959 5265 2099 5336 redem-

82 5369 214 5428 nentur
227 5359 264 5431 in
280 5360 386 5432 nobis
398 5359 521 5447 Fides,
545 5359 652 5454 Spes,
675 5362 882 5448 tolerantia,
909 5361 1054 5434 illorum

83 5451 229 5536 dourina
255 5475 290 5536 et
318 5463 497 5559 exemplis.
562 5461 749 5538 Imitemur
775 5477 810 5538 et
833 5463 1055 5558 diligentiam
1143 5487 1863 5642 1)ommessteseggsffnmm.,stanneos
