4606 5822
193 242 268 322 asc
486 281 489 290 ‚
953 205 1442 322 ricsrurarcotvas
2061 285 2069 298 ,
2143 249 2229 330 4⁶2

198 418 320 492 minus
342 414 510 488 novitatis
532 411 766 510 conspicitur,
797 435 906 510 quam
926 437 1010 489 cum
1032 416 1186 490 maxime
1236 416 1337 511 quod
1365 427 1461 488 certo
1487 415 1710 492 institimus
1732 417 1841 510 gratis
1862 441 1928 514 per
1947 421 2235 500 nicenncdism

199 521 344 613 angitur
359 516 584 592 couscientia.
1237 529 1382 612 propter
1395 510 1579 590 Christum
1596 520 1679 596 tide.

305 619 365 698 19.
406 617 473 693 Illa
495 633 549 692 est
570 631 664 692 recta
684 620 767 707 via,
804 618 919 694 ordiri
939 641 962 692 a
982 619 1112 707 verbo,
1151 631 1187 692 et
1340 617 1403 692 82.
1436 616 1549 696 Recte
1567 621 1657 694 dicit
1679 619 1906 706 Aristoteles,
1931 644 1994 696 sua
2012 639 2140 718 sponte
2163 619 2236 696 bo-

200 745 368 822 quaerere
391 722 431 792 in
452 723 562 795 ve'rbo
584 721 870 794 consolationem.
908 719 984 792 Nec
1004 721 1187 794 somniau-
1237 718 1764 810 minasbonaetmalaiacere,
1788 736 1964 797 ettamen
1986 749 2113 798 verum
2136 725 2234 798 illud

201 829 289 900 dum
310 839 384 912 cst,
415 826 511 924 quod
543 824 682 897 novitas
709 824 891 896 antecedat
921 824 1091 914 verbum,
1124 824 1187 894 sed
1238 833 1310 909 est,
1335 822 1434 914 quod
1449 822 1499 895 ait
1513 821 1617 896 Plato
1631 825 1673 894 in
1685 821 1853 898 Timaeo:
1880 823 1993 898 Nemo
2012 827 2139 900 voleus
2154 851 2236 898 ma-

201 927 402 1012 sciendum,
427 927 524 1020 quod
540 925 867 1020 aequaturverbum
884 934 920 994 et
932 923 1050 1000 tidem.
1239 924 1296 994 lus
1316 935 1391 1008 weat,
1414 925 1478 994 sed
1497 925 1587 996 mali
1607 925 1699 996 liunt
1716 925 1804 998 tales
1825 939 1973 1020 propter
1984 951 2135 1022 pravum
2148 951 2236 999 cor-

187 1057 190 1067 ’
221 1023 224 1028 ’
301 1029 364 1102 20.
388 1025 471 1098 Non
485 1027 594 1117 igitur
607 1027 768 1099 tollimus
778 1048 902 1117 opera,
915 1037 1055 1099 tautum
1067 1037 1189 1097 osten·
1239 1021 1338 1118 poris
1363 1019 1527 1096 habitum
1550 1039 1587 1098 et
1604 1027 1775 1098 effrenem
1799 1028 2066 1116 educationem,
2106 1025 2236 1111 Kustdc

202 1131 339 1216 dimus,
365 1131 462 1200 unde
477 1127 710 1200 conscientiae
732 1127 822 1198 fiant
841 1141 975 1210 certae,
1001 1128 1074 1198 imo
1090 1148 1188 1198 sum»
1238 1118 1399 1222 μὲνγὰρ
1416 1119 1513 1198 ἑκὼν
1528 1121 1650 1208 οὐδεὶς
1663 1121 1726 1200 διὰ
1743 1121 1786 1200 di
1799 1125 2143 1226 πονηρὰνὲξιντινὰ
2160 1135 2234 1222 τοῦ

200 1257 260 1303 ma
281 1245 316 1304 et
337 1229 533 1302 difficilima
554 1252 660 1321 opera
683 1228 933 1322 praecipimus.
984 1225 1077 1300 Nam
1100 1223 1188 1299 baec
1240 1218 1431 1318 σώματος,
1452 1222 1516 1300 καὶ
1531 1223 1759 1302 ἀπαίδευτον
1772 1225 1929 1327 τροφὴν.
1987 1230 2100 1304 Nocet
2121 1232 2234 1322 igitur

201 1332 331 1404 fiducia
346 1355 419 1403 uon
435 1343 487 1401 est
502 1331 630 1421 frigida
645 1329 796 1416 noticia,
820 1332 881 1399 sed
900 1342 953 1402 est
967 1353 1067 1422 opus,
1092 1330 1190 1422 quod
1240 1326 1400 1398 moribus
1414 1327 1598 1399 barbarica
1616 1329 1790 1421 ingluvies
1806 1327 1914 1402 buius
1929 1334 2063 1404 aetatis.

200 1445 373 1526 perpetuo
389 1434 543 1504 luctatur
557 1455 638 1502 eum
652 1431 879 1502 dubitatione
891 1444 926 1503 et
944 1429 1190 1504 imbecillitate
1341 1427 1405 1502 88.
1429 1427 1631 1500 Heraclitus
1639 1431 1678 1500 in
1693 1423 1786 1500 hanc
1802 1433 2013 1503 seutentiam
2026 1457 2108 1504 vere
2123 1434 2234 1506 dixit:

202 1551 344 1616 nostra,
371 1557 436 1604 nec
453 1533 568 1604 existit
585 1533 656 1602 nisi
672 1532 955 1625 inpoenitentia.
1240 1521 1329 1622 ξηρὴ
1351 1525 1461 1626 ψυχὴ·
1478 1524 1697 1626 σοφωτάτη,
1729 1531 1821 1604 Nam
1846 1533 1886 1602 in
1908 1529 2001 1603 hanc
2019 1536 2235 1606 senteutiam

302 1636 363 1710 st.
396 1629 643 1706 Ethristiani
658 1633 791 1720 sciant,
816 1657 853 1704 se
870 1629 961 1704 hanc
977 1634 1082 1704 fidem
1099 1656 1191 1728 quo·
1244 1625 1457 1701 Plutarchus
1473 1631 1741 1724 iuterpretatur.
1778 1631 1955 1728 Quodque
1966 1631 2126 1708 Galenus
2139 1631 2237 1730 phy-

201 1739 290 1810 tidie
311 1739 351 1808 in
375 1737 473 1807 omui
495 1736 737 1820 invocatione,
767 1734 807 1804 in
832 1735 1000 1806 omnibus
1021 1735 1190 1828 periculis
1240 1731 1310 1800 sice
1331 1731 1466 1802 dictum
1490 1731 1649 1822 scribit,
1672 1755 1748 1803 nou
1769 1733 1950 1825 displicet,
1993 1759 2102 1830 quare
2126 1737 2236 1809 etiam

203 1861 363 1912 exercere
378 1839 518 1908 debere.
1240 1825 1384 1926 physice
1401 1832 1618 1906 intellectum
1634 1856 1709 1904 uon
1724 1833 1976 1927 improbamus.

302 1943 364 2015 22,
402 1933 537 2033 Estque
560 1961 649 2032 opus
669 1939 856 2031 praecipue
876 1937 1115 2022 meritorium,
1155 1950 1191 2010 et
1487 1935 1491 1946 '
1610 1969 1613 1974 ·
1923 1935 1929 1940 ’

201 2057 320 2115 tamen
337 2041 483 2111 existere
496 2053 533 2110 et
548 2041 701 2110 exerceri
715 2064 792 2110 non
807 2052 942 2133 posset,
968 2041 1000 2112 si
1019 2039 1192 2132 penderet
1242 2065 1348 2164 (Ιχ.)
1373 2069 1484 2143 Am
1512 2066 1806 2162 ,gg-mmm,
1825 2065 1874 2141 ὼ
1896 2077 2089 2146 mma
2114 2071 2232 2149 Mi:

201 2168 242 2214 er
255 2142 461 2215 conditione
475 2141 658 2231 dignitatis
672 2153 826 2218 nostrae.
864 2243 873 2260 .
1292 2170 1384 2245 Fide
1408 2168 1674 2270 ,mmmm
1725 2173 1828 2258 (Opp.
1844 2173 1942 2270 M·
1955 2173 2013 2243 m·
2037 2203 2069 2264 P·
2089 2181 2183 2263 3⁰7.)

303 2244 365 2316 28.
400 2243 514 2336 quue
529 2254 604 2314 tum
618 2243 822 2315 consolatur
837 2265 914 2334 pras
935 2254 1089 2330 mentes,
1113 2255 1206 2314 tum·
1770 2271 1778 2285 ·

201 2339 414 2419 adhortatur
431 2345 475 2414 ad
491 2366 532 2415 ea
547 2367 654 2434 opera
670 2345 872 2418 exercenda.
1240 2319 1388 2406 lustitia
1405 2332 1559 2404 civiliter
1574 2329 1747 2422 siguificat
1762 2331 2002 2406 obedientiam
2024 2359 2105 2426 erga
2127 2358 2235 2428 snpe-

81 2451 85 2464 '
187 2472 191 2482 ·
303 2447 367 2522 24.
391 2445 433 2528 si
446 2446 599 2516 secunda
615 2445 738 2538 opinio
748 2447 914 2518 transfert
928 2444 1092 2516 fiduciam
1109 2457 1190 2515 tau·
1241 2437 1394 2514 ctorem.
1417 2445 1459 2506 ut
1481 2434 1520 2502 in
1533 2427 1672 2507 Ethicis
1695 2444 1795 2515 recte,
1810 2447 1844 2508 et
1867 2437 2005 2506 erudite
2026 2439 2130 2510 docet
2144 2437 2233 2508 Ari·

203 2562 279 2621 tum
293 2546 649 2628 admisericordiam,
674 2571 750 2619 non
771 2549 815 2620 ad
834 2560 955 2618 nostra
976 2569 1101 2639 opera,
1131 2545 1191 2615 in·
1241 2536 1394 2612 stoteles.

200 2649 355 2742 flectitur
365 2649 511 2745 quidem
524 2650 568 2719 ad
582 2661 739 2721 nostram
753 2648 977 2734 sententiam,
994 2649 1057 2718 sed
1073 2659 1190 2718 tamen
1344 2642 1379 2712 2.
1415 2631 1466 2708 Et
1494 2635 1634 2708 iusticia
1660 2633 1712 2706 sic
1738 2647 1853 2708 sumta
1875 2635 2048 2730 siguificat
2073 2652 2233 2712 nostram

201 2751 285 2844 quia
306 2751 449 2822 videtur
470 2773 610 2822 assume
626 2750 885 2838 conditionem,
909 2763 1055 2822 manent
1072 2747 1191 2821 incer·
1241 2739 1466 2836 qualitatem,
1493 2751 1528 2810 et
1540 2751 1660 2809 nostra
1674 2760 1792 2829 opera.

201 2867 258 2924 tac
272 2851 519 2924 conscientiae.
1249 2843 1252 2850 ’
1343 2841 1380 2911 8.
1440 2835 1490 2910 Et
1528 2837 1774 2932 complectitur
1818 2836 2058 2913 obedientiam
2100 2843 2234 2936 pariter

302 2954 364 3031 25.
404 2951 634 3038 Manifestum
650 2968 723 3042 est,
746 2951 900 3026 Paulum
922 2957 967 3023 de
983 2951 1111 3024 fiducia
1134 2953 1190 3023 lo-
1241 2939 1405 3015 omnium
1424 2940 1685 3013 mandatorum.

204 3055 285 3152 qui,
309 3080 385 3138 nou
400 3057 444 3127 de
461 3057 591 3128 noticia
609 3049 788 3131 historiae.
822 3053 1054 3124 Manifestum
1074 3067 1107 3126 et
1121 3049 1190 3124 hoc
1342 3039 1380 3116 4.
1410 3038 1515 3110 Hanc
1545 3040 1835 3130 significationem
1855 3035 2031 3130 'theologi
2058 3043 2233 3137 intempe-

87 3165 89 3172 ’
204 3169 273 3243 est,
298 3155 450 3227 Paulum
472 3159 646 3227 anteferre
669 3155 834 3226 fiduciam
857 3177 931 3224 non
955 3154 1070 3226 solum
1095 3177 1190 3225 cere.
1242 3141 1332 3214 stiva
1346 3135 1637 3234 philosophantes
1661 3142 1919 3215 transtulerunt
1943 3143 1982 3214 in
1996 3141 2167 3232 Paulum,
2200 3163 2233 3220 et
2301 3187 2302 3191 ¹

202 3257 354 3349 moniis,
379 3257 560 3328 sedetiam
574 3257 770 3328 moralibus
789 3257 972 3349 operibus,
998 3255 1036 3325 id
1057 3253 1089 3324 si
1110 3257 1191 3349 quis
1243 3243 1512 3314 somniaverunt
1534 3240 1685 3314 aPsulo
1708 3243 1820 3314 iustos
1841 3243 1932 3328 dici,
1963 3243 2047 3338 quia
2076 3241 2233 3320 habeant

205 3371 327 3448 negat,
352 3359 435 3452 plur
451 3381 555 3454 quam
572 3351 831 3454 τηυφώμεγος
846 3371 909 3434 est,
1242 3344 1431 3441 qualitates
1445 3368 1486 3415 ac
1502 3344 1671 3440 virtutes,
1695 3344 1826 3438 quibus
1839 3345 1909 3434 legi
1924 3345 2105 3419 obediant.

305 3479 367 3554 26.
407 3475 489 3548 Nou
511 3476 619 3567 igitur
643 3477 680 3546 id
704 3476 777 3567 agit
798 3489 936 3548 tautum
959 3472 1110 3566 Paulus,
1138 3475 1191 3544 ¹ut
1342 3442 1378 3517 5·
1414 3443 1455 3516 ld
1472 3469 1555 3516 '¹⁸¹⁰
1573 3445 2233 3543 estd⁰⁰²stfidutiam1³¹⁰l'fl‘l0‘l1ffl·

204 3580 421 3652 ceremonias
458 3579 625 3668 abroget,
675 3580 738 3649 sed
775 3577 999 3648 collationem
1035 3574 1192 3645 instituit
1242 3547 1352 3620 5²³¹ss
1366 3569 1406 3616 ⁸⁰
1420 3547 1647 3639 ῙἈὍΡῐῖθῐῑῑῑ11
1662 3570 1821 3638 θΡθΝῐῦ·

100 3675 108 3690 '
204 3681 363 3754 omnium
390 3704 555 3774 operum,
587 3702 648 3750 seu
663 3679 772 3750 totius
792 3678 899 3770 legis,
932 3675 1061 3750 eteius
1080 3677 1191 3748 bene·
1342 3644 1379 3718 ⁶·
1419 3645 1479 3718 Ad
1507 3649 1660 3768 {und‘ffl
1687 3649 1835 3767 ¹¹3⁰d¹¹¹¹J
1864 3649 2075 3721 V⁰⁰³h¹¹l¹¹¹¹¹
2099 3654 2234 3770 dfflllae

204 3781 294 3868 ficii,
318 3785 416 3878 qugd
432 3781 545 3853 ,pseu
561 3775 736 3852 ebriam,
1172 3824 1179 3836 ,
1242 3752 1449 3841 depravant,
1471 3773 1537 3843 qur
1548 3762 1694 3840 gratiam
1710 3748 1926 3841 rutelbgnnt,
1940 3775 2015 3822 non
2030 3753 2178 3824 relative
2189 3755 2234 3826 de

1242 3849 1485 3923 misericordia
1501 3873 1563 3922 seu
1578 3849 1732 3940 gratuito
1747 3850 1885 3937 favore,
1910 3854 1971 3924 sed
1987 3855 2031 3926 de
2046 3855 2233 3948 qualitate.

1344 3951 1380 4023 7.
1413 3950 1505 4023 Cum
1527 3952 1670 4024 dicunt:
1696 3949 1871 4024 Homines
1895 3978 1960 4047 per
1979 3957 2129 4045 gratiam
2153 3955 2232 4028 Deo

1242 4055 1398 4147 placere,
1421 4051 1630 4142 intelligunt
1651 4053 1818 4146 gratiam,
1850 4077 1925 4125 non
1948 4057 2232 4129 misericordiam

1242 4155 1334 4244 Dei,
1356 4155 1418 4226 sad
1434 4155 1660 4227 dilectionem
1681 4167 1850 4228 nostram.

243 4324 293 4342 ,‚
442 4321 452 4340 .
668 4317 713 4335 ,.
765 4317 775 4336 .
829 4317 840 4334 .
919 4317 957 4336 ..
1160 4315 1170 4333 .
1345 4255 1381 4328 8.
1421 4252 1464 4326 ld
1492 4279 1633 4350 quoque
1661 4269 1713 4328 est
1746 4256 1873 4328 docere
1891 4257 2065 4352 ,fiduciam
2088 4276 2231 4336 nostrae

203 4347 394 4394 minimum
407 4322 561 4395 tribuere
578 4338 661 4390 suae
677 4318 859 4407 dignitati,
881 4318 1031 4406 scrlrcet,
1051 4341 1097 4388 ne
1111 4340 1190 4388 auc·
1243 4357 1441 4456 qualitatis,
1466 4380 1527 4430 seu
1540 4381 1689 4450 operum
1700 4371 1916 4433 nostrorum·

203 4425 272 4496 mis
286 4425 413 4496 fiducia
427 4415 786 4554 Chfi‘llfffflllamfj
897 4535 907 4553 ο
1114 4532 1124 4550 ‚
1344 4460 1381 4533 9.
1408 4457 1506 4532 Haec
1521 4460 1725 4552 depravatio
1740 4483 1868 4534 vocum
1884 4458 2049 4556 inprimis
2063 4463 2232 4538 obscurat

220 4601 225 4608 ,
306 4539 367 4614 22.
402 4537 548 4630 Quanto
566 4528 879 4626 rgcturmagrshoc
895 4548 992 4606 ravat
1008 4555 1191 4606 conseren-
1241 4563 1410 4638 paulum·

206 4643 274 4716 ²3³⁸
288 4645 395 4729 “llis
420 4641 516 4736 <1⁰⁰⁶
535 4659 616 4708 vm
629 4636 736 4726 823133
748 4635 880 4726 ampli
897 4637 1028 4754 ⁸³¹¹J¹¹⁵2
1047 4633 1089 4706 ld
1106 4658 1190 4705 '²¹⁰
1348 4666 1409 4739 10.
1443 4663 1567 4759 ltaque
1586 4689 1667 4736 curn
1690 4666 1736 4737 de
1753 4663 2000 4737 iustificatione
2016 4665 2232 4762 disputatur,

208 4757 380 4834 quantum
397 4743 604 4816 accenderet
619 4739 732 4810 bonas
748 4749 1191 4822 mentes,s1scrrent,se
1241 4768 1398 4862 prgmum
1426 4788 1593 4856 gemm
1623 4779 1659 4836 e,
1689 4766 1837 4858 ,impla
1867 4789 1995 4840 vocum
2018 4767 2230 4858 ,fgnffimio

206 4839 274 4913 hot
290 4858 441 4918 statuere
454 4847 594 4917 debere·
650 4865 654 4873 ’
1242 4867 1365 4964 quaeri
1382 4865 1505 4953 debet,
1528 4867 1829 4961 quemadmodum
1853 4869 1892 4939 in
1914 4869 2084 4942 omuibus
2104 4869 2231 4966 dispu-

309 4963 371 5038 80.
402 4957 452 5034 Et
472 4958 565 5034 nihil
585 4971 637 5032 est
657 4954 807 5052 periculi
828 4947 1012 5026 detrahere
1025 4953 1190 5026 fiduciam
1242 4967 1851 5043 sationibminitiosatiendum031,

206 5063 376 5155 operibus
398 5065 569 5150 omnino,
602 5059 683 5132 cum
706 5075 824 5133 tamen
846 5056 922 5150 ipsa
943 5079 1048 5148 opera
1069 5057 1190 5151 requi·
1346 5072 1405 5144 11.
1439 5067 1671 5141 Verissimum
1695 5070 1790 5142 enirn
1812 5071 1902 5142 illud
1927 5087 1997 5153 est,
2022 5075 2118 5167 quod
2145 5073 2231 5146 Ari-

197 5180 343 5238 rantnr.
1242 5171 1383 5245 stoteles
1407 5170 1543 5265 inquit,
1585 5165 1652 5241 hos
1677 5171 1739 5266 qui
1761 5171 1835 5242 vim
1861 5197 1986 5246 vocum
2008 5197 2082 5246 uon
2105 5191 2230 5250 tenent

234 5325 243 5343 .
285 5293 287 5300 ’
315 5281 376 5355 st.
404 5277 549 5376 ltaque,
579 5291 620 5352 ut
640 5293 821 5352 teneamus
842 5288 972 5348 certam
995 5286 1031 5350 et
1055 5273 1192 5346 firmam
1242 5273 1390 5370 perinde
1405 5272 1538 5363 decipi,
1564 5287 1603 5346 ut
1618 5271 1844 5345 indunturin
1858 5278 2096 5368 computando
2113 5279 2229 5370 irnpe-

95 5371 100 5376 ’
202 5382 498 5470 consolationem,
541 5381 782 5468 defendimus,
827 5379 1054 5454 statuendum
1094 5398 1188 5464 csse,
1243 5369 1583 5480 ritibrithruetices:
1600 5369 1746 5476 Ὥσπερ
1769 5369 1932 5476 adnisos
1956 5373 2010 5474 μὴ
2032 5373 2146 5454 δεινοὶ
2162 5377 2229 5460 cde

306 3896 371 3974 27.
400 3895 454 3973 lta
475 3895 584 3986 igitur
607 3897 776 3976 antefert,
806 3916 872 3964 nos
893 3895 1007 3966 iustos
1028 3917 1191 3986 pronun-

207 3998 292 4078 ciari
314 4011 459 4093 propter
475 3996 688 4071 beneficium
700 3991 852 4078 Christi,
877 4019 953 4067 non
975 4006 1120 4090 propter
1138 3995 1191 4066 le-

205 4123 302 4191 gem,
327 4102 413 4196 quia
427 4097 497 4190 legi
511 4121 616 4192 neruo
630 4097 807 4171 satisfacit.

307 4219 370 4298 28.
412 4217 576 4298 Secunda
596 4215 739 4307 opinio,
779 4215 879 4288 iubet
897 4208 1062 4287 homines
1082 4235 1191 4310 quam
