4604 5804
70 325 74 335 ·
207 297 285 374 sm
451 283 661 366 semera
684 264 762 358 PH.
786 219 1002 360 hunno
1028 283 1154 362 fflsr.
1175 285 1326 366 eane
1345 266 1414 366 dr
1440 291 1633 374 anuos.
1659 297 1984 380 srucrlurm.
2152 287 2234 383 sos

79 505 81 510 ’
208 470 341 549 mulso
365 462 544 558 ⁰⁰⁰¹¹P³l3⁸
562 458 688 532 'nulli‘
708 456 886 544 'ulblbms
908 457 1018 549 llffi‘fi⁸
1042 457 1202 532 iimrllt
1245 463 1496 539 benevolentia
1525 463 1651 560 populi
1673 466 1822 560 eximia,
1862 473 1947 568 qnia
1968 473 2106 548 alicnus
2127 475 2238 550 inita

208 569 433 664 insignibus,
465 562 672 638 Alcibiades
699 584 781 634 cum
806 559 878 634 iam
906 563 1042 651 patriae
1067 562 1203 652 gratim
1247 567 1473 654 erudelitate,
1498 582 1533 640 et
1547 591 1627 660 erga
1650 572 1825 664 plurimos
1848 577 2027 648 benebms
2048 578 2240 650 et'libm.

210 678 287 750 eius
302 673 437 746 reditus
455 680 565 753 esset,
588 663 698 738 rediit
712 664 870 734 modeste
885 657 1064 748 Menas,
1089 663 1202 733 comi·
1247 667 1305 740 lii.
1370 668 1442 741 Sed
1462 672 1502 742 ist
1522 666 1589 742 hac
1613 681 1761 744 naturae
1783 679 1998 768 praestantia
2021 680 2127 751 mam
2149 677 2239 752 hm

210 795 263 852 ses
277 773 411 848 babens
424 770 556 861 viginti
569 790 689 841 naves.
727 762 999 839 litmodes‘tiam
1012 780 1201 837 nemausa
1248 769 1340 842 vicia
1359 771 1520 846 fuerunt:
1554 772 1640 846 Fuit
1660 769 1860 874 inquietus,
1887 781 1999 852 nimis
2017 797 2148 873 magua
2170 807 2240 878 ap-

212 877 332 952 hacre
347 871 576 966 significarit,
598 869 695 964 quod
712 891 788 938 non
804 887 961 958 egressm
977 881 1029 939 αι
1048 890 1091 937 er
1106 868 1392 966 senipetam,
1441 874 1551 946 nimis
1581 877 1708 950 aridus
1737 881 1923 974 popularis
1954 883 2241 970 benevolentiae,
2300 903 2301 906 ’

210 981 282 1054 nisi
296 978 397 1074 prins
414 987 601 1068 consperto
613 971 733 1042 fratris
749 969 847 1056 lilio,
871 983 906 1042 et
922 969 1003 1040 aliis
1016 970 1151 1044 anicia.
1248 975 1438 1069 impatiens
1451 975 1618 1070 iniuriae,
1642 981 1850 1054 inconstans
1862 994 1897 1056 et
1910 983 2135 1056 diversarum
2151 1011 2241 1080 par-

305 1078 440 1172 vTertio
467 1097 588 1148 mense
607 1087 687 1167 post
701 1073 855 1145 reditum
871 1085 1012 1144 centum
1030 1095 1140 1144 nares
1155 1072 1202 1143 ad
1248 1077 1353 1154 tium.
1415 1074 1470 1150 Ac
1491 1095 1639 1174 propter
1657 1077 1721 1152 bas
1744 1106 1866 1156 causas
1886 1085 2024 1158 dictum
2047 1100 2119 1174 cst,
2159 1111 2240 1159 non

212 1185 382 1264 Andrum
402 1181 521 1267 duxit,
545 1177 610 1250 ubi
633 1175 768 1268 praelio
790 1173 877 1246 vicit
894 1171 1054 1246 Andrias
1074 1187 1112 1248 et
1131 1173 1202 1246 La·
1249 1179 1405 1273 potuisse
1446 1180 1537 1254 dnos
1575 1180 1781 1257 Alcibiades
1821 1185 1997 1259 sustinere
2036 1186 2242 1260 Graeciam.
2297 1197 2301 1206 “

215 1283 472 1364 merenies.
523 1279 667 1352 Deinde
687 1299 850 1350 reversus
873 1277 912 1347 in
930 1275 1097 1363 Samum,
1123 1272 1203 1347 An-
1248 1279 1371 1354 Gessit
1384 1305 1441 1354 res
1460 1301 1607 1376 magnas
1628 1298 1721 1358 terra
1746 1289 1910 1383 marique
1930 1290 1970 1359 in
1992 1289 2116 1362 multis
2136 1291 2241 1374 locis,

106 1457 109 1462 ,
212 1385 335 1464 tiocbo
350 1382 581 1477 gubernatori
605 1379 833 1452 suotradidit
857 1379 1068 1464 exercitum,
1092 1378 1202 1473 prufl·
1249 1379 1310 1454 s'ed
1329 1383 1476 1456 inutiles
1488 1386 1558 1456 sibi
1574 1398 1609 1457 et
1626 1385 1716 1480 aljis.
1767 1385 1904 1484 Estque
1921 1403 1995 1463 tota
2019 1392 2096 1463 eius
2119 1387 2243 1462 bisto-

214 1495 348 1568 ciscens
363 1489 439 1581 ipse
455 1511 534 1558 cum
553 1483 674 1576 paucis
691 1481 844 1552 navibus
858 1482 903 1551 ad
917 1478 1203 1574 Hellespontum,
1248 1485 1302 1557 ria
1333 1489 1649 1574 commonefactio,
1688 1503 1730 1562 ut
1750 1491 1966 1582 cogitemus,
2006 1517 2054 1565 ne
2086 1493 2238 1588 quidem

214 1591 456 1686 ntpecuniam
472 1587 663 1676 colligeret.
712 1580 907 1654 Discedens
919 1595 1037 1654 antem
1052 1585 1202 1654 manda·
1250 1587 1477 1661 excellentem
1499 1590 1668 1662 virtutem
1689 1592 1814 1662 utilem
1844 1607 1918 1665 csse
1947 1594 2055 1666 nobis
2081 1607 2116 1666 et
2146 1595 2241 1678 aliis,

122 1719 127 1724 ’
215 1697 270 1770 sit
286 1689 538 1786 gubernatori,
561 1710 609 1756 ne
631 1706 713 1758 cum
733 1685 825 1756 duce
840 1681 1206 1758 Lacedaemoniorum
1250 1690 1320 1760 nisi
1343 1692 1446 1762 Deus
1465 1692 1633 1776 consilia,
1659 1692 1799 1765 dextras
1821 1709 1857 1767 et
1880 1704 2027 1767 eventus
2050 1697 2242 1787 gubernet.

214 1795 402 1895 Lysandro
418 1791 611 1864 dimicaret.
663 1785 735 1860 Sed
748 1809 829 1858 cnm
843 1787 1061 1876 gubernator
1074 1801 1204 1858 temere
1249 1789 1417 1864 Petamus
1440 1793 1568 1884 igitur,
1601 1808 1641 1866 ut
1657 1796 1766 1868 iaciat
1788 1818 1854 1867 nos
1866 1794 1963 1869 Deus
1985 1819 2118 1887 organa
2142 1799 2241 1871 salu·
2300 1827 2301 1836 ¹

89 1971 92 1976 ,
217 1895 521 1972 contramandate
538 1900 729 1984 pugnaret,
753 1882 990 1960 Athenienses
1010 1888 1093 1958 victi
1108 1900 1203 1959 sunt·
1249 1891 1357 1982 teria,
1382 1908 1417 1967 et
1435 1896 1490 1967 sui
1506 1895 1612 1966 officii
1628 1909 1738 1969 metas
1753 1897 1904 1996 quisque
1919 1899 2106 1991 intelligat.

215 2001 287 2076 Hic
316 2019 440 2070 rursus
462 1992 602 2068 inimici
625 1987 824 2062 Alcibiadis
856 1989 952 2060 nacti
966 1987 1204 2061 'occasionem

215 2099 434 2178 criminandi
451 2121 554 2181 eum,
576 2093 675 2188 quod
690 2093 826 2162 abesset
846 2091 1069 2182 voluptatum
1087 2113 1203 2171 causa,

216 2206 441 2300 perfecerunt
464 2211 505 2270 ut
526 2194 717 2288 imperium
735 2193 772 2264 ci
790 2191 1030 2283 abrogaretur.
1080 2190 1204 2265 Disce·
1370 2146 1546 2240 willae
1567 2143 1785 2221 ‘mem
1806 2169 1831 2222 P
1853 2147 2108 2244 Limam·

99 2351 111 2384 ι,
216 2313 307 2380 dens
322 2304 431 2393 igitur
444 2301 489 2371 ab
504 2296 674 2382 exercitu,
701 2305 822 2386 postea
838 2304 1007 2390 tauquam
1028 2293 1068 2364 in
1084 2295 1204 2387 priva·
1352 2290 1461 2382 Quod
1469 2289 1701 2390 Thucydides
1715 2294 1847 2390 inquit,
1867 2297 1906 2366 in
1921 2295 2097 2367 seditione
2111 2319 2242 2368 omnes

217 2423 254 2482 ta
269 2407 342 2480 uita
368 2403 463 2494 degit
482 2400 523 2474 in
545 2395 827 2492 possessionibus
839 2397 912 2466 suis
929 2398 973 2478 ad
989 2393 1205 2490 Hellespon·-
1249 2392 1382 2466 formas
1391 2419 1510 2474 rernm
1518 2397 1691 2473 malarum
1701 2419 1791 2468 esse:
1805 2395 1846 2470 du
1855 2392 1896 2471 ds*
1907 2391 2032 2470 στάσει
2040 2401 2144 2469 πᾶσα
2156 2393 2242 2493 top'a

216 2529 317 2594 snm,
342 2507 408 2580 ubi
435 2504 505 2576 sibi
524 2515 625 2574 ‘arces
645 2498 782 2592 aliquot
802 2512 1008 2570 extruxerat.
1058 2495 1110 2569 lta
1137 2521 1210 2568 nec·
1249 2499 1369 2570 κακοῦ
1391 2493 1488 2584 doci,
1516 2497 1552 2568 id
1579 2496 1735 2591 conspici
1760 2513 1874 2591 potest
1895 2500 2045 2570 inbelle
2066 2499 2240 2571 intestino

218 2615 328 2701 longo
348 2621 505 2698 ternpore
522 2615 609 2698 'post
634 2599 788 2674 reditum
813 2600 882 2670 fuit
912 2599 950 2668 in
976 2599 1107 2691 patria,
1139 2621 1205 2670 nec
1251 2597 1491 2686 Graecorum,
1527 2602 1624 2694 quod
1652 2598 1860 2672 nominatur
1872 2589 2245 2694 Peloponnesiacum,

187 2715 372 2786 *multum
402 2706 537 2801 patriae
552 2703 707 2798 'profuit
766 2699 891 2795 Neque
919 2713 1037 2772 tamen
1065 2701 1206 2773 ociosus
1250 2702 1348 2795 quod
1381 2699 1451 2773 luit
1484 2702 1629 2793 plenum
1665 2701 1947 2774 tristissimorum
1980 2703 2240 2794 exemplorum.

218 2811 424 2888 frumino
443 2829 600 2894 secessu,
626 2805 687 2878 sed
706 2801 862 2874 vicinam
878 2796 1070 2874 Thraciam
1090 2828 1205 2896 popu·
1251 2801 1389 2873 Multae
1410 2803 1517 2874 nrbes
1541 2802 1703 2875 funditus
1728 2804 1862 2876 deletae
1887 2818 1990 2888 sunt,
2014 2805 2121 2876 multi
2147 2805 2243 2876 cives

216 2919 313 2992 latus
326 2925 401 2998 est,
420 2923 512 2984 ctnt
525 2909 655 3002 praeda
672 2906 958 2998 locupletaretur,
983 2917 1019 2978 et
1033 2917 1075 2978 ut
1090 2902 1204 2978 Grae·
1251 2903 1446 2990 interfecti,
1472 2917 1506 2975 et
1527 2901 1680 2976 extincta
1702 2906 1859 2977 naturali
1885 2909 2027 3006 στοργῇ
2050 2907 2242 2978 saeviciam

216 3041 278 3093 cos
294 3017 441 3090 colonos
455 3013 507 3084 ibi
523 3010 741 3082 defenderet.
960 3002 965 3014 '
1251 3018 1483 3077 exercnerunt
1496 3005 1637 3097 cognati
1652 3007 1692 3077 in
1704 3019 1884 3098 cognatos.
1936 3003 2029 3088 Tam
2046 3003 2243 3081 horrendis
2300 2999 2301 3008 '

318 3117 402 3188 Non
423 3115 538 3186 multo
562 3123 642 3203 post
661 3104 900 3182 Athenienses
923 3129 1052 3197 magno
1068 3107 1203 3200 praelio
1251 3107 1376 3202 poenis
1389 3107 1545 3180 ostendit
1556 3103 1657 3180 Deus
1673 3109 1762 3180 iram
1782 3133 1882 3182 suam
1899 3111 2069 3183 adversus
2089 3111 2193 3183 idola
2209 3125 2244 3183 et

213 3219 306 3293 „uicti
319 3228 438 3291 sunta
455 3213 640 3310 Lysandro
656 3212 703 3282 ad
717 3205 834 3300 Aegos
853 3205 1037 3294 Potamos,
1060 3209 1124 3281 obi
1137 3207 1204 3280 tria
1251 3208 1433 3284 libidines.
1482 3205 1533 3280 Ut
1553 3222 1671 3280 autem
1694 3211 1915 3303 praedictum
1940 3225 2033 3300 crat,
2064 3203 2137 3284 hoc
2162 3213 2244 3285 bel-

75 3359 82 3368 ·
218 3321 334 3398 millia
349 3313 717 3394 Atheniensiumcum
730 3309 805 3381 riri
818 3308 912 3403 capti
926 3323 1060 3396 esseut,
1084 3322 1205 3404 postea
1250 3311 1327 3382 lum
1350 3311 1561 3383 duraturum
1585 3333 1659 3382 esse
1679 3326 1752 3384 tres
1765 3311 2006 3402 Novenarios,
2031 3314 2081 3388 its
2100 3315 2244 3386 accidis.

218 3423 413 3498 crudeliter
442 3415 619 3490 interlecti
656 3426 749 3486 stant.
812 3409 1015 3506 Antequam
1048 3435 1203 3506 pugnam
1251 3409 1359 3486 Anno
1375 3413 1524 3506 septimo
1539 3425 1575 3485 et
1589 3413 1756 3486 vicesimo
1773 3411 1880 3486 huius
1899 3415 1987 3485 belli
2000 3412 2086 3487 vicit
2101 3415 2244 3512 Lysan-

219 3524 445 3608 Alcibiades,
471 3521 511 3590 in
531 3517 650 3589 vicino
672 3518 750 3587 loon
773 3509 956 3599 habitans,
982 3539 1062 3586 eum
1076 3529 1199 3586 utren-
1251 3517 1319 3586 der.
1329 3514 1486 3587 Atticam
1510 3516 1655 3585 classem
1673 3518 1718 3587 ad
1733 3515 1848 3606 Aegos
1862 3515 2044 3604 Potamos,
2069 3531 2105 3590 ct
2127 3521 2243 3611 capti·

93 3679 104 3696 .
216 3640 290 3724 qtre
306 3627 452 3700 &uem
468 3619 742 3702 considerasset,
765 3609 1204 3709 praemonuitAthenien·
1251 3639 1379 3688 rorum
1408 3611 1681 3688 Atheniensium
1712 3619 1779 3688 tria
1807 3617 1922 3690 millia
1953 3631 2034 3710 post
2062 3622 2241 3712 praelium

192 3713 610 3816 ⁸ses,⁸ne'dirnioarcrtt.
660 3719 786 3791 Deleta
810 3713 1085 3789 Atheniensium
1105 3742 1205 3788 exer-
1251 3742 1346 3789 noeo
1366 3718 1526 3808 exemplo
1547 3717 1767 3790 crudelitatis
1788 3719 1975 3791 interiecit.
2024 3719 2152 3793 Postea
2170 3735 2242 3794 sta·

219 3833 296 3904 citu
318 3831 357 3898 in
379 3828 491 3910 mari,
522 3823 706 3918 Lysander
734 3844 817 3891 mox
837 3813 1000 3890 Athenas
1018 3817 1205 3891 obsidione
1251 3821 1316 3892 tim
1331 3814 1491 3891 Athenas
1508 3831 1602 3890 terra
1619 3819 1781 3914 m'ariqne
1795 3821 1958 3892 obsidere
1972 3821 2075 3914 cepit.
2128 3821 2243 3895 Cum-

158 3951 161 3956 ·
218 3929 352 4022 cingit,
378 3941 413 3998 et
437 3939 515 4019 post
536 3935 670 3995 sextum
692 3943 846 3990 mensem
873 3919 991 3990 dedita
1019 3921 1107 3991 urbe
1131 3918 1204 4014 Ly·
1251 3944 1321 4015 que
1340 3919 1412 3991 iam
1435 3943 1561 4010 magna
1588 3923 1781 3993 multitudo
1803 3923 1841 3992 in
1864 3924 1954 3994 urbe
1982 3923 2077 3994 fame
2099 3940 2241 3997 mortua

219 4033 350 4106 eander
374 4025 520 4118 triginta
546 4022 661 4107 viros,
698 4021 759 4116 qui
784 4021 1018 4092 nominantur
1041 4019 1204 4111 Triginta
1252 4034 1359 4108 esset,
1384 4021 1543 4091 consiliis
1559 4017 1793 4094 Theramenis
1808 4047 1863 4094 res
1879 4047 1921 4095 eo
1935 4022 2086 4097 deducta
2103 4041 2177 4111 est,
2202 4041 2244 4098 ut

220 4131 404 4230 Tyranni,
435 4128 517 4200 urbi
539 4125 724 4218 praefecit,
749 4122 844 4193 inter
869 4146 959 4214 qnos
984 4119 1112 4193 Critias
1136 4121 1206 4194 luit
1251 4121 1462 4194 fiereturbis
1478 4123 1624 4207 deditio,
1644 4138 1740 4197 sexto
1754 4148 1875 4197 mense
1889 4126 2098 4198 obsidionis.
2125 4127 2242 4199 Valde

159 4309 165 4316 ,
220 4235 462 4318 assistimus,
492 4229 555 4324 qni
576 4227 765 4298 consilium
788 4223 905 4310 dedit,
937 4237 977 4295 ut
1000 4223 1205 4295 Alcibiades
1252 4225 1508 4297 contenderant
1531 4219 1696 4296 Thebani
1726 4239 1761 4298 et
1781 4221 1982 4312 Corinthii,
2014 4243 2055 4300 ut
2075 4225 2241 4302 Athenae

219 4337 494 4419 intes-liceretur,
519 4331 603 4426 quia
616 4342 754 4399 tantum
772 4327 810 4395 in
830 4349 871 4396 eo
886 4323 1025 4396 consilii
1043 4338 1079 4396 et
1096 4326 1205 4397 indu·
1251 4325 1414 4398 funditus
1442 4323 1659 4401 delerentur.
1719 4325 1790 4400 Sed
1812 4327 2085 4401 Lacedaemonii
2115 4343 2241 4401 contra

218 4439 327 4513 striae
349 4447 457 4515 esset,
483 4446 525 4505 ut
540 4425 701 4520 Athenas
722 4428 850 4499 iterum
874 4427 1091 4498 liberaturus
1105 4425 1205 4498 vide-
1251 4439 1458 4513 senserunt,
1491 4449 1566 4499 non
1590 4427 1777 4500 delendam
1800 4451 1873 4501 esse
1895 4432 2040 4518 urbem,
2065 4445 2150 4504 ante
2173 4429 2242 4502 hoc

219 4556 340 4626 retur,
365 4539 396 4610 si
408 4537 553 4614 viveret.
606 4530 726 4621 Quare
742 4527 1013 4602 Lacedaemonii
1032 4524 1205 4602 adPhar·
1251 4529 1386 4601 bellum
1401 4550 1504 4621 saepe
1517 4530 1783 4604 benemeritam
1799 4533 1843 4603 de
1863 4544 1936 4605 tota
1952 4529 2103 4604 Graecia
2128 4533 2167 4604 in
2185 4557 2242 4604 rc-

220 4645 394 4716 nabnaum
408 4635 648 4730 scripserunt,
671 4644 713 4705 nt
728 4651 809 4700 eum
830 4629 1050 4714 interficeret.
1101 4626 1205 4702 Missi
1252 4630 1447 4723 primendis
1462 4627 1638 4702 Barbaria.
1672 4630 1850 4706 Scribitur
1864 4649 1995 4722 autem,
2020 4633 2240 4706 deditionem

220 4743 330 4833 igitur
349 4742 499 4836 aliquot
528 4734 662 4806 milites
691 4731 838 4805 domum
871 4732 1127 4817 incenderunt,
1166 4733 1204 4802 in
1251 4732 1378 4806 laetam
1396 4755 1469 4804 esse
1484 4733 1543 4804 dic
1558 4733 1731 4805 sedecimo
1747 4727 1890 4819 Martii,
1916 4730 2064 4832 quodie
2077 4749 2163 4810 ante
2176 4761 2240 4807 an-

91 4921 99 4934 ,
220 4866 291 4940 qua
306 4857 382 4914 erat
395 4838 620 4923 Alcibiades,
645 4849 683 4908 et
698 4847 943 4925 erumpentem
962 4834 1098 4918 adorti,
1122 4857 1203 4904 cum
1252 4857 1317 4906 nos
1331 4847 1464 4926 septem
1480 4848 1515 4905 et
1527 4836 1748 4926 septuaginta
1766 4831 1916 4908 consilio
1931 4851 1966 4910 et
1977 4837 2111 4912 virtute
2126 4835 2240 4911 Athe-

219 4943 327 5018 multi
345 4958 478 5029 essent,
512 4957 546 5014 et
565 4939 725 5034 undique
745 4935 824 5021 telis
850 4947 1028 5028 peterent,
1060 4935 1203 5007 tandem
1252 4937 1432 5006 niensium
1455 4938 1497 5006 ad
1520 4935 1739 5007 Salaminem
1759 4935 1885 5009 Persae
1906 4935 1990 5022 victi
2009 4951 2105 5015 sunt.
2158 4938 2237 5030 Qua

221 5070 303 5120 curn
326 5044 380 5116 ibi
404 5043 667 5119 interfecerunt.
722 5034 885 5108 Cadaver
908 5037 983 5107 eins
1005 5034 1204 5109 Timandra
1251 5039 1290 5109 io
1313 5037 1595 5110 consideratione
1616 5037 1812 5128 cogitemus
1827 5041 2094 5114 instabilitatem
2118 5063 2236 5113 remim

221 5145 423 5224 concubina
441 5145 603 5236 sepeliit.
652 5139 723 5212 Hie
756 5140 824 5212 suit
855 5139 968 5210 exitus
994 5134 1204 5225 Alcibiadis,
1251 5136 1508 5222 humanarum,
1534 5153 1568 5209 ct
1588 5141 1871 5213 consideratione
1896 5165 2080 5214 causarum
2104 5165 2172 5213 nos
2194 5145 2237 5211 ad

220 5251 322 5346 cuius
343 5247 416 5320 fuit
446 5243 618 5314 excellens
643 5242 844 5332 ingenium,
874 5239 1064 5326 fortitudo,
1094 5239 1203 5312 indu·
1251 5242 1326 5312 veri
1348 5239 1417 5312 Dei
1444 5240 1659 5330 'agnitionem
1684 5245 1783 5315 etad
1806 5245 2014 5314 modestiam
2042 5239 2239 5315 hortemur.

219 5353 325 5441 stria,
349 5361 387 5422 et
402 5342 578 5426 foelicitas
594 5343 633 5410 in
651 5343 858 5433 praeliando
875 5349 989 5426 tanta,
1011 5353 1051 5426 ut
1065 5351 1205 5434 semper
1251 5341 1433 5414 Bellorum
1449 5343 1544 5414 enim
1561 5344 1680 5416 variae
1695 5346 1788 5416 vices
1803 5361 1898 5431 sunt,
1923 5347 2006 5440 quia
2024 5347 2129 5438 punit
2142 5346 2237 5419 Deus

220 5476 260 5526 a.
279 5476 380 5550 pm,
412 5446 471 5520 cni
492 5441 630 5522 adluit,
656 5441 789 5514 ¹uicerit.
842 5441 1099 5543 Euitqucerga
1121 5453 1202 5516 eum
1251 5443 1381 5518 scelera
1396 5445 1434 5514 in
1450 5455 1728 5539 utraqueparte.
1780 5441 1943 5522 Tandem
1960 5471 2046 5518 vero
2062 5447 2235 5539 graviori-
