4696 5820
224 219 304 300 aas
809 199 970 284 unct.
1000 203 1080 286 nn
1111 207 1250 284 vara
1284 208 1679 290 anonumum.
2193 229 2257 302 Μ

225 389 423 464 ιιίιίοῶιιι
436 386 561 464 rebus,
583 406 664 457 cuns
685 379 831 476 quidem
854 379 1091 454 astutissimus
1107 383 1218 474 signi-
1270 383 1458 478 opiniones
1463 435 1477 471 ,
1511 410 1603 480 quae
1631 385 1796 460 finxerint
1824 385 1980 462 hnmana
2002 396 2172 468 exercitis
2194 423 2259 474 esse
2315 401 2316 478 j

227 497 282 566 ier
305 493 407 564 istius
430 484 615 559 tribunicii
638 483 788 574 agmims
810 482 917 570 sciat,
947 484 1221 558 nobisconiun-
1271 487 1418 558 eximios
1449 488 1584 574 cultus,
1614 513 1706 582 qnae
1733 504 1819 562 tune
1849 516 1990 588 quoque
2023 501 2258 573 unanimibus
2315 541 2316 554 ι

229 598 347 670 ctione
375 612 464 684 opus
492 610 565 659 esse
593 587 761 660 adversos
788 608 994 657 commones
1016 583 1154 672 hostes,
1186 600 1221 656 et
1272 602 1407 660 taxatae
1430 603 1530 672 sunt,
1554 603 1596 660 ut
1615 586 1833 663 Athanasius
1855 599 2127 688 superstitiones
2153 627 2258 694 repre-

230 717 304 770 esse
325 695 410 765 alias
431 689 610 781 graviores
630 686 911 772 controversias,
941 690 986 758 de
1010 691 1139 781 quibos
1153 711 1222 761 nos
1274 688 1410 775 itendit,
1437 691 1619 783 inquiens:
1645 689 1799 788 καλὸνὴ
1815 692 1985 791 Ἅσκησις
1997 699 2087 792 μετ’
2104 699 2258 797 ἅληθρῡς

229 799 368 894 placide
384 793 589 866 'deliberare
607 791 810 880 oportebat,
835 802 877 858 nt
898 791 1048 881 posteris
1063 792 1223 862 testimo-
1272 783 1447 891 γνώσεως
1467 786 1532 864 καὶ
1554 788 1769 886 συμμεξίας.
1820 795 1910 870 Vult
1934 801 2091 893 intelligi
2108 807 2257 878 exercitia
2315 855 2316 904 ι

230 903 294 973 nia
312 921 387 968 non
410 893 575 982 ambigua
595 892 888 985 autumaremus.
942 889 1013 963 Sed
1037 887 1102 962 bos
1118 892 1223 962 aoto-
1274 917 1349 966 nou
1369 909 1443 964 esse
1466 892 1661 982 iusticiam,
1685 910 1749 968 aut
1769 898 1905 986 cultus,
1930 915 1965 973 et
1988 903 2070 976 vult
2090 910 2257 978 moderate
2315 907 2316 944 ³

230 1025 287 1074 res
311 997 450 1070 Pastori
479 996 587 1066 etiam
616 993 786 1086 precatio·
803 1004 839 1062 ct
871 993 965 1062 bona
997 1016 1077 1084 spes
1110 995 1223 1064 lenie—
1274 1017 1358 1068 esse.
1418 991 1516 1066 Haec
1544 1020 1626 1068 com
1648 999 1805 1090 aposita
1833 1016 1967 1089 essem,
1998 1003 2174 1100 Princeps
2195 1011 2258 1100 ipse

230 1106 336 1187 bant,
363 1125 403 1170 ac
433 1120 536 1188 saepe
564 1095 698 1168 dictum
726 1093 862 1166 Psalmi
885 1096 1080 1186 repetebat:
1114 1093 1223 1166 Com·-
1275 1095 1480 1184 gravissime
1494 1097 1603 1178 dixit,
1628 1121 1667 1168 se
1680 1096 1758 1170 Deo
1779 1103 1907 1191 gratim
1923 1127 2046 1194 agere,
2072 1113 2166 1203 quod
2184 1106 2258 1182 baec

233 1205 364 1276 menda
397 1199 474 1271 Deo
504 1197 596 1266 viam
630 1213 745 1282 tuam
786 1208 823 1266 et
856 1219 957 1288 spera
983 1197 1021 1266 in
1054 1221 1153 1277 eum,
1190 1211 1225 1266 et
1275 1197 1481 1268 discrimina
1501 1199 1684 1292 perspicue
1704 1203 1743 1270 isi
1758 1198 1926 1274 Ecclesiis
1946 1209 2083 1280 nostris
2098 1211 2276 1284 illusum.
2315 1183 2316 1226 ¹

232 1309 309 1401 ipse
331 1303 445 1375 faciet.
1276 1312 1412 1383 estem,
1443 1311 1475 1368 et
1497 1296 1566 1370 Dei
1588 1303 1784 1392 praesentia
1806 1303 1844 1373 in
1860 1317 2014 1402 utroque
2036 1315 2150 1401 grado
2170 1315 2259 1404 apiis
2315 1359 2316 1364 κ

335 1403 418 1478 Non
440 1418 530 1494 opus
549 1411 602 1474 est
624 1399 668 1468 de
694 1399 885 1470 domestice
907 1397 984 1470 eins
998 1397 1070 1470 vita
1088 1396 1224 1490 prolixe
1276 1414 1486 1490 agnoscatur
1508 1414 1544 1472 et
1568 1403 1775 1474 celebretur.
1825 1401 2018 1481 Manifesta
2043 1413 2141 1482 enim
2167 1417 2254 1484 testi·

234 1510 370 1593 dicere,
404 1527 496 1600 quac
524 1501 593 1572 nisi
620 1501 744 1572 luisset
763 1496 1030 1582 honestissima,
1059 1515 1100 1574 ut
1122 1512 1224 1570 antea
1277 1503 1396 1572 monis
1413 1501 1566 1588 deDeo,
1592 1506 1685 1575 etde
1708 1507 2034 1596 providentiarum
2059 1513 2138 1606 ipsa
2160 1517 2257 1586 lexin
2315 1505 2316 1566 l

234 1611 327 1697 dixi,
349 1632 423 1678 non
446 1605 569 1676 luisset
591 1617 735 1674 vocatus
748 1604 792 1672 ad
816 1597 992 1672 Ecclesiae
1006 1603 1225 1673 constituen-
1276 1603 1457 1674 mentibus
1478 1598 1824 1694 homunculorum,
1851 1625 1885 1682 et
1906 1615 2070 1684 miranda
2085 1639 2256 1686 conserm-
2315 1603 2316 1690 l

236 1716 298 1785 das
320 1736 341 1782 a
366 1721 419 1781 tot
433 1705 652 1799 sapientibus
668 1716 702 1775 et
724 1704 792 1796 piis
805 1701 1032 1796 Principibus
1046 1718 1081 1775 et
1095 1704 1226 1796 guber-
1277 1705 1327 1778 tio
1349 1705 1524 1776 societatis
1560 1701 1736 1778 humanae
1766 1709 1805 1780 in
1835 1726 1905 1781 tam
1930 1708 2124 1786 horrendis
2144 1721 2257 1787 contu
2315 1703 2316 1746 ¹

236 1812 433 1886 natoribus.
484 1807 564 1878 Hoc
578 1807 706 1876 addam
723 1806 769 1876 dc
784 1801 921 1880 Gradu.
1278 1807 1457 1887 sionibus,
1483 1820 1519 1878 et
1539 1807 1770 1899 imperiorum
1788 1813 1994 1894 constitutio
2021 1817 2061 1887 iu
2079 1821 2184 1889 tantis
2199 1819 2256 1887 isn-
2315 1807 2316 1818 ἢ

337 1912 429 1985 Cum
449 1911 546 1982 iusta
561 1906 772 1978 Academiae
788 1909 1078 1978 consuetudinem
1094 1904 1226 1996 Caspa-
1278 1907 1500 2000 pedimentis.
1568 1907 1665 1997 Quid
1701 1914 1795 2000 enim
1827 1915 2031 1987 mirabilius
2057 1934 2126 2007 est,
2164 1943 2255 2013 quam

237 2041 316 2089 rum
332 2013 562 2104 Crucigerum
583 2021 762 2100 oporteret
782 2021 898 2099 petere
921 2011 1069 2099 gradum
1092 2005 1227 2077 Docto·
1278 2007 1432 2080 Romam
1457 2011 1550 2080 inter
1572 2013 1718 2082 adsidua
1741 2015 1931 2086 tribunicia
1960 2021 2155 2090 certamina
2178 2033 2256 2090 stare

236 2117 336 2202 runs,
367 2130 403 2187 et
427 2114 578 2207 inclytae
605 2109 706 2180 urbia
729 2105 956 2200 Hamborgae
977 2109 1129 2182 Senasm
1156 2102 1227 2178 huc
1281 2133 1391 2204 posse.
1442 2107 1555 2181 Bonis
1578 2113 1665 2182 viris
1681 2117 1727 2183 ad
1750 2119 1989 2206 posteritatem
2013 2121 2156 2192 virtutis
2172 2121 2255 2191 testi·
2315 2155 2316 2184 ;

237 2219 391 2290 misisset
418 2213 669 2288 Reverendum
701 2211 818 2282 virum
845 2209 1016 2283 loannem
1037 2211 1229 2302 Arpinum,
1279 2212 1442 2282 monium
1465 2225 1535 2294 est,
1570 2237 1649 2282 com
1675 2217 1815 2288 abonis
1829 2218 2064 2312 Principibus
2085 2236 2253 2304 ornantur,
2315 2199 2316 2290 l

238 2335 280 2392 ut
300 2333 336 2390 et
357 2317 432 2409 ipse
455 2316 603 2406 gradum
628 2325 780 2404 peteret,
806 2309 1095 2384 aderethicDox
1116 2311 1228 2384 Saso-
1279 2314 1366 2406 ipsis
1391 2337 1475 2384 vero
1497 2312 1726 2407 Principibus
1754 2319 1867 2389 multo
1892 2322 2005 2412 magis
2033 2318 2253 2395 honorificum

240 2423 322 2494 niae
336 2415 481 2490 Elector
500 2414 650 2488 loannes
666 2412 868 2484 Fridericus
889 2438 968 2484 cum
990 2414 1227 2486 illustrissima
1280 2429 1350 2500 est,
1372 2415 1570 2504 intelligere
1592 2429 1627 2486 ct
1649 2439 1767 2489 amare
1783 2422 1979 2504 doctrinas,
2008 2439 2043 2497 et
2060 2449 2178 2497 earum
2192 2437 2254 2494 sto·
2315 2407 2316 2466 l

239 2523 410 2612 coniuge,
437 2518 603 2613 quicum
626 2516 817 2587 audivisset
841 2517 1083 2588 testimonium
1107 2513 1228 2607 publi·
1281 2517 1340 2586 dia
1354 2516 1503 2588 excitare
1516 2528 1551 2586 et
1565 2517 1698 2589 invare.

240 2648 321 2698 cum
335 2621 490 2714 Casparo
516 2633 551 2690 et
573 2616 714 2709 Aepino
732 2618 964 2688 tribuendum
986 2639 1080 2702 csse,
1104 2615 1229 2700 voluit,
1332 2699 1337 2709 ¹
1381 2617 1466 2691 Fuit
1480 2631 1596 2690 autem
1612 2633 1647 2690 et
1663 2634 1859 2712 postremus
1880 2626 1973 2696 vitae
1988 2623 2145 2697 Pastoris
2159 2621 2255 2695 nostri
2315 2639 2316 2690 t

240 2739 283 2798 ut
301 2721 359 2795 his
372 2723 499 2792 Pastor
521 2717 641 2790 noster
655 2718 924 2808 adiungeretur,
950 2733 987 2791 et
1004 2719 1162 2804 addidit,
1192 2741 1229 2788 se
1281 2733 1378 2791 actus
1389 2718 1454 2791 Dei
1471 2720 1640 2792 beneficio
1657 2723 1824 2814 placidus.
1863 2723 1954 2796 Cum
1968 2728 2021 2798 ita
2036 2729 2255 2819 languefactse
2315 2719 2316 2728 ’

239 2841 277 2898 et
302 2825 576 2917 disputationem
616 2835 652 2893 et
687 2821 992 2893 renunciationem
1023 2821 1229 2892 auditurum
1281 2833 1397 2891 essent
1412 2821 1504 2890 vires
1522 2835 1699 2911 postremo
1720 2837 1835 2910 auno,
1857 2839 1898 2898 nt
1917 2828 2254 2900 concionandilabo·

243 2950 337 3008 csse,
360 2940 394 2997 et
410 2925 609 2996 levaturum
624 2935 850 3014 asssumpta.
892 2919 972 2994 Etsi
988 2921 1112 2993 Pastor
1124 2946 1230 2992 excu-
1282 2941 1356 2992 rem
1381 2922 1555 2993 sustinere
1577 2946 1651 2992 uon
1679 2937 1812 3014 posset,
1845 2929 1943 3000 restit
1965 2943 2086 3001 tamen
2114 2925 2254 3024 quotidie

243 3030 417 3101 sationem
434 3036 591 3097 senectae
605 3025 800 3108 adferebat,
826 3037 944 3094 tamen
960 3023 1043 3117 qnia
1058 3041 1231 3092 verecun-
1284 3025 1322 3092 in
1337 3023 1529 3114 templum,
1554 3038 1589 3095 et
1605 3024 1662 3115 pis
1680 3030 1879 3116 precatione
1893 3023 2107 3113 Ecclesiam,
2142 3044 2174 3099 et
2193 3046 2253 3096 sese

243 3131 326 3202 dius
347 3128 474 3198 eratin
494 3149 533 3196 re
548 3125 612 3194 uti
627 3147 701 3194 non
717 3123 780 3194 din
794 3125 981 3214 refragari,
1010 3124 1078 3210 ait,
1106 3145 1142 3193 se
1158 3124 1231 3194 ob-
1284 3137 1317 3194 et
1340 3147 1407 3194 nos
1422 3122 1499 3194 Deo
1524 3128 1812 3200 commendabat:
1846 3131 2011 3205 veniebat
2026 3133 2131 3205 etiam
2147 3131 2187 3200 ad
2200 3147 2253 3194 ιιι·
2315 3139 2316 3144 ’

242 3243 520 3321 temperaturum
542 3247 627 3298 esse.
678 3222 855 3296 Postridie
876 3226 977 3296 venit
1004 3227 1049 3295 ad
1071 3225 1232 3317 disputa·
1283 3225 1447 3296 cessarias
1469 3225 1753 3299 deliberationes.
1808 3229 1970 3303 Tandem
2001 3257 2122 3304 meuse
2141 3225 2253 3321 Aprili,

245 3334 380 3404 tionem
406 3327 575 3420 Princeps
606 3351 685 3396 cum
709 3326 908 3419 praecipuis
931 3327 1164 3414 consiliariis,
1197 3340 1232 3396 et
1282 3328 1497 3398 decumbens
1519 3328 1596 3397 sine
1611 3352 1739 3419 magno
1764 3333 1940 3419 cruciatu,
1972 3335 2133 3431 quotidie
2149 3347 2253 3422 precs·

244 3433 402 3508 studiose
431 3431 531 3500 audit
559 3424 728 3514 Lutlseri,
768 3429 970 3518 Cmcigeri‚
1010 3426 1167 3500 Pastoris
1198 3442 1232 3498 et
1284 3429 1400 3500 tiones
1412 3429 1587 3520 repetivit.

244 3534 376 3627 Arpini
393 3531 661 3625 responsiones,
683 3533 727 3602 de
741 3531 899 3610 iusticia,
925 3532 970 3599 de
986 3525 1162 3610 Ecclesia,
1188 3531 1233 3598 de
1386 3528 1499 3621 Saepe
1514 3531 1618 3622 etiarn
1637 3532 1792 3603 suaviter
1808 3555 1887 3604 cum
1904 3536 2030 3608 amicis
2043 3539 2087 3606 de
2102 3557 2160 3626 spe
2173 3531 2254 3599 salu·

245 3636 451 3707 discrimine
474 3632 663 3704 ministerii
687 3631 881 3722 evangelici
907 3647 940 3704 et
965 3631 1145 3722 potestatis
1169 3655 1234 3722 po-
1286 3632 1332 3704 tis
1347 3645 1525 3711 aeternae,
1550 3645 1585 3702 et
1600 3633 1643 3701 de
1656 3635 1860 3725 posteritate
1875 3637 2072 3710 collocutus
2093 3649 2153 3708 est.
2200 3625 2252 3694 Vi·

246 3737 382 3816 liticac,
419 3737 459 3805 in
489 3759 558 3827 qna
588 3734 736 3821 materia
765 3734 895 3805 diserte
917 3733 1032 3805 voluit
1055 3731 1234 3824 explicari,
1286 3756 1349 3824 gor
1363 3733 1491 3804 mentis
1505 3734 1592 3803 adeo
1606 3735 1673 3804 luit
1687 3735 1840 3824 integer,
1864 3751 1906 3808 ut
1919 3741 2063 3810 octiduo
2081 3749 2158 3808 autc
2172 3749 2253 3801 mor·

247 3861 331 3923 cur,
359 3861 440 3907 cum
458 3834 598 3906 violans
624 3832 789 3926 politicae
810 3836 992 3926 potestatis
1013 3836 1127 3904 edicta
1153 3858 1234 3926 pcc·
1287 3849 1355 3905 tem
1382 3831 1572 3906 Ductorem
1601 3832 1854 3908 Tilemannum
1876 3834 2095 3912 Heshusinm
2117 3827 2254 3927 Hcydel-

247 3952 321 4023 cet,
351 3961 425 4008 non
446 3937 550 4008 etiam
573 3949 692 4027 peccet
711 3934 851 4005 violans
873 3935 1139 4008 ecclesiasticam
1161 3948 1234 4007 tra·
1285 3937 1391 4024 berga
1416 3938 1622 4006 redeuntem
1648 3960 1730 4007 mox
1754 3954 1976 4027 agnosceret,
2002 3959 2036 4014 et
2063 3940 2169 4010 laetus
2186 3951 2252 4020 stu·

246 4041 420 4112 ditionem
439 4039 564 4108 lactam
587 4059 607 4108 a
631 4037 690 4128 pio
710 4033 867 4110 Pastore.
919 4035 1073 4130 Fuitque
1095 4038 1128 4107 ei
1153 4061 1235 4129 per·
1287 4038 1461 4108 toleretur
1473 4037 1506 4106 ei
1530 4037 1702 4122 reditum,
1728 4053 1762 4110 et
1782 4039 2037 4124 sciscitaretur,
2063 4065 2108 4112 an
2126 4040 2162 4106 in
2177 4032 2254 4103 Act-

246 4157 343 4233 grata
368 4140 482 4210 nostri
504 4137 658 4209 Pastoris
678 4139 809 4224 oratio,
842 4138 905 4232 qui
927 4138 1084 4228 dicebat,
1118 4162 1234 4210 arma-
1287 4139 1440 4210 damiam
1454 4135 1799 4232 Heydelbergensem
1817 4143 2153 4232 migraturorum,
2175 4127 2252 4202 etei

246 4258 318 4317 tam
333 4265 407 4313 esse
426 4253 633 4332 potestatem
650 4240 830 4332 politicam
853 4240 1042 4314 autoritate
1057 4240 1235 4311 condendi
1286 4243 1400 4311 fausta
1430 4253 1643 4332 precaretur.
1709 4240 1831 4314 Postea
1857 4245 1914 4314 die
1942 4245 2106 4316 vicesimo
2126 4229 2253 4328 Aprilis

246 4346 409 4438 proprias
434 4345 545 4433 leges,
570 4365 644 4412 nou
667 4354 865 4434 pugnantes
883 4365 963 4414 cum
980 4341 1176 4434 Decalogo,
1201 4355 1235 4414 et
1288 4366 1368 4413 cum
1399 4363 1436 4411 se
1468 4341 1628 4436 quotidie
1654 4342 1729 4414 lilio
1754 4342 1823 4414 Dei
1855 4342 2012 4438 Domino
2045 4356 2161 4415 nostro
2186 4331 2251 4442 lesu

248 4443 362 4518 dehis
378 4446 547 4516 traditum
563 4444 1131 4536 estseverissimumpraeceptum.
1163 4443 1236 4514 Ne-
1287 4439 1431 4514 Christo
1463 4445 1761 4525 commendasset,
1801 4444 1939 4538 placide
1968 4473 2009 4518 ex
2039 4443 2103 4516 hac
2132 4429 2253 4508 mortals

248 4571 340 4618 cesse
357 4565 409 4618 est
423 4547 568 4616 obedire
584 4558 729 4636 propter
744 4546 1008 4631 conscientiam,
1033 4547 1094 4617 sed
1110 4543 1236 4616 Pasto·
1288 4545 1359 4617 vita
1382 4545 1540 4626 decessit.

247 4651 347 4721 ribus
369 4672 529 4740 expresse
559 4640 743 4738 prohiberi
773 4649 927 4716 condere
949 4648 1111 4739 proprias
1131 4648 1236 4738 leges.
1387 4643 1460 4716 Nec
1475 4646 1713 4718 dubitandum
1730 4660 1797 4732 est,
1820 4671 1895 4718 esse
1910 4641 1990 4719 etsta
2011 4650 2049 4718 in
2065 4661 2201 4716 ursmaro
2215 4629 2252 4738 513

248 4748 308 4822 Sic
333 4751 428 4820 enim
450 4750 594 4822 dicitur:
628 4745 740 4817 Nemo
765 4771 828 4817 vos
852 4763 975 4838 arguat
991 4749 1029 4817 iu
1046 4750 1146 4834 cibo,
1170 4772 1236 4841 po·
1287 4749 1426 4830 lorum,
1451 4749 1496 4815 de
1512 4749 1822 4840 quibusscriptum
1836 4766 1902 4821 est:
1924 4749 2024 4822 Beati
2038 4742 2179 4818 mortui,
2202 4749 2253 4822 (ΙΨ

247 4864 288 4922 tu
304 4864 392 4934 etc.,
423 4874 488 4921 nec
506 4873 607 4942 posse
631 4845 723 4918 banc
744 4849 943 4920 libertatem
965 4851 1074 4920 ullius
1100 4864 1237 4922 creato·
1288 4851 1327 4918 in
1342 4846 1500 4918 Domino
1515 4849 1730 4923 moriuntur.
1782 4849 1974 4939 Quaerelas
1990 4837 2252 4943 igiturfunebses

248 4975 309 5022 rae
323 4953 511 5022 autoritate
526 4951 613 5022 tolli.
663 4947 714 5022 Et
727 4965 767 5021 ut
780 4951 817 5019 in
831 4951 1046 5043 amplissima
1059 4953 1237 5044 quaestio·
1289 4949 1437 5034 omitto,
1472 4973 1512 5020 ac
1532 4951 1650 5042 potius
1674 4974 1739 5020 oro
1768 4952 1882 5022 lilium
1905 4950 1992 5040 Dei,
2023 4953 2191 5022 sedentem
2215 4925 2251 5044 sd

247 5079 293 5125 nc
325 5053 437 5123 multe
476 5055 520 5122 de
554 5053 725 5143 dignitate
758 5054 921 5145 politicae
955 5054 1157 5146 potcstatis,
1202 5067 1238 5124 ct
1288 5053 1449 5122 dextram
1470 5052 1604 5122 aeterni
1628 5051 1755 5144 patris,
1780 5076 1820 5122 ac
1841 5056 1935 5125 dona
1960 5057 2099 5128 dantem
2119 5035 2252 5148 bomifss·

249 5154 441 5243 evangelici
462 5154 647 5224 ministerii
669 5156 762 5224 dicta
789 5169 882 5226 suut.
1289 5153 1374 5238 bus,
1408 5149 1569 5223 Pastores
1603 5166 1638 5222 et
1668 5150 1858 5241 Doctores,
1892 5171 1932 5228 ut
1954 5176 2075 5228 rursus
2095 5141 2252 5218 Eeclessae

349 5255 524 5346 Quaercla
545 5255 650 5326 ctiam
666 5257 795 5342 {addita
820 5271 890 5341 est,
916 5257 1048 5349 iniqua
1066 5255 1237 5323 narraba-
1289 5268 1429 5325 nostrae
1444 5251 1626 5324 Pastorem
1642 5254 1777 5328 tribuat
1793 5258 2001 5342 salutarem,
2026 5247 2251 5324 renoscant*

246 5372 323 5445 tur,
367 5360 437 5431 cito
470 5359 509 5428 in
535 5353 728 5428 Ecclesiam
765 5358 947 5451 irrepsisse
979 5355 1238 5451 superstitiosas
1290 5356 1480 5432 clementer
1499 5359 1683 5446 gubernet.
