4726 5828
95 262 174 336 198
555 260 719 338 DECL.
749 259 826 340 DE
867 263 1012 339 VITA
1045 260 1121 338 ET
1152 261 1424 341 scelests
1457 266 1655 349 PLlNll.
2029 285 2111 368 ‘194

90 433 192 502 lestis
211 431 397 505 doctrinae
409 430 563 506 retinere
577 433 664 528 ipsi,
690 447 725 508 et
747 436 885 509 tradere
900 435 1025 508 libetis
1040 459 1081 506 ac
1126 455 1304 506 novorum
1325 434 1502 507 bellorum
1524 437 1707 528 incendia,
1740 448 1797 518 vel
1817 452 1979 540 priorum
2002 443 2106 552 aegre

90 533 246 626 posteat,
262 533 394 604 nostris
416 532 601 625 possimus,
1128 533 1323 626 sopitorum
1340 535 1493 608 flammis
1509 539 1627 644 denuo
1651 551 1932 641 erumpentibus,
1958 562 2105 634 maiores

197 631 315 706 Acuat
337 635 497 706 discendi
516 659 643 706 curam
668 649 702 704 et
715 636 956 709 assiduitatem
973 635 1078 707 etiam
1126 633 1350 710 vastationes.
1401 633 1497 709 Haec
1512 642 1667 730 pericula
1684 667 1764 714 curn
1786 671 1852 720 nos
1867 653 2104 752 circumstent,

90 731 227 806 borum
249 751 449 827 temporum
473 737 627 808 incertus
649 749 777 823 status,
811 750 846 809 et
869 721 1079 828 impenden-
1126 758 1200 804 non
1216 734 1286 802 iam
1302 748 1354 807 est
1367 737 1544 828 integrum
1560 743 1801 817 nobisociosis
1817 752 2105 849 circumspectare

90 838 187 908 tium
209 837 445 907 mutationum
468 849 503 907 et
524 839 759 910 vastationum
784 862 858 908 non
882 838 971 915 falso
992 861 1078 908 ron·
1126 847 1162 906 et
1190 856 1338 921 cessare,
1364 850 1426 907 aut
1445 839 1531 910 alias
1554 867 1611 912 res
1628 867 1748 935 agere,
1764 851 1825 918 sed
1848 878 1954 945 quam
1970 863 2101 932 ,dm

92 953 222 1030 ceptus
247 951 381 1021 metus,
413 949 454 1006 ut
482 939 567 1006 dnm
593 937 832 1030 tranquillitas
861 940 1078 1022 conceditur,
1125 937 1211 1005 dum
1230 948 1357 1006 nautae
1383 938 1535 1026 iaciunt,
1567 944 1649 1036 qui,
1680 947 1766 1016 dum
1794 955 1957 1026 secundis
1985 965 2101 1037 ventis

90 1039 313 1109 instruamus
337 1060 402 1107 nus
425 1061 543 1108 rerum
565 1037 839 1124 necessariarum
868 1041 1078 1130 cognitione,
1124 1036 1199 1121 usi,
1232 1035 1440 1130 aliquandiu
1470 1040 1667 1132 remigandi
1696 1046 1853 1120 laborem
1877 1057 2100 1152 remiserunt,

92 1154 141 1210 ut
154 1139 328 1231 possimus
347 1161 421 1206 esse
437 1139 556 1208 fideles
582 1141 743 1210 custodes
767 1152 946 1211 tantorum
962 1141 1077 1209 bono·
1124 1147 1158 1204 et
1174 1160 1300 1227 corpus
1314 1162 1353 1208 ac
1367 1139 1525 1212 animum
1542 1143 1658 1235 quiete
1671 1159 1705 1218 et
1728 1147 1867 1222 lusibus
1888 1178 2100 1252 recrearunt,

94 1265 189 1325 rum,
215 1239 346 1332 quibus
360 1235 457 1309 Deus
471 1235 664 1310 Ecclesiam
683 1235 790 1310 buius
801 1241 973 1334 postremi
989 1254 1077 1312 tem·
1123 1236 1187 1306 ubi
1201 1237 1257 1306 vel
1274 1239 1387 1309 ventis
1411 1241 1671 1328 destituuntur,
1696 1249 1752 1317 vel
1774 1256 1960 1328 contrariis
1984 1266 2099 1353 repet.

87 1342 191 1434 poris
205 1341 333 1410 mundi
348 1340 500 1414 ornavit.
1124 1337 1265 1424 luntur‚
1305 1341 1364 1410 rel
1394 1353 1637 1433 tempestatum
1665 1347 1765 1436 signa
1792 1353 2098 1446 animadvertunt,
2183 1356 2186 1367 .

197 1440 318 1512 Licuit
334 1441 515 1532 superiore
530 1455 641 1512 aetate
655 1440 871 1512 discentibus
894 1443 1076 1536 aliquanto
1124 1461 1204 1506 mox
1218 1440 1262 1507 ad
1279 1462 1393 1510 remos
1417 1455 1451 1512 et
1469 1445 1635 1515 rudentes
1650 1466 1855 1535 accurrunt,
1878 1469 1916 1526 et
1931 1464 2097 1534 commis.

92 1541 228 1612 lentius
251 1541 291 1610 in
311 1541 440 1624 studiis
460 1543 607 1626 versari,
633 1555 667 1612 et
690 1566 764 1611 non
785 1555 857 1611 tam
873 1544 1075 1627 utilitatem,
1122 1561 1201 1607 sum
1222 1538 1370 1632 quisque
1390 1565 1520 1614 munus
1543 1559 1684 1617 strenue
1706 1562 1740 1619 et
1754 1574 1835 1621 cum
1849 1557 2001 1630 maximo
2017 1587 2097 1636 cor·

92 1665 202 1734 quam
229 1641 334 1710 etiam
356 1641 611 1714 iucunditatem
633 1642 790 1734 aliquam
814 1667 856 1712 ex
876 1643 920 1712 iis
944 1643 1076 1728 venari,
1122 1639 1220 1731 poris
1241 1652 1277 1710 et
1297 1641 1408 1710 animi
1435 1657 1563 1714 conatu
1587 1661 1769 1737 capessunt
1797 1665 1833 1722 et
1860 1677 2097 1752 exequuntur,

91 1766 176 1812 cum
200 1754 360 1832 tempora
381 1743 569 1812 laetissima
593 1742 758 1827 fuerunt,
782 1756 818 1814 ct
838 1744 1076 1836 tranquillitas
1122 1739 1171 1811 ita
1195 1763 1259 1809 uos
1280 1741 1379 1812 decet
1399 1742 1687 1836 impendentibus
1712 1761 1764 1820 tot
1790 1755 1973 1843 periculis,
2006 1788 2097 1855 quae

92 1843 133 1910 in
163 1839 308 1933 Repub.
329 1854 444 1926 tanta,
475 1857 515 1914 ut
539 1844 705 1912 collatum
730 1844 819 1914 illud
852 1845 1008 1914 seculum
1030 1846 1073 1914 ad
1122 1841 1225 1910 nobis
1259 1837 1459 1912 scholarum
1488 1845 1754 1936 dissipationem
1788 1867 1822 1923 et
1854 1857 2097 1936 doctrinarum

91 1937 190 2012 hanc
222 1942 459 2027 tumultuum,
495 1944 727 2012 certaminum
759 1967 799 2014 ac
827 1945 1074 2014 confusionum
1121 1941 1405 2011 obscurationem
1426 1944 1628 2031 minantur,
1659 1973 1797 2020 summo
1817 1957 1934 2026 studio
1955 1974 1989 2030 et
2009 1987 2095 2034 con-

92 2042 407 2112 foecundissimam
430 2053 578 2112 aetatem
600 2056 780 2128 nostram,
804 2067 950 2114 aureum
976 2069 1074 2115 secu·
1122 2041 1279 2110 tentione
1295 2043 1431 2128 anniti,
1456 2058 1497 2114 ut
1510 2068 1575 2114 nos
1590 2062 1763 2139 quantum
1778 2055 1924 2124 omuino
1940 2059 2014 2130 fieri
2031 2089 2096 2154 po.

87 2145 170 2214 dum
188 2142 305 2212 videri
320 2140 484 2232 potuerit.
535 2138 801 2213 areunculam
818 2146 930 2218 multo
945 2148 1075 2216 arden·
1121 2151 1205 2226 test,
1236 2143 1510 2214 necessariarum
1532 2147 1661 2216 artium
1691 2150 1850 2222 doctrina
1872 2155 2096 2251 instruamus,

93 2247 164 2314 tius
186 2244 257 2313 fuit
277 2242 434 2312 studium
456 2240 726 2336 plerorumque,
751 2269 831 2314 cum
846 2247 967 2316 nullus
982 2247 1073 2316 cala·
1121 2241 1296 2330 geminam
1315 2245 1362 2311 ob
1381 2267 1539 2314 causam:
1565 2243 1747 2334 Primum,
1770 2264 1811 2322 ut
1826 2253 1873 2336 ,in
1895 2265 2097 2333 cummuni·

92 2347 261 2414 mitatum
275 2355 390 2411 metus
405 2353 564 2428 urgeret,
589 2368 694 2435 quam
714 2360 891 2426 nuncest,
917 2348 978 2417 ubi
1001 2349 1073 2416 fere
1121 2343 1186 2410 bus
1214 2342 1472 2414 calamitatibus
1493 2345 1571 2436 -ipsi
1601 2347 1736 2416 firmam
1760 2354 2036 2429 consolationem
2061 2380 2095 2436 et

92 2445 229 2536 singuli
250 2444 326 2513 dies
345 2443 483 2536 aliquos
502 2464 614 2510 novos
635 2456 785 2515 terrores
807 2447 991 2531 adferunt,
1012 2448 1073 2540 qui
1120 2462 1216 2530 spem
1241 2437 1370 2510 habere
1392 2445 1566 2532 possimus
1587 2459 1746 2516 aeternae
1764 2453 1903 2540 salutis,
1928 2461 2098 2555 quicquid

94 2545 364 2636 dissipationem
380 2537 521 2612 Scholia
544 2543 766 2615 minitantur.
819 2542 893 2615 Cur
914 2571 988 2615 non
1006 2547 1073 2634 igi·
1121 2541 1224 2610 etiam
1235 2541 1273 2608 in
1285 2536 1350 2610 hac
1362 2543 1435 2613 vita
1446 2543 1550 2614 nobis
1562 2546 1706 2630 accidat,
1721 2561 1754 2617 et
1766 2551 1993 2640 mitigationis
2006 2589 2096 2654 qua.

94 2662 156 2719 tur
178 2645 363 2715 imitamur
386 2655 506 2712 cautos
529 2655 565 2712 et
587 2643 772 2732 diligentes
798 2645 987 2734 agricolas,
1011 2646 1074 2739 qui
1121 2664 1189 2732 que
1203 2665 1418 2732 poenarum,
1439 2640 1649 2736 quamDeus
1664 2650 1926 2737 poenitentibus
1941 2671 1975 2728 et
1991 2685 2095 2734 suum

93 2746 245 2816 maturis
266 2745 336 2813 iam
359 2744 537 2832 frugibus,
569 2767 650 2811 cum
678 2745 892 2833 tempestatis
924 2758 984 2814 aut
1006 2745 1076 2811 im·
1120 2741 1275 2810 officium
1292 2744 1415 2813 sedulo
1429 2743 1647 2828 facientibus,
1662 2767 1765 2838 saepe
1777 2755 1959 2840 promittit
1987 2753 2108 2834 Dein-⁸

92 2848 217 2918 brium
232 2845 332 2934 signa
346 2843 464 2936 aliqua
476 2843 667 2931 ingruunt,
693 2865 816 2912 omues
831 2845 1075 2934 occupationes
1120 2841 1176 2924 de,
1200 2853 1241 2910 nt
1257 2841 1294 2926 ii,
1319 2865 1408 2934 quos
1424 2842 1462 2910 in
1478 2846 1659 2912 communi
1672 2848 1855 2940 naufragio
1873 2851 1968 2926 Deus
1984 2883 2098 2938 emere
2226 2858 2229 2886 ¹

94 2949 196 3028 alias,
222 2948 433 3038 voluptates,
459 2965 560 3012 curas
576 2956 836 3034 postponentes,
858 2943 1075 3012 neciumen-
1121 2959 1201 3028 gere
1219 2953 1254 3010 et
1278 2963 1456 3030 superesse
1479 2941 1646 3027 voluerit,
1671 2947 1791 3017 sedata
1817 2953 1982 3026 nonnihil
2007 2977 2098 3034 tem.

94 3053 157 3130 tis,
183 3070 252 3118 nec
275 3044 447 3130 familiae,
479 3066 546 3112 nec
575 3043 785 3134 corporibus
813 3045 886 3113 suis
917 3056 1077 3134 parcunt,
1122 3051 1274 3128 pestate,
1298 3040 1426 3110 fractae
1447 3041 1550 3109 navis
1574 3044 1712 3114 tabulas
1731 3051 1832 3139 quasi
1854 3055 2037 3147 colligere,
2064 3081 2098 3141 et
2159 3075 2162 3084 ’

93 3163 154 3222 aut
176 3149 334 3242 quietem
356 3143 467 3213 ullam
491 3145 707 3228 concedunt,
734 3147 848 3213 donec
868 3145 996 3235 raptim
1013 3145 1075 3211 de·
1122 3139 1243 3208 ruinas
1269 3161 1332 3208 sun
1354 3141 1502 3234 quisque
1523 3141 1601 3213 loco
1622 3157 1656 3214 ct
1675 3148 1801 3218 ordine
1825 3176 1889 3242 pro
1913 3158 2009 3230 virili
2022 3187 2098 3236 sar.

95 3251 240 3336 messis,
268 3246 441 3335 congestis
461 3257 496 3314 et
516 3245 715 3336 importatis
738 3245 916 3333 frugibus,
943 3259 1078 3332 tempe·
1122 3239 2100 3338 cirequeant,clbcereque‚utlumeucoelestisdoctrinae

94 3365 228 3422 statum
259 3347 409 3417 iniurias
441 3359 475 3416 et
495 3345 699 3414 violentiam
725 3344 970 3414 antevertant?
1003 3342 1077 3413 Cur
1125 3353 1159 3410 ct
1172 3339 1316 3408 utilium
1331 3341 1461 3411 artium
1479 3363 1601 3413 rursus
1615 3346 1784 3420 excitetur
1804 3366 1839 3423 et
1862 3378 2100 3446 conservetur,

95 3477 163 3522 nos
185 3449 387 3526 stertimus,
413 3458 447 3515 et
470 3459 542 3516 tam
567 3444 721 3531 segniter
739 3443 854 3512 studia
877 3456 1077 3524 tractamus,
1222 3437 1326 3508 Hanc
1347 3442 1717 3516 commonefectionem
1734 3450 1778 3519 de
1795 3455 1979 3530 sedulitate
1998 3464 2034 3532 in
2051 3468 2099 3535 li-

94 3551 196 3646 quasi
233 3547 395 3640 polliceri
426 3543 532 3613 nobis
563 3543 672 3610 vitam
711 3537 934 3612 Mathusalae
973 3543 1077 3612 aetati
1123 3553 1281 3610 terarum
1295 3541 1432 3625 studio,
1454 3541 1613 3611 fortassis
1627 3546 1805 3639 aliquibus
1820 3553 2012 3647 insuavem,
2037 3569 2099 3638 sed

94 3650 282 3746 aequalem
303 3647 497 3739 possimus,
524 3655 564 3711 ut
584 3644 679 3734 quod
700 3637 768 3710 hoc
781 3665 875 3710 anno
889 3666 964 3712 non
983 3643 1078 3711 didi·
1124 3639 1272 3708 omnino
1297 3633 1365 3710 boc
1386 3641 1494 3709 nimis
1517 3643 1664 3714 delicato
1688 3659 1723 3716 et
1736 3651 1835 3720 molli
1851 3669 1884 3725 et
1897 3658 2098 3753 voluptario

95 3754 271 3834 terimus,
304 3745 532 3840 sequentibus
558 3742 661 3811 annis
684 3764 749 3811 nos
783 3763 962 3830 speremus
993 3742 1077 3811 satis
1123 3740 1241 3810 seculo
1276 3755 1397 3811 nostro
1439 3743 1687 3831 necessariam,
1728 3747 1816 3821 idco·
1846 3754 2099 3837 instituendam

94 3851 306 3944 tempestive
327 3842 601 3916 consecuturos?
632 3839 874 3935 Conqueritur
900 3843 943 3913 de
972 3842 1076 3912 unica
1124 3840 1230 3924 duxi,
1255 3840 1438 3933 quiscum
1466 3843 1511 3910 ds
1532 3841 1650 3914 Plinio
1671 3846 1805 3941 aliquid
1828 3855 2018 3934 dicendum
2041 3863 2100 3941 hie

94 3969 170 4026 arte
195 3950 342 4021 medica.
367 3944 530 4016 Medicus
554 3943 812 4015 eruditissimus
833 3939 1077 4035 Hippocrates,
1124 3953 1233 4025 esset,
1259 3941 1334 4009 eius
1357 3939 1567 4014 incredibile
1586 3947 1728 4016 sudium
1743 3965 1778 4021 et
1800 3961 1966 4048 temporis
1985 3972 2099 4060 parsi..

95 4053 307 4145 smpliorem
324 4071 399 4116 eam
418 4068 512 4136 esse,
537 4068 643 4139 quam
661 4067 751 4136 qnae
769 4043 807 4112 in
825 4038 994 4115 bacvitae
1009 4038 1079 4115 hu·
1123 4040 1243 4110 monia
1273 4036 1364 4110 mibi
1393 4063 1532 4112 causam
1557 4049 1736 4136 praebuit,
1762 4064 1802 4121 ut
1826 4049 1917 4128 hanc
1942 4067 2097 4140 nostram

94 4177 221 4226 manae
235 4150 407 4222 brevitate
422 4145 573 4233 perdisci
584 4158 698 4237 queat,
712 4168 792 4215 cum
808 4144 942 4239 inquit:
960 4139 979 4216 ὃ
995 4139 1079 4237 βίος
1124 4141 1318 4224 socordiam
1335 4143 1567 4234 deplorarem,
1591 4159 1720 4216 etcum
1736 4145 1999 4252 huiusautoris,
2023 4183 2098 4240 tum

37 4247 43 4256 ’
96 4248 264 4352 βραχὺς,
298 4242 362 4344 ἡδὲ
389 4244 500 4341 τέχνη
526 4239 670 4338 μακρὴ,
712 4239 801 4317 ddi
827 4240 955 4342 καιρὸς
984 4241 1078 4326 dtur.
1124 4243 1317 4334 superioris
1339 4244 1462 4314 aetatis
1482 4247 1641 4336 exemplo
1662 4271 1718 4318 me
1735 4255 1930 4330 etaliosad
1946 4267 2098 4357 diligen.

99 4357 198 4448 Quid
227 4377 295 4424 nos
316 4349 504 4432 faciemus,
529 4345 659 4440 quibus
684 4347 803 4436 plures
822 4359 913 4416 artes
935 4360 996 4416 aut
1017 4370 1078 4415 co-
1124 4345 1211 4414 tiam
1231 4344 1480 4424 exuscitarem,
1507 4344 1582 4415 siue
1602 4370 1671 4441 qua
1696 4351 1827 4424 virtute
1849 4355 1942 4430 nibil
1967 4366 2005 4434 in
2020 4371 2096 4442 ullo

98 4455 320 4548 gnoscendae
340 4463 401 4520 aut
422 4461 516 4517 certe
545 4447 800 4536 degustandae,
829 4458 863 4515 et
890 4469 1079 4536 propemo-
1125 4466 1250 4534 genere
1275 4447 1366 4518 vitae
1388 4443 1477 4512 effici
1501 4459 1561 4517 aut
1592 4454 1787 4540 comparari
1813 4455 1917 4530 laude
1949 4466 2098 4590 d'vrum

98 4561 184 4629 dum
212 4567 366 4648 quatuor
391 4549 533 4638 linguae
548 4545 735 4617 discendae
749 4547 856 4616 sunt?
880 4561 914 4616 et
931 4548 975 4616 ad
991 4539 1077 4615 baec
1124 4557 1255 4636 potest,
1281 4558 1314 4614 et
1328 4544 1611 4617 verissimedixit
1625 4545 1817 4626 Hesiodus:
1838 4557 1908 4632 alei
1921 4559 1960 4634 d'
1975 4559 2133 4663 αμβο.’
2201 4647 2204 4653 f

97 4661 169 4748 ipsa
186 4669 260 4725 tam
274 4653 372 4722 varia
387 4661 421 4720 et
431 4646 590 4721 diflicilia
603 4646 719 4716 studia
734 4662 931 4738 temporum
949 4642 1077 4716 horum
1126 4641 1266 4743 ttspydr
1281 4640 1376 4738 ἀνὴρ
1393 4641 1516 4716 ἄταισι
1535 4644 1690 4722 παλαίει.

99 4755 332 4834 infoelicitas,
359 4773 484 4843 parum
506 4747 774 4841 tranquillitatis
795 4771 999 4820 concessura
1022 4749 1077 4814 vi·
1224 4740 1302 4816 Oro
1322 4757 1438 4814 autem
1454 4743 1567 4816 Deum
1589 4764 1769 4822 aeternnm
1792 4771 1925 4848 patrem
1950 4765 2098 4846 Domini

98 4863 216 4932 detur.
268 4853 423 4925 Turcica
435 4849 551 4920 rabies
564 4860 741 4937 grassatur
755 4848 869 4917 indies
887 4862 921 4918 et
938 4847 1078 4936 longius
1124 4845 1236 4916 nostri
1251 4845 1329 4915 lesu
1345 4842 1498 4928 Christi,
1523 4861 1563 4917 ut
1583 4850 1658 4940 ipse
1678 4853 1717 4922 in
1736 4858 1839 4926 uobis
1859 4863 1984 4940 excitet
1997 4895 2097 4945 amo-

99 4973 131 5030 et
157 4955 318 5039 saevius,
344 4967 380 5025 et
397 4974 472 5021 non
494 4951 600 5020 modo
627 4947 803 5018 intestinis
826 4949 956 5019 nostris
972 4947 1079 5016 dissi·
1124 4968 1199 5014 rem
1220 4959 1251 5015 et
1274 4945 1431 5015 studium
1450 4952 1710 5036 cognoscendae
1723 4967 1757 5024 et
1773 4971 2018 5050 propagandae
2035 5001 2094 5047 ve-

100 5061 169 5131 diis
193 5056 386 5140 invitator,
419 5053 480 5122 sed
515 5044 705 5121 attrabitur
736 5048 840 5118 etiam
866 5045 1078 5119 foedissimis
1124 5045 1254 5130 citatis,
1284 5057 1320 5114 et
1342 5044 1552 5116 discentium
1575 5063 1693 5124 coctus
1721 5066 1757 5125 et
1780 5053 1866 5131 baec
1893 5061 2094 5144 scholarum

99 5150 595 5245 foederibusctpactionibus.
648 5147 692 5219 ln
707 5145 899 5218 Germanis
914 5161 1010 5217 tanta
1025 5162 1079 5220 est
1123 5142 1273 5238 hospitia
1289 5153 1798 5244 protegat,-et'praeceptores,
1820 5183 1909 5253 quos
1923 5167 2094 5258 singulari

99 5259 309 5349 Principum
327 5251 516 5336 dissensio,
534 5263 568 5320 et
584 5252 676 5321 inter
691 5249 784 5340 ipsos
799 5249 1014 5334 diffidentia,
1038 5261 1079 5319 ut
1124 5247 1280 5318 bonitate
1309 5248 1415 5316 nobis
1442 5248 1561 5317 fideles
1595 5255 1774 5342 praebuit,
1809 5261 1871 5334 diu
1902 5267 2096 5346 incolumes

101 5358 266 5434 homines
281 5353 519 5445 intelligentes
535 5346 628 5421 nibil
645 5349 754 5442 magis
772 5363 947 5435 metuant,
970 5371 1075 5442 quam
1124 5359 1315 5422 consecret.
1365 5347 1464 5420 Diri.

148 5442 333 5533 haurire
354 5459 461 5528 Orrn.
487 5455 571 5524 Ver..
582 5453 665 5524 XII.
1516 5448 1565 5523 18
