4696 5820
29 273 31 284 ’
108 303 170 379 aas
483 288 644 368 nucu.
679 285 754 364 ou
787 263 1335 364 cousrounnrronu
1371 276 1535 360 conr.
1569 281 1706 361 nuu.
1991 315 1994 330 ·
2035 288 2114 368 522

110 467 210 558 Quam
232 463 334 535 multi
363 462 488 536 stolidi
518 463 558 532 in
584 459 774 534 itineribus
802 460 1070 552 extinguuntur,
1122 448 1286 526 homines
1302 445 1456 546 cogitant
1469 477 1598 548 magna
1613 457 1741 530 scelera
1760 478 1844 544 esse,
1868 455 2113 535 violaretern·¹

107 570 160 640 ubi
169 565 321 638 Medicus
338 560 470 636 babere
484 587 560 634 non
575 574 736 656 possunt,
761 561 845 657 quia
862 560 955 633 nihil
970 561 1072 631 auxi·
1122 557 1180 646 pla
1196 550 1283 641 Dei,
1309 569 1346 626 et
1362 579 1439 626 aras
1454 552 1642 629 homiuum
1658 558 1823 631 manibus
1838 573 2035 636 extructasr'
2055 551 2104 637 tia

106 669 139 738 lii
157 689 327 760 opponere
349 680 517 759 possunt,
542 690 623 736 cum
645 665 765 736 locum
787 661 951 735 affectum
970 663 1072 752 igno-
1122 657 1228 746 longe
1249 657 1369 728 verius
1393 680 1519 748 magna
1542 661 1670 730 scelera
1693 683 1766 731 csse
1783 675 1995 750 statuamus,
2021 666 2103 736 viva

106 782 184 843 rent.
231 763 402 860 Exempla
419 769 531 840 multa
546 788 691 836 narrare
707 787 858 858 possem.
910 761 1071 836 Profecto
1120 754 1189 828 Dei
1213 759 1361 849 templa,
1382 757 1421 829 iu
1446 761 1577 854 quibus
1598 785 1679 831 vere
1701 760 1797 833 Deus
1819 758 1975 848 habitat,
2000 766 2104 852 lucet,

105 871 187 942 enim
205 869 306 938 valde
328 883 467 950 errant,
493 869 556 962 qui
580 863 673 936 nibil
696 867 864 936 interesse
885 864 980 936 inter
994 887 1071 946 mae
1121 872 1156 931 ct
1170 881 1207 928 se
1223 859 1346 950 generi
1357 855 1516 932 humano
1537 863 1882 949 ostendit,·violare.
1933 864 2102 938 Necessa-

29 981 30 986 ’
104 972 188 1040 rinos
201 971 361 1062 scopulos
375 983 411 1042 et
437 970 595 1041 membra
610 963 761 1038 humani
776 967 934 1058 corporis
951 964 1072 1036 existi·
1119 960 1172 1030 ria
1198 974 1251 1030 est
1274 972 1390 1030 autem
1408 963 1452 1032 ad
1470 985 1590 1036 curam
1608 965 1885 1036 conservationis
1899 969 2102 1040 considera·

104 1084 205 1157 mant,
229 1093 429 1142 uersuram
446 1070 555 1141 ullam
579 1069 732 1141 tuendae
748 1067 980 1152 valetudinis,
1005 1089 1071 1138 nec
1119 1062 1170 1132 tio
1192 1061 1453 1148 membrorum,
1483 1086 1523 1134 ac
1548 1078 1588 1135 ut
1606 1065 1800 1157 intelligas,
1831 1069 1917 1162 quid
1941 1066 2038 1140 Deus
2060 1070 2100 1140 in

103 1171 303 1263 diligentiam
320 1168 501 1244 adhibent.
551 1164 679 1241 Adfert
697 1166 765 1242 boc
780 1191 923 1263 quoque
937 1167 1071 1238 doctri·
1118 1162 1268 1252 singulis
1288 1159 1431 1254 proprie
1450 1178 1549 1254 agat,
1579 1189 1718 1238 necesse
1741 1181 1794 1240 est
1823 1193 1947 1242 corum
1973 1170 2099 1240 discri-

102 1296 139 1342 na
158 1272 366 1357 anatomica,
392 1284 435 1344 nt
460 1271 679 1356 consideres,
705 1294 809 1362 quam
835 1270 978 1361 fragiles
998 1268 1070 1340 sint
1118 1266 1340 1335 minanosse.
1391 1263 1527 1338 Lucent
1545 1266 1584 1334 in
1606 1269 1752 1339 cerebro
1775 1270 1946 1356 noticiae,
1971 1273 2098 1348 ardent
2180 1309 2186 1316 ·

29 1361 30 1366 ¹
101 1368 306 1446 machinulae
327 1373 485 1466 corporis
508 1368 675 1457 humani,
714 1371 906 1465 inquibus
930 1384 964 1440 et
988 1371 1068 1439 fons
1116 1365 1156 1434 in
1189 1367 1295 1436 corde
1325 1365 1466 1456 piorum
1488 1367 1679 1440 affectuum
1701 1369 1881 1458 flammae,
1913 1384 2098 1446 armantur

101 1485 145 1545 est
156 1475 241 1548 ritae
254 1486 293 1545 ct
305 1476 515 1567 praecipuae
523 1474 685 1551 ¹actiones
708 1472 817 1544 bunt:
843 1471 1068 1555 nutritiones,
1116 1466 1219 1537 nervi
1238 1479 1277 1538 ut
1297 1480 1439 1539 externa
1460 1469 1621 1539 membra
1643 1469 1775 1556 cicant,
1807 1465 1894 1544 haec
1918 1487 1958 1544 ut
1974 1474 2097 1568 aliquo

101 1587 201 1646 motus
221 1597 408 1656 sensuum,
442 1588 477 1646 et
504 1586 622 1645 motus
650 1573 795 1654 locales,
828 1572 1069 1662 cogitationes,
1116 1568 1223 1637 modo
1238 1569 1379 1664 agnosci
1403 1581 1438 1639 et
1463 1570 1614 1640 discerni
1631 1572 1783 1662 possint,
1807 1574 2049 1646 membrorum
2063 1591 2100 1650 ct

101 1689 129 1745 ct
139 1677 403 1752 recordationes.
430 1675 546 1764 Quam
561 1675 669 1744 molle
683 1688 734 1746 est
746 1674 952 1744 cerebrum?
971 1674 1066 1766 quod
1116 1669 1296 1740 actionum
1320 1669 1565 1756 distinctiones
1588 1673 1709 1766 aliquo
1729 1674 1834 1744 modo
1855 1675 1939 1748 sciri
1958 1699 2099 1748 necesse

29 1829 30 1832 ,
99 1789 200 1848 umen
221 1791 274 1848 est
296 1778 519 1848 domicilium
541 1776 776 1870 plurimarum
790 1787 825 1846 et
839 1775 990 1844 maxime
1003 1775 1067 1843 ad·
1118 1783 1181 1842 cst.
1234 1767 1377 1840 Diaide
1396 1774 2098 1850 curatuendaevaletudinismultobre-

98 1877 303 1949 mirabilium
327 1879 518 1952 actionum.
575 1875 648 1948 Cor
668 1877 734 1946 etsi
755 1891 893 1966 septum
916 1889 967 1946 est
990 1898 1067 1944 cer·
1115 1872 1215 1955 vius,
1239 1895 1346 1964 quam
1370 1893 1425 1941 res
1449 1875 1573 1966 poscit.
1624 1873 1730 1947 Nunc
1749 1889 1784 1948 et
1806 1877 1851 1948 de
1869 1877 1980 1950 altera
1996 1878 2097 1950 utili.

98 1977 135 2048 tis
150 1975 351 2064 Thalamis,
382 1991 500 2049 tamen
524 1979 581 2048 vel
605 1976 731 2066 exiguo
754 1972 869 2048 halitu
892 1988 1065 2047 venenato
1115 1983 1185 2042 tate
1200 1971 1335 2076 dicam,
1361 1998 1450 2066 quae
1465 1976 1508 2044 ad
1523 1997 1648 2046 omnes
1670 1973 1833 2048 homines
1853 1979 2026 2071 pertinet,
2049 1982 2097 2052 ad

98 2080 198 2155 subito
217 2081 373 2152 interfici
399 2093 524 2172 potest.
577 2077 725 2164 Polme,
750 2101 853 2168 epar,
886 2078 1067 2150 ventricu-
1116 2073 1212 2144 viros
1228 2086 1262 2143 et
1278 2072 1453 2148 mulieres.
1505 2073 1653 2148 Necesse
1668 2091 1720 2150 est
1731 2079 1852 2173 aliquo
1865 2082 1971 2152 modo
1987 2080 2098 2153 intel·

98 2178 158 2262 lus,
179 2182 293 2271 splen,
318 2205 426 2275 quam
445 2182 560 2251 varias
575 2194 611 2251 et
626 2179 839 2270 periculosas
853 2179 1065 2250 offensiones
1115 2175 1179 2264 ligi
1191 2174 1396 2244 discrimina
1414 2178 1650 2267 potentiarum
1667 2180 1825 2264 animae,
1850 2181 1893 2250 de
1916 2181 2046 2274 quibus
2061 2196 2097 2255 ct

29 2329 30 2374 3
97 2282 322 2370 experiuntur.
372 2280 472 2370 Quid
489 2282 673 2352 usitatius.
699 2305 806 2374 qoam
825 2281 983 2370 extingui
998 2276 1067 2350 bo-
1114 2274 1230 2346 Adam
1260 2277 1326 2345 snb
1354 2278 1541 2348 frondibus
1573 2281 1765 2372 pomiferae
1785 2281 1934 2352 alicarius
1958 2282 2096 2355 arboris

29 2381 30 2400 ¹
96 2380 193 2452 mines
213 2383 368 2454 lacerato
390 2395 508 2473 epate,
533 2407 614 2453 cum
644 2395 705 2452 aut
731 2383 770 2450 in
800 2397 898 2454 aestu
919 2382 1064 2452 avidius
1114 2376 1481 2448 sedenseoncionatus
1498 2394 1569 2464 cst,
1594 2381 1772 2472 explicans
1792 2381 1943 2455 dictum:
1969 2381 2046 2456 Sub
2061 2397 2107 2458 te·

95 2479 262 2571 biberunt,
305 2496 367 2556 aut
395 2483 531 2576 alioqui
560 2483 761 2575 plusculum
792 2483 1063 2572 ingurgitarunt.
1114 2481 1180 2550 erit
1196 2479 1372 2570 appetitus
1389 2492 1479 2554 tuus.
1531 2479 1722 2574 Nunquam
1738 2477 1803 2552 bac
1829 2483 1988 2554 doctrina
2012 2507 2095 2558 vera

97 2577 197 2668 Quam
212 2585 319 2656 facile
334 2599 550 2678 rumpuntur
563 2607 673 2654 venae
689 2595 724 2654 et
746 2583 872 2653 nerui?
1112 2577 1270 2650 Ecclesia
1292 2580 1424 2666 caruit,
1450 2583 1509 2652 sed
1537 2582 1623 2651 alias
1646 2583 1757 2673 magis
1773 2584 1859 2652 alias
1877 2586 1997 2654 minus
2011 2610 2095 2677 per-

182 2683 267 2755 Vidi
285 2685 471 2768 robustum
488 2686 763 2770 adolescentem,
789 2699 824 2756 et
845 2685 990 2776 quidem
1006 2684 1063 2754 in·
1113 2683 1232 2772 spicue
1250 2682 1377 2752 tradita
1391 2697 1453 2757 cst.
1503 2681 1608 2754 Nunc
1630 2707 1772 2778 quoque
1792 2684 1935 2770 videtis,
1960 2701 2094 2777 quauta

96 2785 183 2870 genio
199 2780 453 2878 praestantem,
473 2781 736 2858 vehementiore
754 2786 846 2856 saltu
855 2798 958 2877 rupta
973 2809 1064 2856 vena
1109 2785 1157 2882 xsit
1174 2782 1353 2854 insulsitas
1368 2785 1579 2869 multorum,
1607 2784 1670 2878 qui
1687 2810 1767 2858 cum
1783 2785 1972 2873 delibero,
1997 2786 2095 2858 arbi·

95 2883 127 2952 io
139 2900 274 2976 pectore
292 2889 407 2994 ⁸²²&
424 2887 594 2978 extingui.
634 2883 837 2979 Aspiciatur
853 2910 935 2978 ergo
951 2911 1064 2958 mem·
1112 2885 1182 2955 trio
1199 2883 1391 2973 disputant,
1417 2906 1491 2953 non
1517 2886 1723 2958 discernunt
1745 2887 1930 2979 potentias,
1955 2901 1990 2959 ct
2013 2911 2094 2960 rere

94 2982 221 3057 brorum
238 2987 431 3079 fragilitas,
456 3003 496 3060 ut
512 2989 696 3076 diligentia
720 2990 759 3090 ip
776 2989 879 3060 nobis
896 2988 1065 3060 excitetur
1112 2998 1194 3055 sunt
1208 2982 1287 3057 ὄνοι
1303 2981 1456 3083 ἄγοντες
1464 2980 1663 3083 μυστήρια,
1678 3011 1743 3058 nec
1758 3013 1841 3060 vero
1855 2989 2010 3062 discerni
2027 3016 2094 3083 po·

29 3167 30 3184 ξ
95 3092 279 3175 catucndi,
304 3090 499 3162 etvirtutss
514 3103 756 3177 assumantur,
780 3103 1063 3183 quaesuntmo·
1113 3087 1242 3158 tentiae
1276 3101 1442 3178 possunt,
1474 3089 1544 3158 nisi
1577 3091 1736 3161 membra
1768 3105 1802 3162 et
1833 3115 1956 3162 eorum
1978 3093 2100 3172 officia,

94 3187 213 3260 deratio
231 3192 273 3261 in
293 3191 392 3278 cibo,
417 3203 515 3282 potu,
537 3190 732 3276 laboribus,
755 3204 789 3260 ct
803 3191 971 3261 omnibus
985 3216 1062 3262 mo-
1113 3187 1272 3278 aspicias.
1323 3187 1605 3282 lnquitPaulos:
1632 3189 1765 3283 Impius
1782 3193 1940 3264 detincre
1962 3195 2094 3268 verita·

93 3287 204 3363 tibus.‘
234 3291 320 3364 Nou
336 3292 551 3363 contemnite
564 3292 700 3362 dictum
715 3289 831 3376 Pauli,
852 3293 948 3385 quod
964 3293 1064 3364 iubet
1113 3304 1182 3362 tem
1199 3289 1372 3380 captivam
1390 3290 1430 3358 in
1446 3291 1637 3375 iniustitia,
1660 3293 1698 3362 id
1725 3307 1796 3378 est,
1820 3317 1921 3365 veras
1944 3295 2095 3369 noticias

92 3410 205 3481 corpus
226 3389 368 3463 honore
390 3393 493 3466 affici.
544 3389 628 3464 Non
649 3405 788 3464 tantum
813 3393 928 3462 foveri
951 3393 1063 3480 iubet,
1112 3391 1152 3459 in
1177 3390 1343 3475 cerebro,
1376 3391 1506 3482 quibus
1533 3405 1649 3465 tamen
1681 3417 1743 3464 cor
1761 3417 1836 3466 non
1858 3397 2092 3488 obtemperat:

92 3491 289 3566 otfovemus
304 3496 473 3584 pecudes,
499 3495 561 3565 scd
579 3492 748 3585 praecipit
765 3492 878 3563 maius
893 3493 1062 3582 officium,
1112 3493 1212 3568 sedes
1227 3489 1335 3578 igitur
1349 3491 1501 3561 noticiae
1516 3495 1717 3585 quaerenda
1733 3509 1796 3580 est,
1821 3487 1985 3570 videlicet
1998 3521 2094 3568 cera-

90 3602 123 3659 ot
142 3617 289 3685 corpora
312 3609 433 3667 nostra
455 3591 592 3666 honore
616 3595 831 3675 afficiantur,
856 3588 971 3667 bonos
995 3617 1062 3667 au·
1111 3594 1236 3676 hrum,
1260 3592 1543 3682 recogitandum
1567 3606 1618 3664 est
1634 3594 1801 3664 noticiam
1825 3597 1864 3666 in
1880 3598 2023 3669 cerebro
2035 3599 2112 3668 lu·x

91 3702 150 3762 um
168 3697 382 3768 tribuendus
407 3711 459 3769 cst
481 3709 624 3789 propter
655 3718 739 3767 usus
768 3694 923 3766 divinos.
973 3693 1062 3767 Erat
1113 3716 1188 3764 cem
1204 3715 1297 3777 esse,
1322 3693 1470 3764 velutin
1485 3694 1597 3765 oculis
1611 3717 1672 3764 sua
1689 3699 1860 3788 quaedam
1874 3697 1937 3768 lux
1951 3710 2014 3768 cst.
2045 3697 2095 3771 Ut

90 3786 183 3866 homo
204 3810 289 3889 post
317 3797 530 3870 creationem
558 3810 640 3867 ante
671 3798 810 3887 lapsum
838 3797 1060 3867 domicilium
1111 3795 1223 3883 fulget
1245 3792 1285 3862 in
1299 3789 1448 3865 Davidis
1461 3795 1604 3868 cerebro
1619 3796 1767 3868 noticia:
1793 3819 1868 3869 nou
1882 3793 2094 3870 moechabe-

89 3886 163 3980 Dci,
184 3899 344 3990 fulgebat
367 3900 405 3968 in
428 3892 577 3969 bomine
593 3896 690 3968 Deus
705 3898 781 3988 ipse
795 3899 989 3968 accendens
1004 3899 1061 3968 lu·
1112 3896 1180 3982 ris,
1202 3907 1238 3967 at
1254 3917 1315 3965 cor
1330 3892 1417 3966 alibi
1431 3895 1639 3968 collocatum
1654 3900 1781 3970 ardeus
1799 3901 2000 3972 errantibus
2013 3925 2094 3972 mo·
2226 3963 2231 3984 ,

90 4016 171 4082 cem,
194 4023 265 4094 qna
283 4022 365 4069 vere
379 4000 651 4090 agnoscebatur,
677 4013 711 4070 et
724 3999 885 4070 flammas
901 3999 941 4069 in
955 4002 1061 4070 corde
1112 3996 1208 4068 tibus
1222 4019 1298 4066 non
1316 3998 1554 4090 obtemperat,
1578 4013 1613 4072 et
1627 3998 1725 4071 velut
1744 4013 1916 4094 tyrannus
1939 4003 2092 4074 noticiae

92 4113 271 4186 sparserat,
307 4124 397 4194 quae
419 4116 536 4170 meurs
558 4101 645 4172 tales
669 4101 829 4184 ciebant,
861 4102 976 4195 qualis
1009 4116 1062 4175 cst
1111 4111 1206 4170 recta
1228 4100 1391 4176 monenti
1411 4113 1603 4194 repugnat,
1620 4102 1730 4172 unde
1753 4101 1841 4172 alibi
1869 4117 1988 4174 manet
2008 4125 2091 4174 vera

90 4193 153 4284 ipse
171 4196 279 4275 Deos.
330 4199 409 4272 Etsi
439 4217 556 4272 autem
588 4201 753 4295 inlapsu
783 4196 840 4272 bis
862 4203 970 4274 tantis
994 4202 1061 4273 bo-
1113 4199 1303 4286 sententia,
1340 4198 1427 4276 alibi
1456 4200 1677 4291 recipiuntur
1707 4204 1882 4273 contraria
1915 4202 2091 4283 incendia.

90 4296 136 4366 nis
166 4302 284 4372 orbati
320 4325 461 4387 sumus,
499 4295 686 4372 tamenin
721 4304 807 4393 ipsis
841 4303 964 4394 primis
997 4326 1059 4394 pa·
1111 4299 1257 4372 Retinet
1281 4315 1400 4373 tamen
1422 4315 1567 4374 senatus
1587 4300 1627 4370 in
1649 4304 1793 4374 cerebro
1815 4298 2091 4374 baocautorita·

89 4401 236 4474 rentibus
261 4403 303 4472 in
327 4402 558 4475 conversione
570 4403 708 4475 restitui
725 4399 810 4474 haec
823 4404 918 4473 bona
935 4429 1060 4496 coepe·
1111 4415 1204 4487 tem,
1229 4412 1269 4472 ut
1289 4403 1408 4475 nervis
1430 4405 1598 4474 mandare
1621 4405 1751 4494 possit,
1783 4425 1829 4472 nc
1850 4417 2000 4498 tyranno
2023 4403 2091 4473 ob-
2120 4486 2123 4496 Ι

88 4512 177 4586 mnt,
201 4517 236 4573 et
252 4504 292 4572 bt
305 4503 398 4575 idem
425 4506 463 4574 in
483 4505 670 4587 omnibus,
696 4505 757 4597 qui
783 4527 864 4573 vere
883 4506 927 4573 ad
944 4504 1059 4577 Deum
1112 4516 1328 4595 temperent,
1368 4505 1429 4574 sed
1460 4527 1586 4574 manus
1614 4504 1838 4589 contineant,
1870 4528 1916 4574 ne
1938 4503 2089 4575 alienam
2147 4559 2152 4580 .

90 4617 347 4676 convertuntur.
399 4603 450 4677 Ut
464 4606 558 4676 blius
573 4605 641 4676 Dei
658 4595 767 4704 λόγος
778 4606 972 4699 alloquitur
986 4608 1060 4701 pri·
1112 4605 1296 4695 coniugem
1319 4605 1513 4694 attingant,
1542 4617 1584 4677 ut
1605 4627 1685 4676 cum
1708 4606 1806 4677 iubet
1819 4601 2008 4696 Cambyses
2031 4603 2091 4674 in·
2149 4623 2159 4650 ⁴

88 4719 154 4770 mos
166 4719 340 4794 parentes,
361 4720 397 4779 et
410 4707 654 4778 admirandam
668 4721 703 4777 et
719 4706 958 4778 dulcissimam
976 4733 1060 4801 pro·
1111 4706 1221 4776 terbci
1236 4703 1425 4792 Croesum,
1448 4701 1545 4777 hunc
1565 4719 1683 4776 tamen
1696 4705 1850 4776 ministri
1868 4705 2090 4778 abscondunt

88 4801 282 4875 missionem
305 4831 346 4877 ex
371 4808 453 4880 sinu
477 4809 611 4878 aeterni
629 4808 739 4900 patris
754 4809 905 4899 profert,
931 4823 964 4880 et
978 4834 1060 4880 rur·
1111 4820 1147 4878 et
1165 4821 1317 4882 servant.
1366 4803 1545 4900 Explicari
1561 4802 1647 4878 haec
1671 4804 1876 4876 discrimina
1898 4829 1972 4876 non
1996 4820 2116 4878 recte·

87 4921 136 4969 sus
156 4905 269 4997 fulget
289 4907 326 4976 in
351 4909 420 4988 eis,
454 4920 489 4977 et
516 4909 669 4981 effundit
694 4909 733 4978 in
762 4911 868 4980 corda
884 4909 1058 5003 Spiritum
1111 4921 1278 5002 possum,
1300 4907 1369 4980 nisi
1385 4912 1541 4984 membra
1556 4922 1727 4980 eteorum
1747 4905 1860 4976 officia
1883 4906 2096 4998 distinguas,

87 5019 252 5077 sanctum:
281 5008 327 5079 ita
352 5011 515 5080 conversi
533 5035 629 5081 rrunc
652 5033 793 5104 quoque
808 5025 893 5082 sunt
909 5014 1059 5084 domici·
1111 5032 1218 5103 quam
1237 5011 1281 5079 ad
1302 5033 1377 5080 rem
1393 5011 1532 5102 copiosa
1549 5009 1709 5081 doctrina
1727 5029 1817 5098 opus
1834 5020 1906 5092 est,
1932 5009 1976 5080 de
1992 5031 2090 5093 cerer

86 5097 163 5174 lium
178 5104 268 5193 Dei,
300 5123 333 5180 et
357 5134 505 5202 corpora
529 5125 648 5182 nostra
672 5126 755 5183 sunt
775 5134 906 5202 organa
928 5115 1058 5185 multa·
1111 5111 1196 5191 bro,
1222 5112 1350 5196 corde,
1375 5113 1514 5197 neruis,
1539 5110 1705 5198 gradibus
1728 5109 2005 5200 adpetitionum,
2029 5133 2090 5182 co·

86 5221 156 5272 rum
172 5209 420 5282 excellentium
439 5211 619 5281 actionum
637 5211 861 5297 divinarum,
885 5229 926 5286 ut
946 5215 984 5284 in
1000 5239 1058 5285 ca·
1110 5211 1298 5301 gitatione,
1323 5214 1413 5284 seria
1430 5211 1616 5296 electione,
1637 5207 1865 5307 προαιρέσει,
1891 5211 2089 5281 simulatio·

87 5301 190 5376 stitate
218 5320 255 5379 et
285 5324 357 5382 tota
388 5312 644 5402 gubernatione
674 5309 819 5406 loseph,
859 5327 894 5386 ct
915 5316 1058 5409 praeliis
1110 5336 1175 5396 ne,
1202 5313 1245 5382 de
1266 5314 1370 5400 dolo,
1394 5313 1439 5384 de
1460 5313 1581 5403 culpa,
1605 5313 1650 5382 de
1674 5313 1853 5384 actionum
1870 5311 1998 5382 causis:
2025 5305 2090 5380 ba·

85 5395 221 5478 Davidis
243 5422 280 5479 et
302 5411 490 5484 similibus.
542 5409 590 5484 Ut
610 5425 729 5484 autem
750 5437 879 5510 'omnes
907 5417 1056 5491 modesti
1109 5437 1190 5486 rum
1212 5437 1338 5498 rerum
1358 5414 1672 5487 considerationem
1696 5413 1734 5486 in
1761 5414 1835 5484 rita
1858 5409 2088 5482 necessariam

126 5507 302 5580 Macares.
327 5517 431 5589 Orrn.
452 5517 541 5614 Vos.
554 5515 634 5586 XII.
1484 5520 1489 5530 ’
1528 5519 1575 5589 21

1353 5677 1358 5686 ⁵
1415 5723 1541 5792 Α
