4606 5822
72 1881 75 1900 1
173 1901 177 1904 ’
258 1925 477 1996 mentorum,
497 1908 536 1976 in
552 1929 623 1999 quo
639 1897 923 1986 coetubliusllei
937 1921 1000 1988 per
1014 1895 1250 1966 ministerium

242 214 317 296 635
412 187 414 190 ’
790 181 793 187 ’
1018 193 1507 280 DISPUTATIONES
1692 271 1701 285 .
2109 285 2112 292 ,
2190 212 2255 290 ιιι

348 385 386 464 b.
417 378 497 460 Etsi
510 391 627 456 autem
644 373 778 472 species
789 365 969 446 Ecclesiae
984 369 1089 444 valde
1104 384 1240 444 moesta
1289 373 1395 448 ssatus
1411 373 1554 448 divinos
1568 373 1645 448 lieri
1658 371 1737 450 sine
1751 401 1838 450 voce
1853 393 1889 454 et
1904 377 2114 474 cogitatione
2132 385 2257 480 scriptae

246 507 322 579 est,
350 509 471 566 tamen
493 499 528 557 et
551 501 779 578 quaeramus,
804 497 896 570 quae
919 474 965 546 sit
987 470 1145 546 Ecclesia
1160 470 1241 554 Dei,
1291 476 1489 552 doctrinae.
1964 489 1968 512 ,

253 615 289 670 et
302 596 368 670 ubl
388 593 452 678 ⁸122
486 578 999 661 ²1⁸⁰l³m⁰⁸²⁸⁸⁸lmm⁰²⁸m
1020 576 1240 648 V⁰¹¹¹¹¹¹²l⁰m
1393 593 1431 668 9.
1465 592 1540 666 Nec
1555 597 1716 668 membra
1739 612 1824 670 sunt
1846 595 2025 674 Ecclesiae
2039 598 2108 673 Dei
2122 599 2257 696 Papistae

253 699 343 785 Dei,
367 708 408 767 ut
424 689 557 782 singuli
575 707 644 758 nos
661 684 702 754 in
724 703 804 754 eam
825 678 1183 797 similiipvocatioue
1207 688 1242 748 el
1292 695 1521 789 pertinaciter
1534 697 1763 774 defendentes
1777 700 1887 788 idola,
1914 727 2067 797 quorum
2081 706 2258 775 multicor-

253 779 1243 874 contessioneincludamuoeteamd1l¹eamu³‚1u¹¹²
1293 813 1348 871 trs
1380 799 1633 870 conscientiam
1664 815 1888 876 assentantur
1917 805 2141 899 potentibus,
2175 810 2258 878 multi

255 905 411 975 dictumt
434 894 572 986 Rogata
588 911 679 984 quae
694 888 739 957 ad
754 905 875 978 pacem
890 894 974 951 sunt
989 878 1192 998 ierusalem:
1294 900 1456 970 fascinati
1471 923 1533 970 sua
1550 900 1742 994 sapientia,
1769 906 1901 976 nolunt
1918 908 2142 978 considerare
2163 909 2258 978 mani-

355 999 393 1073 4.
423 995 514 1067 Vult
525 993 622 1066 Deus
641 985 797 1080 conspici
820 995 854 1103 pt
876 983 1036 1055 exaudrn
1049 979 1244 1062 Ecclesiam
1295 1003 1380 1072 testa
1403 1003 1603 1072 testimonia
1628 1004 1749 1075 diviua
1774 1005 1813 1074 in
1837 1009 1976 1100 scriptis
2007 1006 2213 1101 propheticis
2235 1025 2259 1080 ct

254 1107 296 1176 in
311 1123 438 1196 genere
452 1093 632 1182 humano,
659 1090 748 1180 ⁵1⁰}st
762 1097 932 1176 εει’Ψῑῡῐη
947 1095 1016 1158 ⁰⁵¹²
1043 1079 1088 1153 1¹¹
1101 1107 1245 1202 ⁰¹¹¹‚¹¹²¹¹¹
1296 1103 1497 1192 apostolicis
1531 1105 1672 1179 tradita.
1735 1101 1784 1178 Et
1814 1109 1882 1180 sibi
1911 1121 2111 1203 praetextus
2138 1111 2260 1200 lingunt,

254 1222 388 1280 terram
419 1198 528 1270 exivit
557 1214 665 1266 sonus
691 1213 827 1261 ⁸0fflm·
885 1183 934 1298 El
960 1185 1108 1305 ῐζθὼὼῑ
1135 1205 1246 1276 818118,
1298 1207 1422 1276 dicunt
1453 1205 1582 1298 scripta
1605 1201 1810 1299 prophetica
1840 1224 1875 1282 et
1908 1213 2101 1304 apostolica
2121 1213 2259 1300 ambigua

255 1329 321 1402 per
334 1325 423 1400 quae
438 1296 581 1391 agnosci
594 1305 718 1386 potest,
742 1312 832 1384 quae
846 1302 931 1360 ‘⁰¹1¹
945 1300 1025 1378 ῑῐιὸι
1048 1311 1116 1358 ΨΜ
1125 1281 1246 1358 Elim·
1298 1329 1389 1390 esse,
1428 1307 1636 1377 sumendam
1661 1310 1989 1402 interpretationem
2023 1339 2065 1384 ex
2100 1315 2260 1384 autoritate

257 1408 343 1502 gelli
366 1405 592 1490 incorrupta·
625 1394 805 1486 stillim
826 1387 1248 1474 ⁰⁸⁰⁸S³i¹⁵³¹¹¹ffll⁰¹¹¹ffls
1298 1406 1527 1494 Pontificum,
1570 1409 1680 1479 utin
1710 1410 1854 1483 iudiciis
1882 1416 2068 1503 civilibus,
2108 1415 2198 1504 regia
2219 1415 2258 1484 vel

257 1526 294 1582 et
320 1501 522 1580 obedientia
545 1497 663 1570 debita
684 1492 893 1564 ministerio.
961 1487 1045 1562 ldeo
1070 1490 1247 1607 visibilem
1299 1509 1473 1602 pastoria
1488 1510 1657 1582 amorim
1672 1512 1906 1608 estimerpm
1922 1517 2049 1608 legum·

255 1607 453 1683 Ecclesiam
468 1602 509 1673 iu
525 1597 592 1672 hac
607 1598 680 1668 vita
695 1595 745 1668 sic
761 1595 961 1666 definimus.
1018 1587 1176 1664 Ecclesia
1193 1616 1247 1659 ιι.

258 1712 373 1786 sibilis
387 1721 439 1779 est
449 1716 570 1776 coetus
579 1695 865 1792 amplectentium
879 1694 1120 1786 incorruptam
1128 1689 1250 1764 Evan-

259 1813 343 1904 gelii
359 1808 577 1889 doctrinam,
602 1817 637 1875 et
652 1795 787 1872 habens
802 1797 999 1886 legitimum
1012 1819 1115 1866 usum
1125 1793 1250 1866 Sacra-

1403 1645 1462 1717 10.
1489 1641 1660 1716 Tenenda
1675 1660 1726 1718 est
1740 1649 1879 1738 regula:
1907 1649 2042 1746 Siquis
2059 1654 2155 1724 aliud
2167 1649 2258 1724 Evan-

1302 1745 1432 1837 gelium
1450 1747 1571 1831 docet,
1597 1743 1783 1824 anathema
1797 1751 1856 1821 sit.
1895 1747 1986 1823 Cum
2005 1753 2257 1845 igiturPapistae

1302 1849 1433 1916 multos
1447 1869 1592 1938 magnos
1614 1873 1749 1920 errores
1774 1867 1897 1925 contra
1918 1855 2105 1926 manifesta
2129 1857 2258 1926 testimo·

1302 1949 1362 2019 uia
1378 1945 1563 2040 Evangelii
1588 1964 1624 2020 ει
1647 1951 1889 2047 symbolorum
1915 1957 2128 2040 defendant,
2150 1979 2258 2025 neccsse

1304 2063 1353 2120 est
1373 2049 1482 2120 abeis
1499 2051 1685 2123 dissentire
1702 2067 1735 2123 ει
1750 2054 1938 2128 discedere.
1991 2055 2066 2146 Qui
2088 2059 2156 2128 sint
2170 2071 2259 2126 auten

1304 2174 1438 2222 errores
1462 2153 1643 2244 papistici,
1669 2156 1841 2226 confessio
1859 2159 2059 2229 communis
2080 2153 2196 2228 harum
2208 2155 2259 2228 Et·

1304 2254 1489 2324 elesiarum
1505 2253 1678 2338 ostendit,
1703 2258 1872 2349 adquam
1893 2283 1959 2328 nos
1980 2259 2176 2342 referimus,
2198 2259 2259 2350 quia

1304 2365 1418 2424 totum
1435 2377 1563 2445 corpus
1580 2354 1761 2426 doetrinae
1780 2360 1966 2449 complecti
1981 2363 2147 2434 docentes
2164 2363 2193 2428 in
2206 2355 2259 2427 Ec·

1306 2455 1409 2524 clesia
1427 2469 1574 2548 oportet.
1610 2455 1684 2528 Nec
1697 2459 1781 2530 setis
1797 2473 1848 2530 est
1860 2483 2044 2553 excerpere
2060 2485 2167 2534 unum
2180 2473 2259 2550 atquc

1307 2557 1455 2628 alterum
1478 2557 1697 2644 membrum,
1722 2562 1817 2653 quod
1835 2562 2077 2654 plausibiliter
2091 2563 2259 2651 exagitetur,

1307 2672 1342 2730 et
1372 2658 1411 2726 in
1441 2660 1603 2743 caeteris,
1638 2673 1750 2730 astute
1783 2665 1960 2734 occultare
1989 2665 2209 2746 sententiam,
2232 2673 2258 2728 ιι

1307 2759 1498 2832 Stencarus
1521 2775 1555 2832 ει
1576 2761 1678 2833 multi
1702 2783 1847 2834 ercornes
1872 2764 2019 2840 faciunt.
2088 2766 2195 2836 Facile
2217 2773 2257 2838 etl

1307 2863 1425 2954 inquit
1439 2860 1701 2945 Nazianzenus,
1725 2861 2002 2956 reprehendere,
2028 2871 2091 2940 sed
2116 2879 2199 2936 recta
2215 2865 2257 2932 do-

1305 2987 1385 3034 cere
1401 2963 1563 3048 difficile,
1587 2961 1941 3040 sicutDemosthenes
1958 2968 2097 3062 inquit:
2123 2967 2256 3056 ἐπιτιμᾶν

1308 3061 1447 3146 παντὸς
1462 3059 1538 3136 ἐστὶ
1545 3115 1557 3148 ,
1581 3059 1852 3160 συμβουλεύειν
1866 3062 1907 3140 δὲ
1922 3066 1968 3142 οὐ
1981 3066 2133 3150 παντὸς.

259 2011 451 2106 Evangelii
466 2023 561 2081 certo
583 2017 635 2075 est
655 2002 794 2084 efficax,
819 2014 855 2071 et
876 1999 917 2068 in
941 1997 1062 2068 multis
1083 1997 1251 2068 noticiam

261 2115 398 2189 aeterni
427 2111 539 2205 patris
566 2103 746 2188 accendit,
785 2102 847 2194 qni
870 2101 1021 2171 credunt
1047 2120 1084 2168 se
1109 2110 1252 2190 propter

260 2219 376 2290 tilium
393 2211 524 2306 recipi,
559 2225 594 2282 et
609 2229 668 2278 eos
682 2202 874 2274 sanctificat
890 2199 1028 2292 Spiritu
1044 2222 1106 2270 suo
1122 2211 1254 2282 sancto,

263 2327 442 2393 et'tamen
464 2311 610 2386 suntin
635 2309 759 2378 eodem
781 2314 883 2373 coetu
907 2302 1013 2372 multi
1031 2325 1107 2370 non
1132 2301 1254 2384 sancti,

261 2421 324 2491 sed
349 2421 395 2488 de
416 2415 578 2488 doctrina
602 2407 873 2481 consentientes.
938 2401 999 2476 Sic
1028 2404 1073 2472 de
1094 2398 1253 2474 Ecclesia

262 2520 425 2615 loquitur
439 2515 618 2588 Dominus
635 2511 674 2579 in
690 2503 998 2590 similitudinibus,
1023 2500 1154 2578 Mattb.
1171 2505 1229 2575 lb.

367 2616 405 2696 5.
445 2616 523 2688 Ηιε
545 2612 753 2686 delinitione
778 2605 993 2690 confirmati,
1029 2604 1160 2675 scimus
1186 2605 1257 2674 im-

263 2721 435 2821 possibile
455 2711 817 2792 esseMahometicam
836 2706 1025 2778 colluviem
1044 2728 1117 2776 esse
1132 2703 1256 2778 Eccle-

264 2829 354 2897 siam
368 2822 463 2908 Dei,
479 2838 683 2914 quanquam
705 2826 740 2884 ει
760 2832 886 2899 magua
911 2820 981 2893 est,
1004 2819 1038 2876 ει
1064 2802 1172 2878 habet
1191 2831 1257 2897 po·

262 2925 462 3001 tentissime
479 2919 639 3012 imperia.
691 2913 786 3003 Quia
800 2909 1020 3002 impossihile
1034 2923 1086 2981 est
1100 2931 1172 2980 csse
1187 2907 1257 2991 Ec-

242 3028 411 3100 ·clesiam
424 3023 494 3097 Dei
514 3044 592 3104 eos,
627 3017 690 3111 qui
712 3018 867 3084 fatentur
889 3033 926 3082 se
940 3007 1200 3101 Prophetarum
1223 3022 1258 3079 et

266 3129 523 3221 Apostolorum
545 3122 657 3190 libros
679 3140 744 3186 nec
768 3116 901 3203 legere,
934 3135 1000 3180 nec
1022 3112 1192 3202 probare,
1224 3122 1257 3180 ει

265 3231 386 3324 palam
401 3222 624 3296 contendunt
642 3220 681 3287 in
695 3213 764 3286 hoc
782 3211 806 3282 I
813 3235 911 3293 ests,
943 3212 1008 3304 qui
1024 3212 1258 3306 ierosolymae
1413 3201 1471 3270 1¹.
1500 3197 1704 3292 Utrumque
1717 3199 1793 3271 vult
1810 3199 1943 3272 Paulus
1964 3205 2146 3274 doctorem
2168 3203 2256 3272 lacero

254 3329 457 3402 crucifixus
471 3336 573 3394 estet
588 3344 631 3392 er
644 3331 758 3390 morte
775 3315 920 3401 revixit,
944 3325 1083 3385 tantum
1099 3337 1172 3384 esse
1193 3337 1258 3382 ua.
1308 3313 1348 3368 ut
1373 3300 1414 3369 ad
1440 3299 1565 3371 Titum
1587 3301 1725 3371 scribit:
1766 3297 1990 3396 ἀντέχεσθαι
2012 3310 2083 3377 τοῦ
2108 3299 2196 3376 κατὰ
2212 3294 2256 3386 τὴν

268 3449 384 3504 turam
399 3424 609 3510 humanam,
635 3435 671 3492 et
690 3419 829 3498 rident,
852 3429 1023 3510 tanquam
1037 3415 1193 3496 fabulas,
1220 3439 1259 3484 ea
1309 3397 1469 3494 διδαχὴν
1495 3406 1628 3474 πιστοῦ
1653 3395 1785 3501 λόγου,
1824 3399 1888 3474 καὶ
1919 3402 2007 3486 τοὺς
2038 3403 2258 3501 ἀντιλέγονται

267 3557 360 3629 quae
373 3531 619 3608 adfirmamus,
645 3526 689 3593 de
709 3541 860 3613 persona
884 3518 990 3588 missa
1004 3519 1049 3586 ad
1065 3515 1257 3586 Ecclesiam
1310 3502 1479 3601 ἐλέγχειν.
1530 3501 1770 3574 Adfirmamus
1789 3503 1898 3593 igitur
1912 3530 1978 3578 nos
1992 3510 2037 3577 de
2053 3521 2130 3579 toto
2150 3519 2257 3592 corport

267 3639 314 3707 ab
328 3633 451 3718 initio,
478 3629 565 3700 item
589 3628 634 3696 de
655 3619 771 3695 hostia
791 3643 857 3712 pro
872 3641 1001 3709 genere
1014 3613 1192 3700 humano,
1225 3629 1260 3685 et
1310 3603 1492 3674 doctrinae
1514 3605 1679 3696 amplecti
1700 3605 1828 3694 scripta
1850 3604 2059 3701 prophetica
2092 3623 2126 3679 et
2153 3613 2257 3714 aposto

270 3742 315 3807 de
331 3731 468 3807 iusticia
486 3726 581 3803 fidei.
829 3753 834 3761 ¹
1310 3705 1395 3791 lica,
1420 3720 1454 3776 et
1468 3707 1611 3800 quidem
1630 3707 1668 3774 in
1684 3730 1723 3775 es
1740 3711 1932 3793 sententia,
1965 3734 2056 3804 quac
2075 3712 2113 3778 in
2128 3700 2258 3801 symbola

359 3837 410 3910 d.
440 3829 490 3904 Et
502 3825 720 3920 impossibile
736 3837 788 3893 est
809 3827 882 3892 esse
905 3819 1065 3891 membra
1080 3813 1259 3892 Ecclesiae
1311 3829 1471 3899 expressa
1487 3820 1559 3893 est,
1591 3822 1737 3901 ecquae
1759 3809 1931 3881 recitatur
1948 3813 1985 3880 in
2007 3807 2184 3881 communi
2201 3823 2257 3918 cop·

270 3935 342 4012 Dei
363 3935 452 4006 alios
475 3929 638 4002 similiter
661 3923 935 3996 contumeliosos
957 3923 1125 3991 adversus
1146 3920 1272 3990 ῆιὶυιιι
1309 3909 1461 3980 sessione
1476 3909 1570 3982 edita
1585 3932 1667 3980 cum
1689 3909 2010 4001 subscriptionibus
2034 3910 2221 3984 docentium
2234 3919 2258 4014 ¹·ss

270 4037 370 4123 Det:
396 4033 518 4130 quales
537 4028 643 4101 multi
663 4037 702 4096 et·
719 4035 804 4094 sunt
827 4035 861 4094 et
884 4036 1010 4107 erunt,
1038 4033 1079 4093 ut
1095 4019 1260 4116 Servetus
1311 4005 1377 4085 1¹³ss
1391 4008 1548 4080 Εΰῦῐιὶῦῖ11
1566 4024 1600 4080 el
1616 4009 1759 4096 viduit,
1785 4023 1821 4082 et
1837 4016 2033 4086 contrarias
2047 4027 2154 4086 sectas
2167 4021 2195 4078 ct
2207 4025 2258 4092 opt·

270 4155 308 4211 et
330 4139 458 4210 Petrus
482 4131 625 4227 Couyaa
648 4126 842 4211 Lituanus,
882 4121 965 4218 quia
993 4123 1164 4214 scriptum
1193 4134 1260 4194 est:
1311 4110 1437 4182 nlontt
1450 4111 1639 4182 relicimus.

271 4241 347 4332 Qui
363 4262 438 4310 uon
452 4233 607 4309 honorat
623 4229 757 4313 lilium,
782 4249 857 4298 non
871 4221 1026 4297 honorat
1043 4238 1189 4314 patrem.
1417 4230 1475 4300 12.
1506 4227 1586 4298 Non
1603 4241 1654 4299 est
1675 4230 1818 4326 alligata
1832 4225 1991 4300 Ecclesia
2012 4233 2057 4300 ad
2080 4223 2258 4303 ordinariam

373 4338 410 4414 7.
442 4336 564 4410 Maior
584 4327 792 4404 Thammcri
811 4328 928 4399 rabies
953 4337 1022 4411 est,
1048 4325 1110 4419 qui
1129 4347 1261 4397 nomeu
1312 4327 1575 4402 successionem
1599 4325 1878 4424 Episcopum,
1904 4333 1965 4400 sed
1987 4333 2031 4403 ad
2054 4325 2259 4420 Evangeliuffl·

270 4443 339 4516 filii
359 4439 427 4516 Dei
458 4451 493 4511 et
514 4436 670 4529 Spiritus
685 4431 797 4502 sancti
819 4429 1047 4501 transformat
1068 4427 1105 4496 iu
1128 4428 1261 4516 allego·
1313 4430 1368 4502 lbi
1383 4445 1434 4503 est
1449 4427 1606 4503 Ecclesia
1624 4431 1708 4519 Dei,
1733 4435 1798 4504 ubi
1811 4456 1879 4503 vox
1897 4427 2084 4523 Evangelii
2108 4447 2155 4504 est
2174 4430 2258 4498 incor-

271 4549 362 4630 rias,
386 4540 536 4637 perinde
556 4560 597 4608 ac
617 4535 648 4606 si
663 4532 812 4604 llesiodi
837 4528 1064 4620 theogeniam
1086 4530 1261 4620 interpre·
1312 4548 1429 4626 rupta,
1444 4535 1540 4604 iuxta
1556 4535 1708 4606 dictum:
1735 4531 1835 4605 Oves
1849 4557 1947 4624 meap
1965 4559 2088 4605 vocem
2105 4553 2205 4604 meam
2217 4543 2258 4590 ιι·

272 4661 426 4727 tacetur,
463 4655 497 4713 et
524 4638 609 4711 lacit
628 4635 842 4723 religionum
874 4631 1117 4715 confusiones,
1160 4629 1262 4724 quasi
1313 4634 1428 4704 diunt.
1475 4630 1523 4705 Ee
1546 4635 1732 4706 manifeste
1761 4635 1894 4706 dieitur
1923 4650 2048 4708 comm
2077 4627 2259 4725 blasphemos

273 4763 395 4838 gentes
409 4745 552 4837 ignarae
560 4735 768 4826 Evangelii,
791 4757 929 4827 semper
946 4746 981 4804 et
994 4733 1128 4804 luerint
1141 4746 1176 4804 et
1191 4732 1264 4802 sint
1312 4737 1479 4806 iactantes
1498 4737 1721 4808 ordinarium
1744 4735 2019 4808 successionem:
2046 4737 2118 4808 Vos
2138 4757 2174 4804 er
2192 4735 2259 4820 patre

271 4843 430 4918 Ecclesia
453 4845 540 4930 Dei,
562 4839 646 4935 quis
668 4833 851 4908 Christum
872 4835 1013 4916 norint,
1039 4833 1076 4904 id
1101 4848 1171 4919 est,
1196 4833 1264 4904 ali·
1313 4835 1469 4909 Diabolo
1483 4838 1579 4913 estis.
1622 4837 1837 4930 Quanquam
1853 4859 1984 4908 nomen
2003 4836 2193 4910 ordinariae
2206 4841 2260 4936 sof-

274 4971 382 5044 quam
396 4944 550 5018 habeant
569 4941 657 5032 legis
677 4937 857 5011 noticiam.
905 4933 1011 5006 Hanc
1032 4935 1128 5006 enim
1151 4935 1264 5007 inter·
1314 4939 1484 5010 cessionis
1498 4934 1593 5010 nihil
1608 4953 1670 5024 est,
1690 4938 1760 5009 nisi
1776 4941 1902 5033 σχῆμα
1916 4933 2042 5038 λόγου,
2059 4963 2136 5012 mm
2149 4929 2258 5036 collegpa

230 5117 235 5126 .
273 5061 434 5145 pretatur
447 5069 521 5118 ⁰⁸⁸0
533 5039 735 5122 Christum,
760 5038 967 5131 sapientiam
979 5036 1062 5112 Dei.
1315 5041 1387 5111 sint
1399 5042 1476 5112 sine
1493 5040 1650 5135 antiquis
1663 5041 1918 5123 monumentis,
1942 5043 2020 5112 sine
2033 5040 2151 5115 studiis
2162 5035 2259 5104 docto·

377 5149 415 5225 8.
467 5145 606 5218 lnterca
638 5158 676 5216 et
708 5137 1009 5216 Stenckelcldiani
1041 5132 1267 5230 blasphemas
1316 5165 1383 5212 nae
1397 5142 1593 5235 etpietatis‚
1613 5141 1691 5212 sine
1707 5142 1863 5234 legitima
1878 5143 2061 5232 electione,
2078 5137 2259 5240 similiaco]-

274 5254 470 5326 cantileuas
490 5249 621 5326 edunt,
649 5245 689 5314 in
710 5244 842 5338 quibus
861 5255 903 5314 ut
921 5240 1038 5312 inciae
1058 5239 1266 5324 diabolicae,
1317 5257 1501 5314 taurorum
1524 5244 1748 5316 exercitibus.
1796 5241 1950 5315 Basilius
1972 5245 2039 5332 ait,
2070 5269 2106 5316 se
2126 5221 2258 5314 Eccsetstt

273 5369 425 5442 canunt,
449 5345 544 5424 nibil
559 5367 649 5440 opus
662 5367 736 5418 esse
749 5344 948 5417 ministerio
962 5340 1184 5434 evangelico,
1203 5342 1268 5412 ad·
1318 5345 1522 5439 praecipuas
1546 5346 1696 5428 adiisse,
1734 5361 1776 5417 ut
1797 5346 1999 5420 testimonia
2021 5361 2057 5421 ει
2075 5333 2257 5418 monunculi
