4706 5818
91 253 173 330 aaa
670 254 701 334 ι.
744 249 1311 336 cunonrconcamonrs.
1363 252 1570 352 consta·
1682 205 1684 210 ’
1929 347 1930 358 Ν
2056 275 2133 355 aaa

30 493 31 496 ,
97 431 225 500 lectum
243 425 441 517 praetorio,
464 427 527 520 qni
544 440 648 502 sartor
663 429 778 503 fuerat
793 425 1088 502 oecisCommodi
1241 419 1461 498 Postremam
1479 432 1737 522 expeditionem
1750 436 1905 514 &vertas
1918 443 1960 514 in
1975 444 2124 521 Britan·

97 525 350 604 etPertinacis.
400 527 537 601 ludicia
553 529 731 611 restituit,¹
755 541 791 602 et
814 550 898 621 pace
922 528 960 599 in
978 523 1087 598 Occi·
1140 522 1237 594 niam
1264 528 1435 618 suscepit,
1461 532 1523 602 ubi
1550 549 1711 608 mortuus
1736 555 1788 612 est
1803 537 1969 618 Eboraci.
2025 548 2124 624 Vixit

94 634 202 702 dente
217 628 430 711 constituta,
456 630 495 700 in
510 626 699 702 Orientem
720 630 901 722 proiectus
925 643 978 700 eet
999 651 1088 699 con·
1139 647 1253 696 annos
1270 629 1635 728 octogintaquinque,
1654 661 1792 710 menses
1808 667 1947 732 novem,
1973 651 2049 720 dies
2067 655 2122 724 vi.

96 745 148 802 tra
169 727 380 800 Pesceninm
402 729 571 819 Nigrum,
612 731 677 826 qni
707 755 727 802 a
755 730 902 825 Syriaco
931 731 1085 804 exercito
1137 726 1228 814 ginti
1262 727 1433 820 quinque.
1492 731 1694 808 Morituros
1721 743 1912 834 deplorans
1945 742 2121 826 humanas

93 832 288 922 imperator
302 831 501 921 adpellatus
516 844 602 905 erat.
636 829 727 904 Cum
745 826 930 905 hocvetus
946 833 978 902 ei
995 831 1085 900 ami·
1138 827 1296 896 miserias
1318 829 1425 900 dixit:
1460 825 1602 906 Omnia
1616 837 1705 936 sui,
1734 849 1767 912 et
1790 838 1895 919 nihil
1914 843 2014 921 mihi
2030 875 2119 948 prn-

95 931 173 1004 citia
194 930 235 1000 in
251 930 371 1004 Gallia
390 931 521 1006 luerat:
546 946 673 1026 elnon
695 933 809 1004 deluit
831 931 1083 1005 virtusPesce-
1136 921 1215 996 dest
1224 953 1232 996 ι
1257 919 1397 1002 Πάντα
1425 927 1630 1030 ἐγενόμην,
1668 937 1733 1014 καὶ
1761 940 1875 1020 οὐδὲν
1903 947 1987 1041 ἐμοὶ
2014 957 2118 1028 λυσι-

94 1033 164 1104 nio.
218 1031 316 1104 Vicit
330 1047 446 1104 autern
464 1033 579 1106 tribue
597 1033 736 1124 magnis
760 1034 903 1125 praeliis
919 1032 1083 1105 Severus.
1133 1030 1238 1100 nelei.
1584 1107 1591 1118 .

93 1131 212 1204 Primo
233 1135 279 1206 ad
294 1131 472 1228 Cizycum.
521 1131 663 1206 Deinde
686 1137 730 1208 sd
745 1133 902 1209 Nicearn.
954 1133 1081 1205 Tertio
1185 1206 1188 1215 ,
1235 1142 1339 1216 Filiia
1367 1148 1464 1220 misit
1494 1151 1679 1243 legendam
1703 1157 1876 1254 Micipsae
1906 1171 2103 1245 orationem
2229 1157 2233 1166 ¹

94 1238 135 1306 ad
155 1233 270 1306 luum
289 1235 328 1306 in
345 1234 491 1320 Cilicia,
517 1236 582 1307 ubi
597 1233 749 1307 Darium
765 1235 851 1307 vicit
866 1231 1081 1310 Alexander.
1131 1268 1222 1338 quae
1236 1259 1329 1317 extat
1346 1253 1441 1338 apud
1460 1249 1667 1340 Salustium,
1693 1259 1817 1354 inqua
1835 1261 1921 1339 baec
1936 1287 2020 1344 sunt
2034 1231 2117 1346 ver-²
2198 1285 2201 1290 '

91 1332 252 1430 Cumque
273 1337 311 1406 in
328 1336 482 1412 exercitu
497 1334 658 1408 Pescenii
680 1337 808 1428 viginti
831 1337 946 1408 millia
968 1336 1081 1408 truci·
1132 1348 1193 1417 ba:
1225 1337 1439 1418 Concordia
1455 1374 1596 1447 parvae
1618 1378 1675 1426 res
1702 1376 1882 1455 crescunt,
1923 1365 2112 1448 discordia

91 1438 169 1509 data
197 1451 334 1522 essem,
374 1437 512 1527 laudens
544 1437 734 1510 Pescenius
762 1433 1010 1528 Antiochiam,
1027 1437 1077 1509 ibi
1130 1447 1321 1518 maximae
1338 1445 1575 1527 dilabantur,

92 1537 294 1610 interlectos
312 1552 394 1623 -est,
434 1553 469 1610 et
489 1551 596 1632 caput
618 1540 692 1630 pilo
717 1539 866 1610 infixum
888 1539 1077 1610 circumla-
1230 1565 1338 1656 Apud
1357 1564 1511 1639 Dionem
1537 1567 1622 1646 hm
1644 1579 1689 1648 d,
1713 1604 1757 1651 ω
1772 1587 1879 1655 ,epha
1896 1604 1999 1661 ,unu
2024 1590 2114 1668 Er„

91 1653 161 1711 tom
181 1654 246 1714 est.
1128 1687 1275 1755 corpore
1290 1671 1475 1758 robustus,
1501 1673 1570 1745 nisi
1595 1683 1689 1770 quod
1714 1705 1817 1755 senex
1840 1693 1992 1779 podagra
2012 1696 2113 1766 labo-

187 1789 300 1862 lnitio
334 1788 421 1859 belli
455 1804 687 1879 occupaverat
712 1788 901 1861 Pesccnins
934 1787 1074 1885 Byzan·
1128 1766 1240 1886 ‘mg
1274 1769 1366 1840 ³⁶53
1391 1774 1607 1890 mimmii
1630 1784 1800 1856 ³⁰²¹le
1825 1803 1859 1859 ‘l
1881 1793 2112 1888 ltlfdlffifflfla

89 1892 193 1978 tium,
220 1893 315 1986 quod
333 1889 484 1962 Severus
501 1891 687 1962 obsidione
704 1891 812 1961 cinxit
828 1903 941 1962 totum
964 1893 1073 1961 trien·
1125 1867 1305 1987 d⁰⁰¹¹¹¹¹⁸f
1328 1873 1498 1993 al’l’fflvi}
1525 1890 1559 1946 ‘²
1585 1879 1781 1972 inlellessils
1809 1911 1874 1958 ¹¹²⁰
1895 1903 2013 1964 “¹¹⁸²ss
2028 1920 2110 1985 ΒΜ·-

89 1992 202 2062 nium:
239 1991 293 2064 Ac
317 1993 501 2061 defensum
524 2005 575 2063 est
595 2006 692 2063 tanta
715 1993 924 2084 pertinacia,
963 2006 1004 2064 ut
1028 1994 1070 2062 ad
1125 1967 1318 2088 fu}⁰{s⁰¹¹·
1375 1969 1457 2092 Νῗῦ
1482 1994 1642 2068 ”limus
1666 1988 1811 2075 imici&
1848 1995 1907 2060 ³01¹
1940 1997 2108 2070 adversus

87 2085 273 2163 dumanas
312 2114 439 2162 carnes
475 2106 621 2162 ventum
659 2093 714 2163 sit.
790 2091 955 2164 Tandem
988 2117 1071 2165 vero
1126 2093 1291 2140 ¹¹¹¹m¹⁶⁰⁸
1308 2094 1520 2190 ‚²⁰‚ef¹'¹¹'¹¹¹³·
1576 2079 1737 2156 ¹¹¹¹⁰¹¹²¹¹⁸
1759 2090 1797 2158 5¹¹
1814 2101 2108 2186 ⁸³q¹¹³‘³b‘¹¹d⁸

88 2217 162 2262 cum
177 2193 342 2291 Byzantii
359 2208 392 2263 et
409 2194 500 2262 lame
516 2207 550 2262 et
562 2193 828 2286 tempestatibus
844 2196 956 2265 coacti
970 2195 1072 2263 dedi·
1123 2186 1241 2253 “lma
1280 2166 1373 2242 mhll
1403 2180 1610 2252 ¹⁰⁰¹'2bltltlr
1640 2187 1787 2260 fabellas
1809 2208 1844 2264 et
1872 2199 2107 2280 rumusculos,

88 2295 219 2364 tionem
244 2297 417 2385 iacerent,
453 2291 604 2364 Severus
625 2295 727 2366 iussit
747 2296 912 2366 demoliri
936 2320 1071 2368 muros.

86 2394 135 2467 lta
152 2398 240 2467 urbs
259 2421 276 2463 a
292 2390 631 2484 Carthaginensibus
644 2395 810 2482 condita,
838 2412 872 2468 et
896 2421 987 2492 quae
1008 2399 1069 2466 diu

86 2497 271 2582 floruerat,
296 2495 411 2566 deleta
426 2509 488 2568 est.
541 2493 631 2566 Nam
647 2520 666 2565 a
683 2491 853 2588 Philippo
872 2498 1069 2568 Macedone

86 2599 303 2693 (quanquam
320 2597 406 2667 urbs
420 2591 534 2666 multo
554 2596 729 2667 vetustior
749 2595 817 2688 est)
837 2601 880 2667 ad
898 2598 1067 2671 Severum

85 2697 344 2790 imperatorem,
360 2713 445 2770 sunt
458 2697 546 2767 anni
560 2697 700 2768 circiter
712 2698 910 2790 quingenti.
943 2696 1067 2770 Postea

85 2797 355 2871 aConstantino
381 2799 573 2870 instaurata
598 2813 659 2868 est.
712 2795 944 2870 intervallum
967 2800 1068 2873 aSe-

84 2924 162 2970 vero
178 2905 222 2972 ad
242 2900 536 2972 instaurationem
555 2913 638 2969 sunt
654 2899 742 2968 anni
765 2913 906 2970 centum
933 2913 968 2971 et
992 2925 1067 2971 am-

84 3001 171 3090 plius
188 3003 348 3090 triginta.
899 3008 902 3016 ’

178 3149 271 3223 Cum
295 3163 411 3220 autem
434 3148 586 3222 Severus
606 3148 676 3218 iarn
701 3150 892 3221 maximam
909 3150 1064 3224 Romani

82 3250 220 3342 imperii
241 3262 376 3341 partem
399 3261 554 3328 teneret,
579 3250 720 3320 rediens
741 3252 780 3324 in
795 3251 956 3332 Italiam,
989 3254 1067 3320 hel·
1100 3264 1105 3272 “

82 3349 151 3420 lum
170 3349 285 3420 movit
300 3349 469 3416 adversus
484 3339 683 3426 Albinum,
708 3369 814 3437 quem
837 3359 940 3417 antea
957 3348 1067 3417 colle-

81 3471 153 3534 gam
183 3451 325 3522 iecerat.
390 3441 544 3520 flexerat
569 3443 794 3518 Britanniam
821 3441 996 3532 Albinus,
1030 3461 1066 3518 et

81 3546 211 3622 Frisios
226 3553 428 3633 domuerat,
452 3571 492 3618 ac
516 3560 663 3642 propter
686 3547 909 3619 nobilitatem
926 3547 1064 3620 Romae

81 3649 309 3723 senatoribus
324 3671 426 3723 carus
443 3649 538 3738 luit.¹
574 3647 705 3742 Fitque
721 3649 876 3740 primum
894 3649 931 3718 in
948 3645 1064 3721 bisto-

80 3751 129 3821 ria
154 3749 318 3826 Romana
351 3750 548 3821 Frisiorum
581 3750 715 3820 mentio
748 3751 785 3818 in
819 3752 924 3821 rebus
958 3751 1065 3842 gestis

80 3843 183 3925 buius
206 3851 346 3926 Albini.
413 3847 557 3927 Obiecit
588 3865 705 3921 autern
736 3849 888 3922 severas
916 3851 1064 3938 Albino,

80 3956 171 4044 quod
194 3955 396 4028 societatem
418 3977 492 4022 non
515 3953 699 4024 bonafide
723 3947 898 4026 coluisset.
967 3951 1063 4026 Vicit

80 4045 249 4127 Albinum
276 4058 319 4126 ad
344 4055 560 4144 Lugdunum
588 4077 717 4146 magno
740 4055 890 4144 praelio,
929 4055 1061 4150 inquo

81 4150 150 4243 ipse
177 4156 331 4229 Severus
357 4156 447 4226 ictus
468 4156 512 4225 de
536 4179 628 4247 equo
652 4155 801 4240 decidit,
831 4169 864 4225 et
886 4158 1061 4228 extinctus

79 4259 273 4341 putabatur.
343 4256 467 4327 Victor
488 4254 614 4325 Albini
637 4270 741 4347 caput
765 4259 960 4347 praecisum
983 4256 1058 4330 Ro·

79 4375 165 4428 mam
183 4359 289 4431 misit.
341 4354 481 4429 Deinde
503 4359 599 4428 solus
624 4371 748 4427 tenens
773 4358 960 4449 imperium
983 4384 1058 4430 ma-

80 4475 176 4542 gnam
193 4462 439 4533 crudelitatem
464 4459 631 4532 exerrant.
688 4457 867 4531 interiecit
891 4463 1055 4530 adversa·

79 4555 208 4632 cinnam
236 4563 384 4646 arnicas,
422 4574 458 4631 et
490 4559 623 4630 multos
653 4560 741 4630 alios
771 4565 921 4652 praedae
943 4585 1056 4632 eausa.

80 4651 227 4734 Uxorem
255 4659 380 4734 babuit
406 4662 556 4754 primun
572 4659 761 4746 Martiam,
795 4687 901 4754 quam
919 4662 1056 4736 Romae

79 4757 171 4836 duxit
185 4779 345 4858 ternpore
361 4761 416 4836 Μ.
432 4762 630 4847 Antonini,
656 4787 697 4834 ex
713 4786 782 4856 qua
796 4765 827 4833 ei
846 4763 938 4836 itlius
956 4779 1055 4836 ratus

80 4872 126 4930 est
145 4862 346 4943 bassianus.
408 4863 485 4936 Hac
515 4879 654 4936 mortua
679 4864 798 4936 noluit
819 4889 964 4937 uxorem
987 4870 1053 4936 du-

79 4979 170 5050 cere,
192 4970 260 5040 nisi
284 4993 375 5064 quae
397 4960 544 5038 baberet
568 4967 700 5058 regiam
722 4961 891 5064 γένεσιν,
925 4982 964 5039 ut
987 4968 1054 5040 luit

79 5069 248 5142 studiosus
275 5085 308 5142 et
335 5067 472 5161 peritus
499 5065 734 5160 Astrologiae.
792 5067 912 5146 ,Duxit
944 5070 1053 5160 igitur

79 5158 237 5264 insyria
263 5171 411 5254 luliam,
450 5193 493 5240 ex
524 5191 594 5262 qua
625 5185 730 5242 natus
764 5185 817 5242 est
842 5171 933 5240 alins
958 5173 1052 5244 lilius

70 5257 185 5351 rixata,
209 5299 330 5368 quem,
352 5288 399 5350 nt.
410 5281 529 5366 postea
545 5269 725 5354 dicemus,
752 5273 929 5354 interiecit
944 5275 1052 5346 irater

78 5355 267 5447 Bassianus.

124 5473 294 5546 Mensura.
314 5482 422 5558 Desa.
441 5480 523 5544 Ver..
539 5478 617 5544 ΧΠ.

1124 2271 1185 2364 qui
1201 2271 1245 2341 de
1260 2273 1338 2364 ipso
1355 2280 1621 2367 spargebantur.

1224 2387 1267 2458 Iit
1286 2390 1362 2459 eius
1384 2386 1532 2465 historia
1555 2405 1754 2495 exemplum
1778 2425 1830 2482 est
1847 2413 1985 2506 insigne
1999 2411 2105 2492 aulici

1120 2481 1342 2573 Pinacioni,
1371 2495 1433 2586 qui
1457 2519 1633 2574 summam
1656 2511 1848 2595 potentiam
1871 2531 2013 2605 nactus,
2040 2545 2105 2613 po·

1119 2603 1191 2662 stea
1210 2615 1249 2661 ea
1267 2591 1448 2684 abutitur,
1471 2611 1505 2668 et
1528 2623 1548 2670 a
1570 2604 1718 2677 domino
1740 2611 1891 2690 tollitur.

1220 2707 1436 2784 Plancianus
1459 2717 1554 2787 enim
1570 2717 1659 2792 Aser
1681 2750 1721 2798 ex
1742 2730 1840 2802 tenui
1862 2733 1941 2806 loco
1963 2715 2104 2814 evecttis

1119 2819 1170 2880 est
1189 2810 1234 2879 ad
1258 2832 1432 2883 summam
1456 2821 1651 2914 potentiam
1669 2841 1703 2898 et
1719 2831 1886 2906 maximas
1901 2862 1984 2932 opes
2001 2865 2020 2912 a
2038 2842 2103 2914 Se·

1117 2933 1220 2979 vero:
1246 2912 1407 3008 adeoque
1421 2941 1521 2988 carus
1535 2921 1567 2992 ei
1585 2925 1673 3008 fuit,
1696 2944 1737 3002 ut
1750 2932 1859 3004 filiam
1877 2935 1953 3009 eius
1966 2945 2102 3018 dederit

1118 3011 1270 3082 Severus
1283 3010 1466 3088 Bassiano.
1520 3020 1589 3094 Sed
1614 3027 1738 3103 scribit
1758 3029 1854 3107 Dion
1879 3041 1924 3110 de
1941 3039 2103 3118 Plancia-

1117 3133 1189 3230 not·
1211 3108 1346 3230 annia
1366 3120 1654 3215 concupiscebat,
1677 3135 1797 3206 omnia
1813 3143 1965 3232 petebat,
1980 3147 2100 3219 omnia

1117 3217 1330 3304 accipiebat,
1356 3242 1422 3288 nec
1445 3238 1604 3314 gentem,
1628 3255 1693 3302 nec
1717 3237 1840 3310 urbem
1863 3243 1974 3316 ullam
1990 3249 2101 3328 relin-

1117 3316 1246 3425 quebat
1265 3337 1337 3382 non
1356 3319 1564 3408 spoliatam,
1589 3331 1649 3398 sed
1668 3339 1789 3408 omnia
1812 3355 1845 3412 et
1862 3349 2099 3444 undecunque

1116 3409 1286 3500 rapiebat.
1345 3411 1511 3489 Caeterea
1540 3430 1651 3515 magis
1687 3446 1774 3507 tetra
1806 3442 1947 3516 omitto.
2000 3445 2099 3521 Talis

1115 3523 1328 3597 comesset,
1365 3539 1438 3585 non
1464 3523 1579 3610 potuit
1610 3529 1779 3606 dintnrna
1811 3565 1885 3612 esse
1915 3547 2099 3623 foelicitas.

1117 3609 1189 3729 Sed
1205 3614 1360 3701 primum
1379 3611 1446 3687 boc
1460 3621 1581 3694 furore
1598 3631 1743 3718 punitus
1762 3655 1832 3724 est,
1859 3661 1898 3716 nt
1922 3649 2014 3718 vitae
2032 3651 2096 3724 Se·

1115 3734 1189 3780 verr
1215 3725 1248 3784 et
1262 3711 1423 3788 Bassiani
1449 3721 1596 3796 insidias
1620 3743 1791 3823 strueret,
1817 3745 1947 3838 quibus
1971 3751 2096 3842 depre-

1114 3807 1233 3932 bensis
1248 3813 1461 3892 Plautianus
1485 3849 1504 3895 a
1531 3824 1662 3902 Severo
1689 3835 1727 3906 in
1750 3837 1925 3918 Palatium
1950 3867 2096 3925 vocatus

1113 3916 1164 3982 rln
1189 3917 1393 3990 interiectus
1418 3939 1483 3996 est:
1510 3941 1545 4000 et
1567 3937 1716 4008 cadaver
1732 3961 1966 4024 monstratum
1984 3951 2094 4027 Iuliae

1113 4029 1151 4085 nt
1170 4017 1379 4106 laetaretur,
1405 4039 1438 4098 et
1455 4029 1753 4129 liliaePlauciani,
1775 4063 1814 4118 ut
1827 4052 1951 4123 dolore
1966 4058 2094 4128 adfice-

1112 4130 1220 4189 retur.
1271 4119 1340 4194 Hic
1354 4125 1421 4198 luit
1437 4129 1549 4202 exitus
1565 4127 1721 4211 bominis
1740 4149 1860 4233 aulici,
1885 4159 1946 4246 qni
1965 4157 2091 4228 fiducia

1112 4223 1267 4310 potentia
1291 4248 1374 4296 snae
1401 4231 1547 4302 nimiam
1577 4237 1757 4315 licentiam
1790 4250 1858 4320 sibi
1883 4275 2092 4349 sumpserat,

1110 4322 1242 4393 oblitus
1283 4321 1391 4399 huius
1424 4337 1619 4426 praecepti:
1660 4340 1857 4421 Fortunam
1890 4375 2092 4432 reverenter

1108 4417 1217 4598 antiqq,
1243 4427 1402 4606 ‘ffnque
1420 4451 1563 4526 repente
1578 4437 1688 4515 Dives
1703 4449 1748 4519 ab
1764 4455 1846 4524 exili
1864 4463 2088 4548 progrediere

1209 4641 1377 4720 Exercrrit
1402 4649 1573 4752 ⁸Severus
1608 4663 1714 4740 etiam
1750 4675 1937 4746 saeviciam
1966 4695 2088 4752 contra

1107 4735 1347 4867 Christianos,
1362 4750 1400 4820 in
1418 4777 1485 4846 qua
1503 4745 1688 4836 Leonides
1704 4771 1989 4866 paterOrigenis
2005 4807 2087 4871 pro·

1108 4861 1183 4936 pter
1199 4849 1454 4928 consessionem
1472 4862 1646 4950 supplicio
1664 4871 1821 4947 adiectus
1839 4893 1901 4965 est,
1926 4883 1987 4976 qui
2006 4885 2086 4978 qni·

1105 4953 1183 5018 dem
1199 4950 1311 5020 filium
1331 4977 1456 5046 magna
1475 4983 1557 5030 cura
1577 4965 1695 5038 doceri
1713 4978 1860 5048 curavit.

1205 5066 1270 5140 Est
1293 5071 1402 5160 igitur
1417 5071 1593 5168 Origenes
1608 5085 1719 5159 sactus
1731 5091 1925 5169 catecbetes
1947 5102 1984 5171 in
2001 5101 2086 5173 Ale-

1103 5170 1276 5241 nandrina
1299 5169 1471 5260 Ecclesia,
1502 5203 1609 5266 agens
1630 5211 1762 5262 anunm
1785 5197 1961 5270 decimum
1987 5215 2083 5270 octa-

1104 5295 1199 5345 vum.
1253 5269 1395 5348 Variam
1419 5273 1603 5352 historiam
1629 5293 1787 5366 continet
1809 5311 1881 5369 tota
1906 5302 1982 5370 eius
1996 5303 2082 5388 vita,

1082 5395 1192 5467 ¹¹quam
1207 5373 1342 5464 legator
1361 5381 1455 5469 apud
1471 5377 1677 5463 Eusebium.

1494 5485 1543 5557 60
