4696 5820
244 309 321 385 248
706 297 868 379 DECL.
906 295 984 374 DE
1015 297 1253 376 STUDllS
1288 293 1418 374 VET.
1457 297 1810 380 PHILOSOPH·
2196 309 2272 386 244

245 505 287 551 ox
310 478 418 550 insito
439 475 503 544 illo
519 472 684 560 fastidio,
709 485 843 550 tumes
859 472 943 544 odio
957 475 1114 566 proiecta
1128 487 1234 568 atque
1285 471 1462 564 principio
1483 473 1543 546 vix
1564 474 1691 546 leviter
1712 476 1916 564 degustato,
1946 476 2010 548 ubi
2032 478 2076 548 ad
2101 501 2158 550 res
2179 479 2275 572 ipsas

245 577 465 673 impatientia
480 573 693 646 ardentioris
708 589 742 646 et
758 574 905 644 acrioris
919 575 1042 655 studii,
1065 589 1099 646 et
1112 599 1233 646 amore
1285 587 1494 666 perventum
1517 587 1586 659 est,
1622 576 1714 668 capti
1739 577 1897 650 satietate
1918 591 1981 652 aut
1999 578 2179 652 absterriti
2203 581 2274 654 iro·

245 678 483 754 dissolutioris
508 701 548 747 ac
578 676 794 747 delicatioris
824 677 927 749 vitae.
977 673 1160 748 Reductae
1186 680 1232 748 ab
1285 676 1460 764 pressioris
1474 691 1510 748 et
1524 676 1761 748 diuturnioris
1774 679 1883 748 studii
1897 677 2081 770 opinione,
2107 707 2217 776 quam
2235 707 2275 754 er

246 779 353 855 exilio
368 795 402 852 et
418 779 599 851 restitutae
614 778 877 871 aliquantulum
901 791 993 848 artes
1010 777 1113 848 initio
1131 779 1233 848 miri-
1283 777 1369 846 lalsa
1386 778 1605 849 difficultatis
1621 778 1847 870 persuasione
1863 780 2038 866 induunt,
2063 807 2147 856 mox
2161 783 2275 858 diffu-

245 888 311 956 bco
327 881 383 954 sui
399 879 575 952 desiderio
592 880 824 949 incenderent
838 892 873 948 et
887 879 1151 970 compleverant
1165 876 1233 950 ho·
1283 877 1405 968 giunt,
1431 901 1547 974 neque
1563 880 1708 968 ordine,
1734 903 1849 973 neque
1865 882 2001 972 integre
2014 896 2107 956 artes
2120 885 2276 958 discunt.

245 988 384 1057 minum
400 981 560 1067 animos,
585 994 762 1073 pertaesos
780 979 974 1064 barbariei,
1000 981 1038 1050 in
1054 1005 1123 1075 qua
1143 983 1233 1052 irre-
1283 975 1337 1048 Ne
1352 993 1470 1050 tameo
1487 983 1593 1050 rudes
1607 1003 1751 1072 prorsus
1766 1005 1839 1050 esse
1854 995 1959 1076 atque
1971 984 2126 1076 imperiti
2144 982 2274 1060 harum

244 1088 301 1158 titi
316 1083 530 1158 insulsorum
547 1082 812 1152 cavillationum
836 1080 1109 1153 intricatissimis
1132 1086 1232 1154 nexi·
1284 1081 1411 1152 artium
1432 1082 1635 1166 videantur,
1659 1085 1788 1152 omissa
1810 1083 1964 1156 fontium
1986 1085 2276 1160 dulcissimorum

244 1191 311 1260 bus
329 1200 381 1261 tot
394 1206 469 1256 sese
484 1207 598 1255 annos
622 1183 778 1273 proxima
800 1195 913 1252 aetate
935 1183 1065 1256 frustra
1088 1199 1123 1257 et
1142 1209 1232 1275 pene
1283 1180 1516 1276 inquisitione
1530 1196 1564 1256 et
1578 1184 1800 1274 cognitione.
1827 1185 1972 1256 umbras
1992 1201 2135 1280 captant
2156 1199 2193 1260 et
2216 1214 2276 1264 ar

245 1292 346 1362 nullo
359 1289 417 1358 vel
433 1309 509 1370 suo,
532 1287 587 1355 vel
603 1284 756 1354 aliorum
774 1307 853 1352 cum
869 1285 987 1355 lructu
1004 1300 1232 1372 macerarent,
1284 1282 1421 1376 ripiunt
1438 1283 1574 1378 aliquas
1589 1285 1753 1356 alicunde
1768 1309 1810 1356 ex
1831 1299 1962 1358 temere
1982 1301 2016 1358 et
2038 1290 2116 1360 sine
2138 1289 2276 1363 iudicio

245 1391 479 1482 omniumque
496 1387 534 1455 in
555 1408 629 1456 sese
648 1385 764 1455 studia
782 1400 1000 1477 conatusque
1014 1388 1232 1459 concitarant
1283 1385 1536 1456 consarcinatis
1559 1385 1708 1471 libellis,
1734 1411 1808 1460 non
1830 1403 1902 1458 tarn
1925 1389 1969 1458 ad
1991 1411 2095 1464 usum
2117 1392 2275 1486 aliquem

245 1517 285 1564 ae
306 1501 585 1562 converterant..
619 1483 736 1555 Tanto
760 1509 839 1554 cum
861 1488 1034 1577 applausu
1057 1504 1231 1579 exceptae,
1284 1485 1322 1556 in
1340 1486 1433 1572 vita,
1457 1510 1565 1578 quam
1581 1490 1626 1557 ad
1642 1489 1912 1562 ostentationem
1934 1488 2097 1577 inanem,
2122 1517 2189 1564 nec
2212 1519 2275 1562 ve·

244 1606 412 1686 tantaque
426 1586 655 1661 contentione
667 1586 825 1657 certatim
848 1587 962 1658 cultae
981 1612 1022 1660 ac
1038 1590 1232 1662 celebratae
1283 1611 1343 1658 rae
1367 1600 1401 1658 et
1423 1586 1557 1658 solidae
1580 1589 1793 1660 eruditionis
1814 1606 1953 1680 gustum
1972 1615 2131 1685 unquam
2147 1618 2274 1664 conse·

244 1705 496 1785 recuperarunt
528 1689 678 1762 nitorem
707 1687 919 1780 pristinum,
960 1703 996 1760 et
1027 1691 1131 1760 nobis
1158 1716 1231 1762 sese
1283 1702 1453 1784 quuntur.
1514 1687 1614 1758 Hans
1640 1691 1801 1762 discendi
1828 1692 2127 1783 perversissimam
2162 1697 2276 1768 ratio·

243 1795 418 1868 maiorum
439 1791 624 1882 diligentia
642 1789 810 1860 cultiores
830 1803 935 1883 atque
951 1793 1151 1862 ornatiores
1171 1819 1231 1863 ex·
1283 1815 1365 1860 nem
1379 1786 1591 1882 reprehendi
1610 1814 1749 1861 necesse
1764 1805 1826 1868 est.
1878 1789 1976 1863 llaec
1990 1794 2121 1866 artium
2145 1795 2275 1866 interi·

242 1891 437 1968 hibuerunt
451 1917 493 1964 ac
507 1891 824 1964 communicarunt.
1283 1907 1358 1965 tum
1382 1894 1507 1965 adfert.
1557 1886 1631 1963 Διὰ
1651 1885 1790 1978 sadra,
1817 1893 1935 1994 inquit
1950 1892 2074 1981 Plato,
2095 1891 2119 1990 ἡ
2140 1893 2274 1990 ἀτιμία

346 1996 424 2068 Nos
437 2016 518 2066 curo
536 1993 698 2064 illuviem
718 1992 910 2084 superioris
928 1992 1051 2066 aetatis
1072 2008 1107 2065 et
1128 1996 1231 2068 foede
1282 1999 1328 2088 τῇ
1345 1987 1549 2090 φιλοσοφίᾳ
1565 1990 1842 2088 προσπέπτωκε.
1888 1993 2032 2086 Peperit
2048 1993 2139 2070 hano
2155 1999 2274 2070 fatalis

242 2119 399 2190 aspersas
430 2096 551 2169 sordes
582 2116 766 2187 nunquam
800 2093 1056 2184 aspexerimus,
1103 2097 1228 2166 decora
1282 2118 1361 2165 cum
1384 2095 1488 2164 ruina
1511 2095 1711 2164 studiorum
1733 2110 1810 2166 tum
1841 2095 1982 2186 ignavia
2012 2098 2120 2166 meoli
2152 2093 2273 2172 huius.

243 2222 340 2269 nunc
357 2199 489 2268 'earum
516 2195 698 2288 politaque
720 2209 755 2264 et
779 2207 927 2264 venuste
947 2197 1122 2266 renitente
1141 2199 1230 2269 lacis
1282 2193 1392 2267 Auxit
1405 2219 1489 2266 vero
1505 2208 1741 2286 contemptus,
1767 2189 2035 2286 quiThersitica
2053 2212 2087 2270 et
2103 2223 2193 2288 pene
2209 2203 2275 2268 dc-

243 2300 351 2370 nimis
369 2298 493 2368 leviter
509 2296 695 2379 allicimur.
1282 2299 1441 2368 uataoda
1460 2295 1695 2384 exagitatione
1710 2298 1843 2387 optime
1865 2297 2075 2370 meritorum
2094 2301 2274 2392 prolesso-

344 2396 497 2471 llefrixit
512 2398 620 2466 ardor
633 2397 695 2466 ille
708 2419 748 2466 ac
762 2397 939 2469 deferbuit
952 2398 1122 2484 studium,
1143 2424 1230 2470 con·
1281 2423 1360 2468 rum
1378 2397 1546 2469 excitatus
1560 2410 1699 2468 tantum
1715 2398 1886 2484 invaluit,
1912 2414 1952 2471 nt
1967 2403 2183 2498 quandoque
2205 2403 2273 2472 bo·

242 2516 367 2592 traque
382 2498 493 2569 crevit
507 2498 656 2567 delicata
671 2521 712 2568 ac
727 2498 893 2568 diffluens
909 2499 1144 2592 laborumque
1161 2501 1228 2572 im·
1281 2523 1410 2570 norum
1445 2499 1551 2570 etiam
1586 2499 1811 2570 confirmatos
1845 2495 2002 2572 honestis
2038 2501 2273 2592 opinionibus

241 2601 381 2694 patiens
410 2598 522 2670 animi
550 2599 723 2669 mollicies
747 2600 785 2666 in
813 2601 1026 2688 degeneres
1053 2601 1228 2674 maiorum
1281 2601 1498 2671 animosant
1513 2611 1641 2685 tentet,
1662 2614 1725 2672 aut
1745 2603 1952 2686 conturbet,
1978 2616 2017 2674 ut
2035 2602 2090 2671 vel
2106 2627 2188 2672 cum
2205 2607 2273 2676 do-

241 2700 397 2791 sestigiis
425 2699 677 2783 adolescentia,
715 2723 805 2792 quoe
828 2713 869 2770 ut
892 2701 1052 2794 alioquin
1076 2720 1228 2778 connata
1281 2703 1356 2772 lore
1370 2701 1621 2790 ingemiscant,
1648 2702 1704 2773 vel
1719 2701 1912 2773 efferantur
1929 2702 1967 2772 in
1983 2701 2270 2794 indignationem

241 2803 346 2874 nobis
364 2799 568 2872 conditione
589 2813 622 2870 et
642 2798 850 2892 impotentia
873 2801 1015 2872 vincula
1037 2803 1105 2874 sibi
1127 2805 1227 2875 iniici
1280 2804 1409 2874 iustam
1431 2826 1471 2872 ac
1486 2791 1650 2872 scebant.
1703 2800 1794 2874 Cum
1819 2815 1935 2874 autem
1958 2805 2004 2876 sit
2023 2803 2131 2875 officii
2157 2807 2272 2878 nostri

241 2919 276 2976 et
288 2915 399 2974 metas
412 2901 624 2973 circumdari
639 2923 680 2972 ac
695 2902 860 2994 repagula
884 2905 1107 2997 praescriptis
1129 2930 1228 2976 seve·
1280 2915 1456 2997 praestare
1469 2915 1642 2994 quantum
1658 2902 1735 2972 lieri
1752 2917 1877 2995 potest,
1902 2929 1977 2976 nou
1995 2906 2111 2978 solum
2126 2920 2168 2976 ut
2183 2909 2272 2978 ado-

239 3005 335 3076 riore
348 3005 425 3095 lege
440 3001 604 3073 formulis
618 3025 721 3092 aegre
737 3003 879 3094 patitur,
904 3006 1102 3096 expetitque
1115 3007 1226 3076 licen·
1279 3003 1445 3088 lescentia
1460 3015 1552 3073 recte
1567 3002 1773 3074 instituatur
1787 3017 1892 3098 atque
1908 3007 2076 3078 adsueliat
2088 3008 2133 3076 ad
2149 3031 2269 3080 veram

239 3105 325 3178 tiam
343 3104 529 3176 barbarica
550 3103 712 3173 libertate
728 3103 900 3192 vagandi,
925 3117 966 3175 ut
980 3105 1018 3173 in
1041 3106 1112 3175 vita
1130 3130 1227 3176 com·
1279 3118 1314 3175 et
1338 3103 1514 3173 eruditam
1537 3103 1714 3176 rationem
1736 3105 1917 3192 discendi,
1943 3109 2104 3202 adeoque
2119 3111 2269 3201 nequid

240 3207 341 3277 muni
357 3205 568 3296 contemptis
582 3204 729 3293 legibus,
754 3204 802 3275 ita
819 3204 858 3272 in
874 3204 1114 3276 doctrinarum
1130 3231 1226 3278 cam·
1279 3200 1464 3276 thesaurus
1479 3205 1652 3275 bonar'om
1670 3206 1800 3280 artium
1822 3210 2026 3280 detrimenti
2049 3210 2185 3301 capiat,
2210 3235 2270 3278 ve-

239 3308 295 3398 pis
317 3307 444 3378 uritur
467 3299 635 3376 methodo
659 3305 808 3390 reiecta,
834 3306 883 3376 sic
907 3306 1149 3378 imbecillitate
1164 3311 1226 3380 de.
1279 3331 1359 3378 rum
1375 3305 1481 3378 etiam
1495 3318 1536 3375 ut
1552 3329 1617 3376 suo
1634 3307 1831 3397 iungantur
1848 3333 1996 3380 munere
2012 3311 2211 3396 auditores,
2237 3326 2272 3381 et

239 3407 442 3499 generantis
456 3429 602 3498 prorsus
616 3429 656 3478 ac
671 3406 928 3498 languescentis
943 3421 1091 3480 naturae
1106 3434 1226 3502 asper.
1279 3421 1371 3480 recte
1394 3423 1499 3500 atque
1519 3407 1646 3476 ordine
1670 3409 1840 3479 discendo
1861 3411 2066 3501 proficiant,
2097 3435 2163 3506 vos
2184 3408 2272 3510 cha·

238 3523 345 3581 natur
360 3507 587 3582 accuratioris
599 3508 711 3580 studii
724 3524 757 3580 et
770 3510 975 3598 diligentiae
989 3511 1226 3603 exquisitioris
1278 3511 1435 3580 rissimos
1450 3527 1548 3579 meos
1563 3509 1743 3579 auditores
1754 3535 1819 3581 oro
1833 3525 1939 3606 atque
1952 3515 2111 3584 obtestor
2124 3528 2272 3604 propter

238 3612 418 3692 laborem,
442 3604 681 3702 abhorretque
705 3633 745 3681 ac
768 3611 915 3700 refugit,
940 3619 1030 3703 qu‘ae
1056 3611 1226 3683 intentio·
1277 3610 1426 3701 gloriam
1442 3607 1531 3694 Dei,
1554 3622 1591 3679 et
1605 3625 1750 3701 propter
1765 3607 1961 3684 Ecclesiam
1981 3628 2016 3685 et
2034 3616 2271 3686 consociatio-

239 3735 320 3782 nem
337 3710 808 3805 animiapplicationemque
826 3713 974 3803 exigunt
993 3713 1100 3804 paulo
1119 3709 1227 3784 vehe-
1277 3739 1359 3784 nem
1386 3711 1527 3803 generis
1559 3707 1727 3796 humani,
1764 3713 1895 3806 quibus
1928 3715 2058 3802 artium
2089 3716 2270 3808 praesidio

237 3813 447 3884 mentiorsm
464 3835 503 3882 ac
518 3812 791 3886 diuturniorem.
1278 3838 1367 3907 opus
1396 3827 1469 3897 est,
1507 3825 1546 3884 ut
1569 3813 1727 3904 deposita
1758 3838 1865 3908 quam
1888 3815 2099 3908 concepistis
2121 3842 2270 3909 persua-

340 3909 537 3982 lohannem
552 3911 778 3984 Stoefflerum
794 3910 1100 4001 mathematicum,
1124 3918 1226 3990 cuius
1277 3917 1378 3987 sione
1394 3915 1498 3994 lalss,
1525 3926 1560 3983 et
1577 3917 1762 3984 emendata
1782 3931 2008 4009 praepostera
2024 3920 2187 3994 discendi
2213 3945 2270 3992 ra-

238 4027 273 4085 et
287 4027 519 4084 monumenta
535 4026 653 4084 extaru
668 4015 865 4106 praeclara,
890 4031 925 4088 et
945 4018 1098 4107 gravitas
1119 4031 1226 4112 atque
1277 4018 1394 4101 tione,
1420 4027 1454 4084 et
1471 4016 1656 4106 repudiata
1679 4016 1741 4086 illa
1763 4015 1859 4088 sutili
1878 4016 2108 4119 σκιαγραφία
2125 4017 2269 4094 Mathe-

237 4115 422 4206 integritas
443 4115 480 4184 in
501 4116 601 4184 omni
622 4116 713 4198 vita,
738 4116 905 4188 sedulitas
928 4143 1011 4188 vero
1033 4133 1138 4214 atquc
1160 4122 1226 4189 ad·
1277 4139 1374 4198 scos,
1398 4139 1505 4211 quam
1521 4115 1640 4185 nescio
1656 4117 1787 4210 quibus
1808 4121 2005 4192 autoribus·
2019 4121 2058 4192 in
2081 4123 2293 4214 pervulga·

237 4217 385 4290 siduitas
412 4215 451 4286 in
472 4216 590 4308 operis
611 4211 830 4290 scholasticis
850 4218 1046 4290 multorum
1065 4220 1224 4292 celebra·
1277 4221 1322 4291 tis
1337 4218 1444 4288 nimis
1460 4215 1820 4310 libellis‘quibuadsm
1833 4222 2039 4306 sectamini,
2061 4223 2163 4294 irrita
2178 4247 2270 4316 pene

236 4334 297 4391 tur
324 4317 568 4399 sermonibus,
607 4319 740 4411 quibus
766 4320 862 4392 notis
890 4321 976 4406 tuit,
1018 4320 1120 4392 illurn
1144 4320 1224 4418 (iu-
1276 4319 1460 4410 diligentia
1492 4342 1621 4410 magno
1644 4343 1726 4390 cuns
1749 4321 1949 4394 studiorum
1972 4337 2171 4398 vestorum
2194 4323 2269 4396 dia-

237 4417 363 4516 qoam)
386 4420 475 4492 salse
499 4414 815 4512 reprehendentem
837 4421 879 4490 in
902 4423 1125 4496 auditoribus
1150 4425 1223 4496 suis
1277 4422 1408 4518 prndio
1428 4443 1469 4490 ae
1492 4421 1727 4502 detrimento,
1753 4426 1851 4516 qnod
1870 4422 2074 4516 experimur
2090 4426 2256 4519 quotidie

236 4517 279 4594 τὸ
295 4514 514 4618 φιλόκαινον
525 4517 590 4594 καὶ
604 4517 649 4594 τὸ
663 4516 850 4617 ἁψίκορον
857 4571 870 4608 ,
896 4525 1092 4614 accepimus
1107 4525 1224 4597 dicere
1276 4522 1427 4597 redeatis
1442 4524 1488 4593 ad
1503 4546 1607 4594 veros
1622 4523 1815 4616 explicatos
1835 4549 1876 4598 sc
1891 4541 2123 4618 perpurgatus
2138 4527 2269 4622 fontes,

237 4625 402 4709 solitum,
442 4645 479 4693 se
504 4622 534 4694 si
555 4619 736 4694 Mathesin
759 4624 980 4713 universam,
1013 4627 1069 4695 vel
1091 4622 1223 4698 haustu
1275 4650 1364 4723 quos
1398 4625 1429 4694 si
1462 4625 1676 4695 mediocrem
1710 4620 1944 4698 adhibueritis
1977 4627 2200 4720 diligentiam
2235 4644 2270 4702 et

235 4747 310 4794 uno
335 4725 542 4816 complecti,
570 4726 629 4793 rel
648 4725 687 4796 in
714 4725 905 4816 pultiurlae
926 4725 1129 4820 liquidioris
1148 4729 1224 4800 lor·
1275 4723 1521 4823 praediteritis
1543 4725 1807 4811 assiduitatem,
1831 4749 1902 4821 qua
1924 4727 2089 4800 vincetur
2112 4729 2271 4802 difficul-

235 4847 330 4894 mam
346 4849 539 4920 excoquere
552 4839 679 4918 posset,
705 4825 763 4896 vix
777 4827 1006 4900 obtenturum
1019 4832 1112 4919 apud
1130 4853 1224 4917 snos,
1275 4846 1328 4904 tas
1358 4825 1495 4909 omnis,
1534 4827 1565 4897 si
1593 4851 1663 4921 qua
1694 4827 1908 4916 occurrerit,
1944 4831 2200 4922 experiemini,
2234 4846 2272 4903 et

235 4937 276 4997 ut
295 4927 444 5000 redeant
464 4929 587 5012 toties,
624 4941 660 5000 et
682 4941 822 5018 recepto
851 4928 890 4998 in
920 4951 960 4999 os
990 4929 1238 5004 infundibulo
1274 4937 1382 5020 large
1402 4926 1580 4998 dulciores
1604 4929 1697 5013 lore,
1729 4943 1764 5000 et
1786 4922 1916 5004 haustu
1944 4931 2142 5015 faciliores,
2167 4934 2271 5006 lotu-

235 5051 371 5100 moram
397 5028 574 5118 perierant
596 5029 684 5100 citra
707 5029 924 5110 molestiam,
959 5053 1134 5122 eosrsque,
1157 5036 1222 5104 do-
1275 5033 1382 5106 lentis
1398 5029 1475 5101 istis
1489 5053 1529 5100 ac
1543 5030 1700 5100 turbidis
1714 5032 1872 5117 lacunis,
1898 5046 1933 5105 et
1951 5033 2060 5106 semel
2081 5047 2270 5128 perceptos

234 5153 300 5200 nec
317 5129 519 5199 universam
534 5131 757 5212 instillasset,
782 5131 838 5200 rel
853 5131 1016 5204 lancibus
1039 5133 1152 5223 digito
1176 5135 1223 5204 il-
1274 5149 1445 5231 perpetuo
1468 5125 1698 5222 inhaesuros,
1732 5156 1773 5203 ac
1795 5135 1961 5226 progredi
1982 5135 2184 5208 volentibus
2206 5161 2270 5208 ex-

234 5228 385 5306 lsvisset
438 5228 538 5301 ldem
555 5233 600 5302 de
614 5234 747 5304 nostris
766 5232 991 5304 aditoribus
1002 5236 1125 5326 quaeri
1145 5235 1223 5308 iure
1274 5236 1465 5331 peditiorrs
1489 5257 1530 5304 ac
1552 5233 1731 5324 planiores
1752 5238 1870 5310 aditus
1888 5238 1933 5307 ad
1966 5237 2103 5332 reliqua
2133 5239 2271 5328 omnia,

233 5356 439 5424 mutnus,
455 5331 525 5425 qui
547 5357 629 5404 cnm
655 5335 818 5404 ordimur
836 5348 1003 5406 sutorum
1026 5339 1222 5410 enarratio-
1274 5345 1384 5414 doctu
1408 5333 1650 5408 derivatorum
1676 5337 1760 5409 inde
1780 5339 1982 5411 rivulorum
2006 5355 2270 5414 corumonstrs-

232 5459 336 5523 mm,
368 5433 528 5508 novitate
550 5434 667 5506 allecti
690 5449 880 5508 neonem
902 5437 1122 5532 frequentes,
1159 5441 1220 5514 sed
1244 5469 1248 5506 ι
1273 5459 1373 5518 tuma
1392 5460 1476 5516 aare.
