4696 5820
229 252 303 326 251
710 237 871 320 DECL.
901 239 978 318 DE
1007 237 1287 319 ERNESTO
1319 235 1475 320 DUCE
1511 237 1762 320 suurtsu
2179 245 2262 322 2⁸2

235 443 317 493 rum
332 431 373 490 ut
385 414 458 488 vita
481 411 616 506 proluit
637 410 889 508 tranquillitati
901 409 1080 486 Ecclesiae
1100 426 1135 485 et
1155 433 1230 506 pa-·
1269 413 1347 484 dest
1359 399 1796 505 posteriseius'historism
1810 413 1951 486 uadem
1973 416 2116 508 plenam
2140 409 2262 488 bone-

235 521 346 606 trise,
377 519 427 588 ita
447 538 545 586 mors
568 514 625 584 vel
649 514 807 602 signum,
832 513 890 583 vel
914 514 1033 606 aliqua
1055 537 1097 584 ex
1120 525 1236 605 parte¹
1267 513 1503 584 stissimomm
1541 514 1796 606 exemplorum.
1863 513 2026 598 Primum
2060 523 2180 588 autem
2216 518 2265 588 dc

236 621 341 692 causa
365 618 435 689 luit
461 613 693 684 maximarum
716 613 953 684 mutationum
978 628 1013 685 ct
1038 614 1220 684 calamita-
1267 612 1343 684 eius
1364 613 1626 705 patria-dicam.
1675 612 1759 684 Non
1779 615 1931 686 dubium
1952 630 2004 688 cst
2034 616 2074 686 iu
2095 630 2260 690 vetem

116 713 120 718 ’
236 736 335 805 tum,
365 716 496 812 quibus
518 709 636 784 adhuc
659 736 846 804 urgemur,
880 727 915 784 et
936 711 1096 806 quarum
1111 715 1218 784 linem
1267 713 1565 806 descriptionibus
1589 715 1636 784 ab
1658 711 1763 786 Albis
1787 716 1892 787 initio
1906 713 2181 790 Hernmnduros
2205 730 2264 788 te·

231 844 343 892 ‘nemo
360 817 560 910 prospicere
576 827 699 906 potest.
739 813 831 883 Nam
846 827 887 884 ut
900 815 945 882 de
959 815 1055 883 bello
1070 837 1145 884 non
1161 811 1219 886 di·
1268 814 1388 884 nuisse
1403 837 1567 904 magnam
1587 827 1743 906 partem,
1769 840 1859 910 quae
1874 839 1971 890 nunc
1987 816 2176 912 Mymrum
2194 831 2265 903 est,

234 927 335 1006 cam,
360 921 457 1010 quod
479 931 596 986 tamen
615 915 697 983 vivo
718 908 876 984 Lutbero
899 914 1079 984 neminem
1101 927 1220 985 motu·
1268 915 1398 985 deinde
1418 917 1465 984 ad
1491 911 1615 984 Albim
1641 939 1718 984 eam
1739 916 1942 1006 regionem,
1974 941 2065 1012 quae
2086 941 2184 992 nnnc
2207 932 2264 989 est

223 1044 321 1091 -rum
341 1019 450 1090 fuisse
474 1017 648 1106 sapientes
668 1015 887 1098 existimant,
920 1026 1013 1084 certe
1030 1013 1063 1084 si
1077 1015 1220 1085 vixisset
1269 1027 1371 1086 verm
1384 1009 1549 1085 Marchia
1564 1015 1725 1087 Senones
1750 1018 1871 1088 inisse.

214 1116 430 1202 „hacanos
456 1130 502 1186 ut
527 1128 601 1185 erat
629 1129 753 1185 natura
774 1128 848 1184 nou
871 1114 1066 1200 imbecilla,
1099 1115 1219 1184 miuus

239 1220 470 1292 dissidiorum
491 1216 531 1285 in
553 1213 719 1286 Ecclesiis
743 1227 843 1286 esset.
900 1213 1005 1286 Nunc
1031 1228 1073 1286 ut
1096 1213 1222 1309 Ulysse
1371 1163 1457 1237 9⁰⁵¹
1478 1163 1638 1235 8⁸¹¹⁰¹¹²⁸
1661 1167 1752 1236 dm*
1783 1165 1909 1237 urbem
1945 1167 2134 1264 inclylams
2168 1195 2263 1264 ‘1⁰³0

241 1320 441 1392 dormiente
483 1339 562 1386 cum
579 1317 792 1386 sodium
813 1315 852 1382 in
869 1339 974 1408 quem
988 1311 1223 1386 Aeolusven·
1270 1289 1367 1335 nunc
1387 1263 1585 1356 Brunsviga
1608 1278 1679 1351 est,
1702 1267 1847 1338 luerunt
1871 1265 2035 1338 Bructeri
2058 1275 2102 1340 ad
2126 1267 2259 1342 Hanci-

448 1370 459 1402 ’
1275 1367 1371 1437 niam
1385 1390 1518 1460 usque,
1543 1365 1829 1458 postBructeros
1846 1367 2068 1440 interhlbim
2086 1369 2261 1442 etVisur-

1275 1469 1347 1558 gim
1364 1463 1499 1560 Caycos
1515 1467 1623 1537 fuisse
1640 1463 1733 1536 nihil
1744 1469 1894 1539 dubium
1911 1484 1978 1553 est,
2004 1472 2065 1563 qui
2083 1496 2162 1542 cum
2176 1473 2261 1542 lue·

1272 1569 1349 1638 rint
1372 1567 1411 1635 in
1432 1564 1537 1653 Asia,
1570 1569 1615 1638 ab
1637 1565 1797 1640 Homero
1818 1569 1984 1642 celebrati
2007 1587 2098 1660 sunt.
2151 1572 2262 1644 Unde

1273 1667 1466 1759 progressi,
1491 1681 1532 1738 ut
1555 1669 1644 1738 aliae
1669 1683 1790 1758 gentes
1811 1672 1945 1740 multae
1966 1671 2061 1742 inter
2077 1670 2200 1742 Albim
2225 1687 2262 1742 et

1275 1767 1456 1857 Visurgim
1471 1771 1718 1842 consederunt.
1769 1768 1866 1839 Haec
1879 1795 1940 1840 ora
1957 1796 2053 1842 nunc
2068 1773 2163 1862 regio
2181 1772 2260 1843 Lu-

1273 1869 1504 1962 neburgensis
1517 1869 1659 1943 dicitur.
1681 1868 1821 1940 Ducum
1835 1895 1919 1954 vero
1935 1872 2258 1942 Brunsvicensium

1274 1981 1308 2040 et
1329 1967 1663 2059 Luneburgensium
1685 1970 1790 2062 stirps
1811 1985 1863 2041 cst
1885 1973 2026 2053 eadem,
2051 1985 2130 2044 orta
2156 1997 2176 2041 a
2200 1973 2259 2042 ia-

1273 2070 1372 2139 milia
1391 2067 1572 2156 Guclfica,
1594 2071 1694 2139 cuius
1711 2083 1762 2140 cst
1779 2073 1868 2140 adeo
1882 2085 2016 2140 vetusta
2032 2071 2202 2141 nobilitas
2216 2069 2259 2140 in

772 2229 776 2234 .
1276 2169 1489 2254 Germania,
1527 2183 1567 2240 ut
1599 2169 1803 2240 Ludovicus
1831 2167 1942 2254 Pius,
1975 2169 2096 2242 Caroli
2131 2169 2259 2261 Magni

325 2247 406 2313 5³⁰⁹
427 2241 461 2308 δ’
485 2240 634 2328 isslssmr
655 2245 768 2333 ‘liin‘
789 2243 957 2325 ‘leimam‘
977 2247 1064 2335 πάρα
1275 2270 1387 2354 filius,
1418 2293 1564 2341 uxorem
1588 2294 1629 2340 ex
1653 2293 1694 2340 ea
1714 2270 1849 2339 familia
1875 2271 2032 2358 duxerit,
2069 2283 2102 2340 et
2125 2295 2260 2341 monu-

324 2341 443 2468 wv'ittt
463 2339 564 2423 ’ὄμῑζῑ
585 2343 644 2468 ‘l'
665 2342 755 2409 ’‘ii‘'
773 2341 879 2467 lifi‘t’
898 2371 973 2412 '³⁰²⁸
1276 2385 1392 2440 menta
1404 2372 1449 2438 ab
1463 2395 1503 2439 eo
1513 2384 1671 2461 tempore
1681 2382 1764 2440 sunt
1777 2395 1850 2439 uon
1864 2371 1986 2460 procul
2000 2367 2205 2462 abAlpihus
2217 2373 2259 2440 in

324 2447 359 2522 Ῑξ
380 2467 481 2528 Wtw'
501 2445 702 2532 ‘'mmm'’
723 2447 766 2521 εἷς
785 2451 892 2526 βυθο*
912 2459 1028 2515 ’'wli''-
1274 2471 1407 2563 templo
1426 2469 1690 2561 Wingartensi.
1741 2467 1850 2542 Dedit
1873 2472 1968 2540 euim
1990 2465 2180 2544 Lothorius
2202 2495 2260 2542 sa-

326 2573 388 2636 Ubi
401 2577 568 2654 petulanter
580 2574 677 2636 facere
694 2576 777 2658 quod
796 2579 891 2654 libet,
915 2581 1000 2656 licet,
1061 2579 1064 2586 “
1274 2572 1374 2660 piens
1401 2569 1596 2660 Imperator
1624 2571 1751 2654 liliam,
1790 2595 1896 2664 quam
1925 2567 2078 2640 habebat
2110 2564 2257 2642 tunicam

324 2672 507 2757 Legumque
521 2697 585 2738 vox
602 2688 632 2736 et
646 2679 691 2736 irs
704 2676 832 2736 vindicis
846 2673 907 2736 Dei
1273 2669 1429 2740 Henrico
1456 2669 1587 2742 Guelfo
1617 2669 1710 2741 Duci
1731 2669 1919 2756 Bav'ariae,
1952 2685 1986 2741 et
2008 2671 2171 2742 attribuit
2195 2695 2258 2762 gc-

324 2773 494 2852 Ridentur,
519 2797 553 2836 rc
566 2779 654 2836 inrue
668 2795 780 2836 riomeu
801 2789 845 2837 est
859 2777 970 2858 pudor,
1272 2794 1359 2841 neco
1372 2768 1548 2842 Ducatum
1567 2770 1751 2844 Senoniae.
1811 2767 1866 2841 Ex
1889 2765 1946 2840 his
1969 2773 2165 2842 maioribus
2187 2797 2258 2842 no·

322 2873 436 2957 Magno
454 2888 520 2937 ruet
535 2878 631 2938 ventis
644 2877 781 2959 secundis
793 2881 910 2958 impetu
1273 2871 1472 2954 bilisslmls,
1514 2869 1645 2939 Guello
1668 2881 1702 2938 et
1729 2869 1802 2939 filia
1824 2865 1986 2941 Lolharli
2010 2871 2260 2964 ImperatorlS,

321 2972 400 3040 Mox
414 2981 448 3038 in
463 2977 649 3060 profundum
662 2999 756 3040 merse
774 2990 838 3040 tota
853 2983 968 3040 civitas·
1230 2973 1233 2980 '
1272 2982 1350 3040 orte
1367 2981 1419 3038 est
1431 2969 1564 3038 familia
1581 2970 1725 3039 Ducum
1740 2969 2057 3042 Brunsvicensium
2083 2985 2117 3041 et
2132 2971 2257 3063 Lune-

1270 3067 1512 3158 burgensium.
1565 3067 1638 3138 Nec
1661 3093 1744 3141 vcro
1768 3064 1876 3142 huius
1892 3085 1943 3146 est
1957 3071 2126 3163 temporis
2142 3066 2259 3142 histo-

1270 3169 1340 3237 rias
1363 3165 1494 3237 horum
1518 3169 1726 3260 Principum
1753 3171 1930 3260 longiores
1951 3167 2010 3242 hic
2034 3173 2202 3256 recitare,
2221 3187 2258 3244 et

1271 3270 1450 3361 quomodo
1484 3269 1653 3364 paulatim
1681 3265 1879 3343 haereditas
1906 3273 2018 3342 divisa
2048 3273 2106 3346 sit.
2157 3271 2256 3344 lllud

1268 3369 1459 3460 praeterire
1474 3395 1549 3442 non
1567 3393 1726 3462 possum,
1754 3374 1799 3441 ab
1814 3373 1886 3441 illis
1898 3369 2062 3444 Lotharii
2076 3397 2256 3444 successo-

1267 3470 1368 3540 ribus
1385 3491 1514 3559 genero
1530 3484 1565 3542 et
1579 3471 1652 3539 lilio
1669 3471 1761 3540 filiae
1780 3495 1835 3542 res
1849 3468 2114 3543 honestissimas
2130 3486 2165 3543 et
2181 3476 2255 3543 uti-

1268 3571 1318 3640 les
1333 3571 1453 3660 generi
1469 3567 1625 3642 hunuano
1641 3583 1757 3666 gestas
1766 3594 1850 3646 esse.
1903 3569 2046 3662 Magnis
2067 3575 2163 3643 enim
2177 3575 2257 3645 bel·
2310 3566 2314 3572 ”

1266 3671 1312 3740 lis
1337 3679 1581 3762 represserunt
1601 3672 1755 3758 vicinos,
1781 3673 1845 3765 qui
1869 3675 2032 3745 nondum
2049 3691 2255 3765 receperant

1266 3770 1466 3842 doctrinam
1480 3769 1678 3859 Ecclesiae,
1703 3786 1737 3843 et
1759 3771 1906 3843 domitis
1927 3774 2125 3846 doctrinam
2140 3777 2254 3847 tradi-

1266 3873 1407 3947 derunt.

241 1437 297 1492 tos
320 1420 528 1500 incluserat,
553 1416 735 1506 aperiunt,
759 1428 953 1506 eruperunt
974 1416 1010 1484 in
1028 1416 1222 1488 contrarias

242 1542 344 1605 oras,
368 1517 500 1587 Boreas
520 1529 554 1585 et
567 1514 699 1602 Notus,
723 1511 843 1586 Eurus
858 1529 892 1586 et
910 1514 1092 1608 Argestes,
1116 1529 1150 1587 et
1164 1515 1223 1584 in-

241 1635 297 1692 ter
319 1642 392 1690 sese
414 1629 586 1687 certantes
606 1639 648 1686 ex
668 1615 741 1685 imo
766 1617 859 1685 mari
877 1618 1074 1688 contrarios
1094 1617 1223 1688 fluctus

219 1755 222 1760 ·
241 1719 449 1802 excitarunt,
473 1717 603 1809 quibus
617 1729 776 1808 quassata
791 1716 891 1786 navis
903 1732 1024 1808 postea
1037 1720 1145 1789 fracta
1160 1729 1224 1801 est,

234 1822 292 1890 'ita
324 1819 553 1890 scribentium
580 1815 737 1887 dissidiis
768 1832 953 1911 quassatur
981 1833 1017 1890 et
1047 1820 1224 1888 laceratur

244 1916 413 1992 Ecclesia.
464 1912 513 1987 Et
534 1916 693 2009 quotidie
715 1918 838 1988 crescit
862 1919 994 2004 rabies,
1026 1943 1096 2011 qua
1119 1942 1161 1988 ex
1185 1941 1223 1986 re

242 2020 329 2114 quid
351 2019 450 2089 aliud
470 2017 674 2087 ratiocinari
695 2041 897 2108 possumus,
927 2043 1036 2113 quam
1059 2021 1158 2113 quod
1184 2018 1224 2086 in

242 2114 441 2210 Sophocleo
457 2117 613 2188 carmine
633 2119 838 2207 gravissime
857 2119 1004 2190 dicitur:

242 3104 314 3177 Sed
335 3098 428 3174 hanc
452 3103 727 3174 consolationem
761 3103 883 3172 multis
907 3100 1118 3172 tristissimis
1141 3127 1221 3193 spe·

240 3205 385 3276 ctaculis
408 3225 647 3296 opponamus,
676 3203 773 3293 quod
797 3213 933 3272 certum
955 3215 1007 3271 cst
1026 3201 1138 3270 lilium
1152 3201 1220 3274 Dei

241 3305 427 3395 dominum
455 3315 617 3372 nostrum
649 3300 762 3370 lesum
784 3299 983 3386 Christum,
1023 3295 1136 3399 λόγον
1156 3299 1220 3374 καὶ

225 3394 369 3478 ἐἰκόνα
400 3400 526 3476 ἀΐδιον
559 3397 685 3494 ἀϊδίου
723 3398 881 3496 πατρὸς,
923 3426 1009 3472 voce
1031 3399 1219 3493 Evangelii

236 3525 379 3597 semper
391 3518 569 3574 aeternam
582 3500 774 3572 Ecclesiam
790 3504 971 3593 colligere,
997 3505 1101 3572 etiarn
1125 3504 1219 3575 inter

238 3603 429 3676 horribiles
443 3605 675 3698 confusiones·
680 3605 817 3694 generis
831 3599 990 3674 humani.
1039 3601 1146 3680 Hunc
1160 3627 1219 3673 ar·

239 3709 406 3778 dentibus
421 3709 513 3776 votis
526 3728 727 3796 precemur,
743 3716 793 3778 ut
818 3728 882 3774 nos
894 3705 1084 3795 gubernet,
1109 3718 1143 3774 et
1158 3705 1218 3772 in-

239 3820 295 3878 ter
309 3827 375 3877 nos
391 3805 531 3893 colligat
546 3819 579 3873 et
592 3817 705 3873 servet
717 3801 922 3886 Ecclesiam,
948 3817 982 3875 et
1000 3804 1037 3871 in
1055 3806 1216 3906 docendo

238 3919 273 3976 st
288 3907 456 3974 discendo
474 3905 621 3994 gloriam
635 3901 713 3984 Dei,
737 3904 918 3974 veritatem
932 3919 965 3974 et
984 3905 1132 3975 salutem
1148 3930 1217 3977 no·

237 4020 346 4078 stram
361 4019 394 4074 et
410 4005 560 4074 aliorum
576 4025 802 4096 quaeramus,
827 4027 901 4073 non
919 4019 1096 4096 captemus
1114 4023 1216 4078 auras
1367 4018 1470 4090 Talia
1488 4017 1695 4113 Principum
1717 4019 1864 4092 consilia
1891 4036 1925 4094 et
1940 4023 2032 4094 iacta
2045 3985 2137 4094 'cum
2161 4026 2253 4116 legi·

237 4097 425 4198 populares
447 4099 701 4196 sophismatum
724 4105 921 4194 praestigiis
952 4120 985 4177 et
1017 4103 1216 4200 sycophan·
1265 4143 1363 4206 mus,
1396 4142 1625 4225 agnopcamu,
1646 4120 1714 4192 Dei
1743 4123 1952 4194 heneficium
1980 4124 2109 4210 susm,
2150 4129 2251 4219 quud

236 4209 316 4279 tica.
1266 4223 1351 4293 tales
1363 4219 1547 4314 Principes
1562 4219 1774 4294 Germaniae
1796 4223 1906 4295 dedit.
1957 4221 2120 4316 Ipsorum
2141 4227 2250 4296 etiam

336 4319 380 4392 ln
395 4315 462 4391 hac
475 4334 591 4390 autern
605 4318 816 4408 cogitatione
831 4315 944 4410 dehis
957 4323 1215 4413 praestantibus
1266 4324 1431 4395 virtutem
1447 4323 1651 4408 laudemus,
1673 4323 1735 4418 qui
1751 4349 1820 4416 pro
1837 4325 1912 4415 lege
1927 4337 1962 4394 et
1977 4348 2043 4417 pro
2061 4348 2183 4416 grege,
2209 4327 2249 4398 id

234 4421 341 4507 viris,
380 4425 424 4490 de
445 4419 544 4491 Duce
563 4417 714 4490 Ernesto
730 4415 958 4507 etLuthero,
983 4423 1138 4493 iudicavi
1157 4449 1213 4496 me
1265 4437 1395 4520 est,yut
1416 4425 1462 4496 ad
1475 4419 1542 4494 Dei
1564 4424 1782 4516 agnitionem
1804 4420 2111 4496 multoshomines
2128 4429 2247 4498 adclu-

233 4537 326 4604 recte
346 4523 520 4596 iacturum
549 4543 641 4600 esse,
674 4521 703 4590 si
727 4517 837 4593 Ducis
857 4518 1001 4594 Ernesti
1028 4517 1212 4595 historiam
1264 4539 1402 4612 cerent,
1427 4539 1462 4596 et
1474 4527 1656 4614 munirent
1670 4550 1791 4618 pacem
1807 4524 1990 4616 religione,
2015 4527 2163 4616 legibus,
2189 4528 2249 4599 iu-

232 4623 437 4706 recitarern,
461 4645 536 4690 non
558 4645 598 4690 eu
621 4635 776 4707 tantum,
801 4625 884 4716 qnia
908 4625 983 4715 ipse
999 4625 1212 4716 privatimei
1263 4627 1388 4720 diciis,
1411 4626 1618 4718 disciplina,
1637 4628 1730 4698 bella
1745 4640 1943 4717 gesserunt,
1969 4639 2003 4698 et
2019 4651 2246 4700 communem

231 4723 484 4812 gratitudinem
503 4722 633 4805 debeo,
656 4746 735 4792 cum
752 4724 859 4794 fuerit
873 4747 973 4794 meae
986 4726 1120 4816 patriae
1135 4724 1211 4796 Do·
1261 4721 1443 4818 religionis
1457 4724 1716 4800 etGermaniae
1731 4727 2019 4800 coniunctionem
2032 4729 2139 4800 tutati
2148 4743 2246 4822 sunt,

226 4822 367 4906 minus,
388 4839 422 4894 et
445 4825 591 4918 quidem
612 4823 783 4912 singulari
813 4825 1062 4896 benevolentia
1090 4849 1210 4898 meum
1260 4852 1334 4898 non
1350 4827 1589 4898 dilaceratum
1605 4830 1753 4920 privatis
1766 4827 2033 4918 cupiditatibus.
2085 4827 2158 4900 Sed
2181 4855 2246 4902 ve·

225 4935 360 5014 patrem
381 4926 582 5014 complexus
603 4926 730 5010 fuerit,
762 4928 823 4996 sed
855 4927 961 4998 etiam
993 4926 1078 5021 quia
1104 4928 1207 4997 nobis
1260 4943 1374 5000 terum
1388 4923 1572 5016 historias,
1596 4929 1664 5000 etsi
1686 4931 1797 5002 multa
1812 4924 1961 5000 honesta
1983 4929 2142 5020 exempla
2157 4954 2246 5001 con-

222 5023 522 5094 omuibusdanda
542 5039 592 5097 est
611 5049 736 5117 opera,
761 5041 800 5098 ut
822 5029 910 5100 sciat
935 5027 1121 5117 posteritas
1141 5029 1208 5098 do·
1257 5028 1391 5114 tinent,
1424 5031 1560 5101 omitto.
1609 5025 1958 5102 HicEruestusDux
1973 5027 2247 5104 Brunsvicensis

220 5125 373 5196 ctrinam
409 5121 647 5196 Ecclesiarnm
682 5141 884 5198 nostrarum
919 5143 1093 5220 receptam
1132 5151 1207 5200 esse
1257 5144 1291 5203 et
1304 5129 1592 5222 Lunehurgensis
1605 5143 1710 5201 natus
1724 5145 1776 5204 est
1793 5155 1833 5202 ex
1849 5145 1948 5224 patre
1959 5128 2061 5202 Duce
2080 5127 2242 5204 Henrieo

218 5227 433 5314 gravissimis
461 5226 823 5318 iudiciissapteutum
854 5229 1080 5300 abonorum
1096 5227 1204 5300 Prin·
1256 5244 1291 5302 et
1319 5245 1432 5312 matre
1461 5231 1534 5304 lilia
1557 5227 1700 5302 Ernesti
1722 5228 1829 5304 Ducis
1851 5231 2026 5304 Saxouiae
2048 5225 2242 5308 Electoris.

215 5327 355 5418 cipum,
379 5327 473 5400 inter
494 5351 680 5422 quoscum
698 5329 893 5402 lueritllus
906 5326 1093 5419 Ernestus,
1117 5356 1202 5426 pro·
1255 5331 1300 5404 ln
1321 5345 1419 5424 patre
1434 5333 1613 5406 ,excellens
1634 5332 1817 5426 ingenium
1836 5333 1932 5421 luit,
1950 5345 1991 5405 ut
2013 5332 2119 5403 multi
2131 5329 2244 5404 Prin·
2282 5381 2288 5389 -
