4696 5820
43 335 45 340 ,
111 265 191 344 esc
682 259 843 341 onor.
875 259 950 337 nn
989 253 1242 374 nesano
1281 251 1587 332 nornnon.
1669 295 1674 310 -
2073 257 2150 334 2⁷0

111 447 255 510 rantur.
307 435 481 506 Premens
498 431 611 504 lulius
626 429 814 507 Erasmum
834 435 987 506 accersit.
1029 430 1109 504 Etsi
1160 445 1240 500 rum
1267 442 1301 500 et
1323 425 1512 499 Erasmnm
1536 427 1698 512 videtur,
1732 441 1851 501 tamen
1881 425 1975 500 nihil
1997 431 2147 503 dubium

116 552 236 608 autem
261 532 433 608 Erasmus
458 549 651 629 tyrannum
679 551 804 622 norat,
836 551 871 608 et
905 537 980 607 eins
1005 537 1108 604 vultu
1159 546 1222 612 est,
1241 528 1512 602 Erasinototam
1531 524 1621 599 hanc
1639 543 1774 621 partem
1793 533 2054 604 emendationis
2071 535 2150 625 pla·

112 639 390 730 perterrefactus
412 650 506 721 erat,
542 653 660 708 tamen
686 654 826 730 praeter
847 639 1008 708 omnium
1028 638 1109 728 opi·
1156 634 1287 712 tuisse,
1313 657 1404 726 quae
1426 645 1520 702 taxat
1543 655 1681 702 errores
1704 635 1749 701 de
1774 634 1904 706 ritibus
1918 631 2085 712 humanis
2108 636 2147 704 in

110 741 263 811 ninnem
291 737 405 808 lulius
436 739 573 829 placide
608 765 688 810 eum
723 755 866 825 monet,
912 763 957 808 ne
981 741 1025 808 cle
1050 759 1107 807 re-
1158 731 1328 804 Ecclesia.

107 867 196 932 gnm
213 841 367 932 negotiis
380 840 560 920 scriberet,
588 839 667 926 Tu,
696 842 831 937 inquit,
857 841 941 911 talia
956 865 1031 911 non
1048 841 1107 908 in·
1264 831 1412 908 Constat
1424 835 1528 906 etiam
1547 859 1628 907 cum
1645 860 1747 930 saepe
1760 839 1899 926 dixisse,
1914 841 1953 910 in
1969 840 2146 933 interpre-

115 943 270 1034 telligis,
295 956 336 1013 ut
349 937 512 1012 Phalaris
537 943 749 1014 Simonides
773 943 880 1029 dixit,
899 939 1049 1036 μέλοιεν
1065 937 1111 1013 de‘
1156 937 1291 1008 tatione
1310 935 1500 1008 Sacrorum
1517 937 1692 1010 librorum
1709 941 1804 1008 vinci
1818 938 2005 1014 aLuthero
2022 967 2146 1014 omnes

109 1047 344 1136 carpocrate
364 1039 650 1124 εὖκλέειςπόνοι.
1155 1053 1189 1110 ει
1214 1055 1346 1110 veteres
1373 1053 1409 1110 et
1428 1053 1583 1110 recentes
1608 1042 1836 1133 interpretes,
1861 1067 1926 1114 nee
1951 1043 2143 1144 ἐξηγητικᾶ

220 1143 399 1218 Reversus
416 1169 459 1213 ex
478 1145 580 1215 ltalia
602 1146 642 1214 in
659 1143 854 1235 Belgicum,
870 1148 1007 1239 scripsit
1018 1143 1104 1216 Phi·
1155 1141 1286 1232 scripta
1303 1140 1451 1212 meliora
1467 1164 1541 1212 csse
1555 1137 1706 1214 Lntheri
1725 1145 2027 1232 enarrationibus,
2053 1173 2144 1242 quae

108 1249 226 1339 lippo,
253 1247 328 1336 regi
339 1244 546 1337 Hispaniae,
561 1244 818 1342 Panegyricum
838 1248 930 1321 lectu
946 1250 1107 1340 dignum,
1155 1238 1350 1335 Prophetas
1368 1256 1545 1328 enarrant,
1571 1268 1658 1335 quas
1672 1247 1815 1338 quidem
1833 1247 1957 1337 etipse
1974 1245 2143 1322 Erasmus

107 1365 145 1420 et
161 1362 310 1442 propter
324 1348 535 1418 memoriam
550 1349 643 1438 regis
659 1345 840 1442 Philippi,
866 1350 904 1420 in
922 1376 993 1446 qno
1010 1351 1106 1419 mul·
1154 1345 1223 1434 legi
1241 1345 1309 1414 sibi
1327 1367 1346 1414 a
1363 1367 1472 1414 coena
1486 1345 1643 1415 iubebat.
1668 1348 1738 1417 Sed
1755 1347 1795 1416 in
1808 1350 2038 1422 contentiosis
2055 1353 2143 1424 scri-

108 1465 229 1522 tmm
251 1451 424 1520 virtutum
440 1450 587 1521 fuerunt
610 1450 730 1533 initia,
757 1464 793 1523 01
809 1453 1104 1544 pmpterorafio.
1154 1447 1224 1538 ptis
1239 1447 1421 1516 interdum
1437 1469 1517 1516 eum
1538 1441 1718 1518 horridius
1733 1451 1907 1541 quaedam
1925 1475 2143 1544 exaggerare,
2262 1546 2267 1556 ¹

105 1553 166 1622 nis
182 1552 423 1644 splendorem.
543 1593 547 1600 -
1153 1571 1199 1617 ne
1216 1548 1302 1642 quid
1318 1549 1362 1617 de
1377 1571 1480 1618 cansa
1497 1547 1619 1637 largiri
1635 1550 1808 1620 videatur.
1872 1587 1878 1600 ·

214 1650 307 1723 Cum
335 1667 454 1724 autem
488 1653 528 1722 in
553 1665 606 1725 tot
629 1653 996 1744 peregrinationibus,
1029 1644 1123 1725 noni
1256 1649 1390 1720 Notum
1413 1663 1466 1721 est
1487 1649 1593 1719 etiam
1613 1651 1831 1745 colloquium
1848 1654 1935 1723 boni
1951 1652 2141 1748 Principis,

104 1756 227 1826 solum
250 1755 357 1824 urbes
379 1755 593 1840 multorum,
633 1756 695 1824 sed
720 1756 826 1826 etiam
851 1779 974 1826 sensus
996 1770 1101 1850 atque
1153 1763 1187 1820 et
1208 1750 1380 1842 sapientia
1404 1751 1613 1842 praestantis
1633 1749 1931 1824 DucisFriderici
1955 1772 1991 1828 ει
2017 1758 2140 1849 ipsius.

105 1857 303 1948 opiniones
320 1854 587 1940 considerasset,
607 1869 643 1928 et
661 1855 834 1926 iudicium
853 1858 929 1928 eius
946 1861 991 1926 de
1008 1861 1104 1928 mul·
1152 1850 1246 1923 Cum
1262 1853 1358 1922 enim
1373 1855 1636 1924 controversiae
1651 1856 1695 1924 de
1712 1857 1874 1926 doctrina
1888 1881 2008 1928 recens
2025 1873 2141 1932 motae

98 1960 153 2028 ‘tis
180 1957 320 2047 magnis
344 1958 450 2030 rebus
472 1958 718 2028 confirmatum
744 1972 851 2042 esset,
878 1973 912 2030 et
929 1959 1101 2031 autorita·
1153 1968 1278 2039 essent,
1294 1968 1329 2024 et
1346 1951 1426 2025 Dux
1441 1952 1644 2025 Fridcricus
1661 1957 1889 2048 prospiceret,
1904 1975 2035 2052 quanta
2052 1975 2141 2031 tem-

104 2075 181 2132 tem
198 2059 292 2128 lama
313 2058 545 2140 eruditionis,
572 2072 605 2128 et
618 2071 722 2129 aetas
735 2062 924 2146 adderent,
948 2062 1101 2132 videret-
1153 2070 1268 2148 pestes
1288 2057 1527 2149 impenderet,
1553 2071 1598 2128 et·
1610 2082 1728 2152 neque
1747 2059 1836 2130 falsa
1857 2061 1974 2152 spargi
1990 2063 2140 2154 permis-

103 2185 178 2254 quc
213 2158 373 2248 ingentia
396 2155 575 2230 Ecclesiae
604 2160 773 2244 vulnera,
790 2162 972 2240 ‚decrevit
998 2166 1101 2234 edere
1153 2181 1257 2228 surus
1274 2171 1373 2244 esset,
1395 2183 1512 2252 neque
1527 2183 1629 2228 veras
1640 2175 1675 2230 et
1692 2162 1904 2233 necessarias
1921 2164 2140 2237 emendatio·

103 2260 204 2332 Novi
214 2259 438 2332 Testamenti
449 2259 778 2350 interpretationem
792 2265 902 2353 magis
911 2261 1102 2334 Gramma·
1152 2273 1326 2330 nesmetu
1342 2262 1583 2351 periculorum
1603 2263 1759 2352 opprimi
1783 2265 1899 2337 vellet.
1951 2262 2139 2338 Erasmum
2238 2299 2242 2304 ·

103 2365 234 2446 ticam,
260 2376 296 2435 et
309 2361 440 2432 addere
453 2362 718 2434 admonitiones
736 2366 781 2434 dc
801 2366 983 2436 vocabulis
1007 2381 1041 2439 ει
1057 2370 1101 2438 de
1151 2363 1196 2429 de
1216 2385 1256 2432 re
1280 2375 1377 2432 tonte
1402 2361 1590 2432 consuluit·
1650 2363 1732 2452 Quo
1756 2365 1795 2433 in
1817 2367 2020 2460 colloquio,
2058 2393 2139 2438 cum

105 2463 244 2557 phrasi.
1150 2477 1233 2532 ante
1255 2465 1459 2545 exordium,
1485 2477 1525 2534 ut
1546 2462 1585 2532 in
1602 2465 1727 2556 primis
1742 2470 1987 2556 congressibus
2000 2470 2138 2563 aliq'uid

214 2563 296 2636 Hoc
322 2587 428 2656 opere
445 2565 631 2638 iudicabat
645 2568 735 2639 duas
748 2591 804 2640 res
819 2591 964 2659 magnas
978 2584 1012 2640 et
1026 2570 1100 2640 uti·
1151 2561 1341 2636 hilaritatis
1374 2565 1592 2650 ostenditur,
1628 2567 1773 2638 dixisset
1800 2567 1883 2638 Dux
1914 2568 2137 2642 Fridericus:
2243 2591 2244 2602 ¹

102 2671 158 2742 les
172 2667 241 2755 agi.
293 2663 472 2748 Futurum
492 2669 589 2738 enim
611 2691 703 2750 esse,
728 2685 770 2740 ut
792 2673 908 2742 studia
930 2675 1100 2741 emenda·
1151 2662 1404 2760 Propterquas
1421 2689 1541 2738 causas
1565 2663 1732 2738 monachi
1746 2671 1833 2739 adeo
1850 2670 2051 2743 irascuntur
2067 2671 2152 2742 [ιιι-ι
2267 2667 2268 2670 '

103 2783 255 2847 rentur,
294 2781 330 2838 et
351 2769 472 2858 plures
493 2767 659 2841 Latinam
683 2784 716 2841 et
739 2769 913 2841 Graecam
937 2772 1097 2862 linguam
1151 2741 1277 2838 firmo?
1309 2767 1478 2840 Erasmus
1501 2771 1635 2863 inquit:
1658 2771 1743 2840 Duo
1768 2795 1895 2859 magna
1919 2788 2058 2862 peccata
2074 2771 2138 2844 ad·

102 2873 303 2954 discerent,
329 2881 364 2939 et
379 2869 551 2961 paulatim
566 2873 841 2944 exorienteluce
856 2873 1028 2960 veritatis,
1045 2887 1099 2944 te·
1151 2869 1268 2955 misit,
1298 2871 1413 2960 attigit
1437 2893 1605 2942 coronam
1633 2869 1748 2964 Papae
1774 2889 1809 2946 et
1840 2887 1982 2947 ventres
2012 2900 2138 2946 mona·

102 2975 239 3042 nebrae
252 2985 524 3054 evanescerent,
549 2986 583 3044 et
600 2975 795 3046 multomm
820 2999 981 3048 errorum
998 2976 1100 3046 vani·
1150 2965 1311 3046 chorum.

101 3091 157 3146 tas
175 3086 405 3162 retegeretur.
1252 3073 1390 3144 Deinde
1413 3091 1528 3148 secuta
1551 3093 1602 3152 est
1629 3081 1718 3151 scria
1743 3083 1971 3171 deliberatio,
2004 3082 2043 3154 in
2068 3107 2137 3178 qua

207 3173 294 3244 Fuit
310 3175 417 3244 foelix
432 3173 657 3264 institutum,
682 3202 723 3249 ac
737 3200 801 3268 ego
818 3177 962 3272 quidem
979 3179 1098 3249 existi·
1149 3171 1319 3248 Erasmus
1336 3200 1464 3267 genus
1497 3182 1681 3253 doctrinae
1713 3185 1802 3268 dixit
1829 3185 1928 3278 pium
1954 3210 2045 3273 esse,
2077 3187 2137 3256 sed

100 3303 184 3363 mo,
210 3275 386 3346 divinitus
410 3290 442 3348 et
468 3277 586 3347 studia
610 3277 707 3360 eius,
733 3295 768 3350 et
791 3278 939 3349 consilia
955 3283 998 3349 ad
1030 3275 1098 3350 hoc
1149 3291 1273 3369 optare
1286 3304 1335 3364 se,
1361 3283 1531 3373 quasdam
1544 3307 1620 3353 non
1636 3288 1847 3357 necessarias
1864 3289 2087 3382 quaestiones
2102 3304 2138 3362 ει

6 3463 7 3474 ¹
101 3377 508 3472 opusgubernataesse.
548 3376 659 3448 Liber
672 3379 788 3451 editus
803 3392 837 3448 et
853 3404 973 3453 rernm
990 3381 1096 3450 boni-
1149 3373 1369 3450 horridiores
1411 3385 1613 3471 praeteriri,
1663 3399 1698 3457 ει
1734 3388 1908 3480 placidius
1951 3390 2136 3481 disputari.

99 3495 186 3560 tate,
210 3492 247 3551 et
261 3477 436 3550 orationis
449 3478 635 3560 suavitate,
662 3481 884 3552 iuventutem
897 3481 943 3552 ad
956 3481 1097 3572 lingua·
1149 3482 1318 3552 Mortuus
1335 3496 1385 3552 est
1401 3477 1572 3555 Erasmus
1588 3487 1626 3556 in
1648 3487 1875 3561 invocatione
1890 3489 1970 3564 Dei.
2021 3489 2070 3564 Et
2086 3494 2137 3561 ci·

99 3605 183 3652 mm
211 3593 247 3650 ct
262 3582 306 3649 ad
324 3575 586 3652 Grammaticos
600 3583 717 3652 studia
733 3583 917 3668 invitavit,
940 3584 1097 3654 seniores
1148 3582 1202 3652 vis
1216 3607 1291 3654 esse
1305 3580 1485 3656 Ecclesiae
1499 3583 1706 3658 Basilicnsis
1728 3591 1854 3663 voluit.
1955 3609 1958 3616 '

99 3685 210 3754 etiam
236 3684 281 3750 de
305 3681 427 3752 multis
450 3681 631 3752 erroribus
654 3683 853 3758 admonuit.
908 3681 955 3756 Ut
977 3699 1093 3755 autem
1250 3683 1322 3756 Nec
1344 3711 1427 3756 vero
1450 3687 1581 3758 mirum
1605 3705 1677 3772 est,
1704 3691 1743 3760 in
1765 3705 1864 3765 tanta
1880 3695 1975 3766 mole
1992 3709 2137 3768 contro-

98 3785 209 3856 bonis
236 3781 324 3853 viris
350 3796 470 3872 gratus
497 3779 556 3853 hic
579 3783 682 3855 labor
706 3785 791 3866 suit,
831 3786 880 3855 ita
906 3790 1094 3858 contra'in
1147 3785 1363 3872 versiarum,
1402 3787 1533 3859 alicubi
1566 3791 1660 3861 inter
1683 3786 1847 3865 homines
1877 3797 1984 3868 etiam
2012 3800 2138 3884 bonos,

99 3877 450 3973 omnilinsgentibus
462 3881 869 3980 Hypocritaemonaclsi,
900 3901 1094 3976 metuentes
1146 3889 1301 3984 aliquam
1344 3887 1500 3960 incidere
1540 3892 1868 3968 dissimilitudinem
1910 3897 2136 3972 iudiciorum.

100 4012 187 4060 suae
204 3985 389 4058 autoritati
414 4001 448 4058 ct
472 3987 608 4071 ventri,
633 4002 666 4060 et
680 3983 767 4059 haec
784 4013 876 4058 nova
892 3992 1009 4061 studia
1027 4015 1092 4082 op-
1146 3988 1216 4061 Sed
1231 3985 1323 4059 hanc
1341 3991 1617 4086 disputationem
1640 3999 1779 4074 omitto.
1831 3996 1948 4072 Multa
1973 4017 2054 4074 sunt
2071 4029 2134 4073 art-

99 4093 267 4184 primere,
283 4101 317 4158 ct
333 4087 450 4178 ipsum
467 4101 626 4158 autorem
644 4091 790 4181 perdere
804 4107 990 4163 conantur.
1020 4091 1091 4162 Pu·
1145 4106 1216 4163 tem
1246 4093 1344 4183 signa
1374 4095 1523 4166 modesti
1551 4099 1660 4166 extimi
1683 4100 1721 4167 in
1744 4095 1907 4176 Erasmo.
1960 4102 2136 4175 Potuisset

98 4203 212 4284 gnant
227 4187 267 4260 in
283 4188 401 4278 aulis,
424 4189 463 4258 in
479 4185 696 4284 Gynscccis,
722 4192 760 4262 in
778 4193 1027 4281 concionibus,
1053 4207 1091 4265 ut
1143 4193 1237 4287 apud
1252 4192 1443 4266 Pontifices
1459 4198 1614 4290 accipere
1630 4223 1755 4290 magna
1771 4204 1905 4294 premia
1920 4207 2132 4277 adsentatio-
2231 4257 2235 4264 ·

97 4293 271 4368 Erasmus
292 4290 440 4362 tollatur
469 4292 643 4365 emedio.
695 4291 856 4385 Fingunt
887 4295 1035 4366 crimina
1059 4312 1093 4369 et
1143 4321 1252 4380 num,
1277 4297 1308 4366 si
1324 4299 1554 4368 ambitionem
1571 4301 1700 4371 studiis
1717 4305 1949 4395 praetulisset.
1984 4301 2033 4378 Et
2049 4330 2134 4399 pro·

98 4395 249 4468 tabellas
265 4405 379 4482 gratas
393 4415 457 4463 sun
473 4386 632 4475 theatro,
653 4409 694 4466 ut
711 4396 853 4466 veritati
877 4396 916 4464 in
931 4391 1091 4468 Ecclesia
1143 4399 1252 4467 fuisse
1265 4400 1341 4467 eins
1358 4398 1496 4470 labores
1510 4403 1553 4469 ad
1570 4405 1752 4474 excitanda
1770 4408 1888 4476 studia
1904 4407 2046 4498 linguae
2061 4409 2131 4480 La·

99 4497 270 4568 omnibus
287 4495 507 4585 temporibus
515 4489 732 4589 Hypocritae
749 4498 993 4569 adversantur.
1020 4497 1090 4569 Sed
1143 4500 1241 4568 tinae
1253 4513 1286 4568 et
1302 4498 1459 4570 Graecae
1474 4505 1701 4574 manifestum
1716 4519 1779 4576 est.
1832 4506 1938 4580 vivet
1961 4511 2066 4582 etiam
2094 4512 2132 4581 in

98 4611 301 4670 armaverat
317 4592 417 4666 Deus
432 4593 622 4667 Erasmum
633 4621 699 4668 sua
716 4621 889 4689 gorgone,
915 4600 1091 4684 videlicet,
1141 4595 1198 4671 his
1221 4601 1372 4672 utilibus
1396 4603 1583 4694 operibns,
1610 4607 1648 4674 in
1677 4609 1762 4677 novi
1781 4607 1999 4681 Testamenti
2022 4623 2133 4683 inter·

97 4696 339 4796 Eloquentia,
365 4722 436 4792 qua
450 4697 593 4769 fortiter
609 4701 741 4791 repulit
756 4696 886 4773 hostes.
1141 4703 1348 4793 pretatione,
1373 4703 1413 4772 in
1430 4728 1473 4773 eo
1488 4706 1594 4792 libro,
1615 4708 1676 4801 qni
1694 4724 1746 4780 est
1759 4711 1854 4780 velut
1871 4713 1994 4800 copiae
2009 4739 2133 4802 cornu,
2228 4733 2236 4748 ·

199 4801 326 4872 Postea
342 4812 458 4870 totum
475 4799 659 4870 doctrinae
680 4797 934 4874 ecclesiassrcac
950 4827 1090 4898 corpus,
1140 4804 1180 4873 in
1193 4828 1265 4898 quo
1288 4817 1360 4872 tam
1376 4807 1474 4876 varia
1491 4821 1562 4892 est,
1589 4811 1754 4882 etdnlcis
1771 4809 2049 4895 proverbiorum
2073 4819 2132 4888 in·
2211 4839 2215 4846 ·

96 4929 180 4976 voce
213 4901 401 4974 reverendi
432 4897 566 4970 viril).
592 4898 742 4973 Lnthcri
773 4918 1001 4996 repurgatum
1026 4919 1089 4986 est,
1139 4907 1364 4996 terpretatio,
1396 4932 1500 5000 quern
1524 4910 1677 4991 librum,
1710 4925 1750 4980 ut
1782 4933 1884 5004 saepe
1907 4918 2131 5015 multumque

100 5031 204 5102 mam
223 5005 268 5074 ad
284 5029 358 5075 rem
373 5002 597 5095 praeparatio
614 5004 702 5089 fuit,
727 5007 823 5098 quod
849 5006 934 5074 libri
948 5021 1090 5099 aposto-
1138 5007 1281 5098 legatis,
1308 5008 1412 5078 valde
1430 5033 1492 5080 vos
1510 5009 1695 5086 adhortor.

96 5109 156 5180 lici
170 5121 206 5178 et
220 5121 354 5179 veteres
377 5099 545 5176 historiae
570 5105 642 5174 iam
657 5107 695 5174 in
720 5102 1088 5179 manibushominum
1160 5157 1162 5162 -
1229 5106 1441 5180 Sermonem
1456 5115 1560 5183 etiam
1578 5138 1618 5184 ac
1635 5115 1828 5204 figurarum
1845 5121 2001 5211 exempla
2017 5125 2128 5196 multa

98 5222 205 5286 amnt,
1137 5235 1179 5280 ex
1194 5210 1272 5281 eius
1287 5211 1452 5283 oratione
1467 5238 1605 5284 sumere
1622 5217 1798 5307 poteritis.

184 5308 264 5383 Etsi
279 5321 397 5381 antem
410 5311 454 5380 de
469 5311 682 5404 quibusdam
700 5311 963 5392 controversiis,
978 5335 1087 5405 quae·
1238 5307 1316 5383 Etsi
1333 5313 1430 5384 enim
1447 5313 1572 5386 Critici
1589 5319 1733 5412 quidam
1750 5321 1894 5392 delicias
1911 5345 1985 5392 esse
1999 5325 2128 5396 immo-

98 5415 177 5483 dam
200 5413 309 5485 fuine
328 5411 545 5486 iudiciorum
573 5411 826 5485 dissimilitudo
841 5413 935 5486 inter
949 5409 1087 5486 Lutbe·
1107 5465 1112 5494 .
1135 5415 1253 5501 dicas,
1280 5430 1315 5488 ct
1338 5417 1520 5488 interdum
1544 5419 1675 5511 ligures
1699 5423 1965 5515 intempestivas
1981 5447 2055 5496 esse
2071 5429 2128 5498 di·
