4726 5828
224 289 274 362 43
967 223 1128 358 unci,
1169 275 1244 354 uu
1276 279 1500 356 ursui-n
1625 241 1636 262 “
2200 283 2253 380 aa

221 459 292 532 fult
313 451 503 537 autoritas,
543 477 651 550 quam
676 445 901 547 nequaquam
923 448 1117 524 voluerunt
1142 473 1216 522 esse
1266 466 1397 546 potest,
1423 453 1512 548 quin
1528 453 1616 526 boni
1629 453 1814 547 Principes
1827 447 1984 528 babeant
1998 453 2187 528 adiunctus
2201 457 2259 526 vi-

222 560 402 632 inlinitam
423 570 485 628 aut
503 556 745 653 tyrannicam,
770 555 833 624 sed
855 549 1114 626 honestissimis
1126 553 1216 643 legi-
1266 576 1325 625 rus
1346 555 1521 647 sapientes
1549 571 1584 630 et
1605 558 1720 628 bonus
1743 558 1781 626 iu
1804 556 1982 643 consiliis,
2016 571 2052 630 et
2073 557 2163 651 quin
2183 559 2258 630 vita

223 656 290 735 bus
320 675 356 733 et
386 658 528 730 iudiciis
559 658 646 748 regi.
698 651 759 745 ‚Ac
780 668 906 726 nutum
933 673 984 729 est
1008 652 1217 726 honestissi-
1267 679 1390 727 eurum
1406 651 1816 731 censurasitmuiturum
1831 661 1871 728 in
1884 659 2032 750 pupulo,
2056 659 2259 732 utdicitur:

223 787 301 836 mos
317 773 503 833 consessus
524 782 599 831 esse
616 759 794 840 iudicum,
820 759 882 850 qui
898 781 939 828 ex
955 759 1082 828 ordine
1107 779 1212 851 eque·
1368 761 1422 828 Sic
1438 767 1537 847 agiam
1552 787 1695 846 masura,
1721 779 1752 829 et
1766 770 1810 832 sia
1825 771 1965 850 exempta
1980 780 2140 849 parantur,

224 866 309 948 stri,
343 877 378 934 et
411 888 453 933 ex
476 861 691 934 Ductoribus
720 859 865 944 delecti,
903 859 1095 954 quotannis
1125 881 1215 952 qua-
1420 865 1500 930 cum
1514 869 1609 930 iudex
1624 873 1700 931 atius
1713 869 1797 954 quod
1812 883 1916 930 mouet
1931 874 1998 952 ipse
2012 871 2096 932 ibuit.

224 986 279 1042 ter
299 967 343 1036 ad
366 964 607 1055 coguitionem
627 961 949 1033 controversiarum
971 962 1081 1033 tutius
1105 959 1217 1031 ditio·
1369 958 1533 1056 Cumque
1554 964 1594 1034 in
1615 975 1693 1034 tutu
1715 986 1842 1055 genere
1858 959 2017 1034 humanu
2032 986 2173 1055 semper
2189 965 2263 1032 im-

223 1072 281 1143 nis
300 1067 531 1140 conveniunt.
1267 1074 1362 1134 muta
1380 1064 1648 1152 gubernationis
1662 1087 1787 1134 norma
1803 1087 1875 1134 esse
1889 1066 2035 1151 debeat,
2060 1062 2263 1155 Decalugus

327 1167 471 1259 Quanta
495 1168 535 1236 iu
561 1160 647 1258 pace
678 1165 779 1236 etin
810 1161 915 1236 bellis
937 1161 1051 1233 virtus
1075 1159 1214 1232 Princi·
1268 1177 1361 1234 recte
1383 1165 1602 1248 intellectus,
1636 1179 1672 1237 et
1690 1164 1787 1236 Deras
1803 1165 2051 1257 Magistratum
2075 1166 2162 1238 velit
2185 1189 2264 1238 csse

224 1297 311 1369 pum
329 1271 453 1351 fuerit,
479 1269 591 1341 muita
602 1270 805 1340 ostendunt.
856 1263 1137 1357 Fridericusqni
1151 1258 1217 1334 ba-
1268 1289 1412 1346 vucem,
1437 1280 1470 1337 et
1486 1271 1669 1340 custodem
1680 1262 1788 1338 buius
1801 1291 1885 1338 suae
1897 1282 2060 1340 aeternae
2072 1268 2179 1356 legis,
2203 1291 2261 1336 se-

225 1377 306 1449 buit
326 1375 525 1443 admorsam
550 1393 675 1459 genam
697 1369 848 1460 patriam
874 1364 1033 1436 defendit
1049 1367 1217 1436 adversus
1268 1381 1428 1460 quuntur
1449 1363 1542 1438 hanc
1566 1393 1685 1458 veram
1709 1391 1871 1440 normam
1893 1383 1928 1440 ct
1947 1371 1985 1442 iu
2013 1365 2080 1440 hac
2104 1382 2178 1440 tuta
2201 1393 2262 1438 re-

227 1472 425 1556 Bubemus,
450 1468 659 1564 Adulphum
670 1470 959 1552 Nassaviensem,
982 1462 1214 1537 etAlbertnm
1268 1468 1387 1556 giune.
1438 1466 1669 1558 Magistratus
1689 1469 1911 1562 praecipiunt
1934 1483 1976 1542 ut
1998 1470 2122 1562 pupuli
2143 1493 2263 1540 mores

227 1571 466 1651 Austriacum.
522 1571 684 1666 Cumque
707 1579 734 1642 a'
749 1566 963 1642 Marchiune
986 1565 1215 1639 Brandebur-
1269 1581 1467 1659 congruant
1479 1571 1523 1640 ad
1540 1585 1724 1662 praecepta
1739 1568 1829 1652 Dei,
1854 1586 1888 1642 et
1907 1573 2063 1663 puniunt
2074 1581 2264 1642 mutunia-

227 1679 326 1772 gensi
342 1691 464 1769 captus
478 1689 585 1760 esset,
611 1675 742 1744 virtute
756 1687 789 1745 et
802 1673 871 1742 lide
886 1669 1082 1741 nubilitatis
1098 1669 1136 1740 iu
1150 1664 1218 1740 hac
1269 1694 1336 1742 ces.
1387 1669 1452 1740 Pie
1475 1673 1672 1744 defenduut
1690 1669 1887 1759 Ecclesias,
1913 1697 2055 1744 nevere
2071 1669 2140 1744 Dei
2155 1671 2264 1741 invu-

228 1782 373 1872 regiune
394 1779 563 1848 liberatus
579 1790 642 1849 est.
687 1771 858 1846 Albertus
870 1796 956 1842 avus
972 1769 1097 1867 inclyti
1112 1770 1218 1840 Prin·
1269 1772 1360 1842 catio
1376 1772 1616 1862 extinguatur,
1642 1786 1677 1843 et
1692 1772 1832 1865 pellunt
1848 1770 2089 1868 hominesqui
2105 1786 2166 1845 ant
2179 1774 2263 1844 idu-

227 1885 316 1976 cipis
329 1879 438 1952 Ducis
451 1873 626 1949 Electuris
643 1875 831 1956 Mauricii,
857 1875 998 1944 duobus
1013 1872 1217 1964 putentissi—
1269 1874 1303 1943 la
1333 1874 1547 1955 defendunt,
1581 1888 1644 1946 aut
1672 1875 1861 1968 cyclopicis
1889 1877 2115 1946 sermonibus
2140 1871 2262 1946 Deum

226 1987 295 2056 mis
318 1995 352 2053 et
372 1979 598 2052 ferocissimis
622 1978 763 2067 regibus
787 1977 970 2066 oppositus
995 1989 1064 2056 est,
1088 1971 1218 2045 Caruiu
1269 1975 1485 2046 contumelia
1499 1975 1686 2061 adiiciunt,
1707 1987 1770 2046 ant
1784 1977 1881 2047 falsis
1896 1972 2265 2067 opinionibusEccle-
2293 1987 2316 2057 .'

229 2086 393 2158 Gibbusu
409 2082 484 2169 regi
506 2079 648 2151 Gallico
676 2094 710 2149 et
725 2078 901 2149 Matthiae
916 2074 991 2166 regi
1002 2074 1219 2160 Pannoniae,
1252 2076 1402 2170 ³siarum
1418 2074 1630 2146 consensum
1648 2077 1804 2146 turbant.
1853 2075 2060 2147 Puniuntur
2073 2075 2263 2147 latrocinia

227 2214 269 2260 ac
283 2190 392 2275 lungo
407 2183 503 2254 beiiu
520 2179 645 2252 Gallus
659 2205 699 2250 ex
716 2179 885 2250 Flandria
900 2177 1021 2263 eiecit,
1046 2190 1167 2269 postea
1184 2190 1220 2248 ct
1270 2192 1305 2248 et
1320 2175 1523 2250 seditiones.
1562 2175 1825 2247 'Defenduntur
1836 2176 1994 2267 legitima
2012 2178 2194 2266 coniugia,
2222 2203 2265 2248 ac

226 2283 405 2364 Mathiam
428 2284 567 2377 depulit
598 2283 644 2354 ab
671 2282 859 2353 obsidione
880 2279 981 2350 urbis
1001 2275 1220 2363 Austriacae,
1271 2301 1390 2350 severe
1404 2275 1606 2368 puniuntur
1619 2278 1794 2362 adulteri,
1820 2291 1855 2352 et
1870 2279 2104 2360 contaminati
2119 2279 2265 2349 incestis

228 2393 285 2464 cui
304 2411 436 2459 numen
461 2399 514 2457 est
533 2384 719 2476 Neapolis,
753 2397 787 2453 et
809 2379 875 2452 bac
898 2403 1016 2473 pugna
1040 2402 1220 2473 repressus
1270 2379 1495 2454 libidinibus.
1562 2377 1635 2452 Nec
1670 2377 1843 2452 toleratur
1872 2381 2014 2472 publice
2042 2383 2265 2453 cousuetudo

228 2487 406 2575 Mathias,
438 2488 580 2579 longius
604 2486 643 2554 in
668 2484 899 2557 Germaniam
925 2507 1000 2554 nou
1016 2503 1219 2573 progressus
1271 2505 1352 2552 curn
1373 2481 1468 2567 ulla,
1492 2504 1572 2551 cum
1592 2505 1662 2574 qua
1684 2503 1759 2549 nun
1781 2494 1835 2551 est
1856 2484 1981 2553 foedus
1994 2482 2177 2572 coniugale
2191 2479 2266 2552 Ec-

228 2609 290 2665 est.
341 2589 505 2684 Cumque
514 2589 703 2660 Aibertum
717 2585 911 2656 domesticu
927 2585 1022 2654 bellu
1038 2583 1220 2674 implicare
1271 2582 1397 2654 clasiae
1411 2581 1615 2654 testimonio
1628 2581 1773 2654 factum.
1825 2579 2204 2668 Puniunturetfures,
2229 2597 2266 2654 et

229 2710 437 2775 conaretur,
463 2715 502 2762 ac
511 2691 664 2760 misisset
679 2689 717 2758 in
729 2684 823 2757 hanc
831 2686 999 2756 viciniam
1015 2683 1219 2788 exercitum,
1272 2683 1335 2752 alii
1358 2684 1422 2778 qui
1442 2684 1547 2754 iidem
1570 2697 1753 2775 pacturum
1778 2683 1817 2752 in
1836 2685 2075 2755 contractibus
2097 2707 2172 2754 nun
2189 2709 2266 2756 ser-

216 2799 361 2886 ·virtute
381 2793 522 2865 Aiberti
547 2807 582 2863 et
601 2803 808 2880 agnatorum
832 2787 946 2878 patria
968 2784 1220 2856 foeliciterde-
1271 2801 1366 2855 vant.
1417 2783 1513 2874 Quia
1529 2809 1613 2856 veru
1630 2798 1778 2856 naturae
1793 2781 1982 2857 huminum
1994 2785 2154 2874 placidae
2169 2800 2266 2869 sunt,

6 2925 10 2940 ¹
136 2963 139 2968 .
227 2901 326 2971 fensa
345 2889 399 2968 est'
404 2946 416 2981 ,
444 2909 478 2967 et
489 2889 607 2964 hostes
624 2890 717 2984 pulsi
735 2904 770 2962 et
785 2889 948 2981 dissipati
963 2901 1068 2972 sunt,
1093 2901 1130 2958 et
1144 2911 1219 2957 nun
1272 2888 1367 2959 etad
1383 2885 1601 2974 agnitionem
1625 2900 1660 2957 et
1683 2884 2056 2972 invocationem'Dei,
2081 2900 2117 2958 et
2133 2888 2177 2956 ad
2194 2889 2264 2956 bu-

228 2989 345 3073 suium
366 2994 452 3070 haec
473 2994 623 3079 vicinia,
656 2995 717 3064 sed
741 2993 847 3062 etiam
872 2990 1008 3082 reliqua
1026 2987 1219 3059 Germania
1271 3010 1337 3058 nus
1353 3009 1471 3056 mures
1484 3009 1570 3057 voce
1584 2982 1782 3071 Ecclesiae,
1807 2988 2044 3079 etdisciplina
2059 2989 2266 3072 domestica,

170 3107 175 3114 “
227 3113 358 3192 magno
385 3098 544 3191 periculo
572 3097 721 3165 liberata
752 3108 812 3166 ost
871 3090 1026 3184 Fuitque
1051 3087 1221 3161 Albertus
1272 3103 1306 3158 et
1321 3088 1489 3179 exemplis
1507 3107 1702 3178 poenarum
1718 3088 1940 3181 publicarum
1955 3087 2170 3175 adsueiiunt,
2194 3090 2267 3159 mi-

229 3205 348 3301 quuad
378 3201 465 3270 vixit
494 3198 706 3290 praecipuus
732 3197 805 3265 dux
829 3195 875 3264 iu
891 3189 959 3263 buc
980 3186 1149 3283 irnperio,
1186 3203 1222 3261 et
1273 3212 1340 3259 nus
1356 3201 1391 3260 et
1406 3190 1647 3259 contumaciae
1663 3204 1697 3260 et
1711 3190 1892 3261 scelerum.
1940 3186 2006 3261 Est
2020 3205 2140 3261 antem
2156 3191 2265 3262 disti·

229 3307 379 3376 marime
392 3301 607 3372 formidatus
619 3295 960 3386 externisPsegibus,
984 3291 1018 3364 et
1032 3293 1221 3364 turbuieu-
1273 3292 1373 3382 plina
1387 3291 1577 3362 domestica
1596 3291 1635 3360 iu
1649 3292 1801 3362 urbibus
1822 3315 1862 3362 eu
1877 3292 2023 3377 melior,
2048 3292 2134 3385 quia
2149 3292 2267 3384 pluri-

229 3411 275 3478 tis
290 3403 538 3496 Principibus,
562 3401 655 3472 sicut
673 3394 829 3469 Achilles
851 3398 890 3466 in
911 3393 1048 3466 Graeco
1065 3394 1221 3466 exercitu
1273 3393 1324 3462 mi
1338 3393 1432 3464 cives
1446 3405 1487 3464 ut
1501 3415 1677 3488 nusquam
1701 3394 1807 3478 alibi,
1832 3404 1968 3464 uurunt
1987 3407 2168 3487 utcunque
2183 3395 2266 3463 lite-

229 3510 437 3580 numinatur
453 3504 587 3574 vallum
601 3497 835 3574 Achivorum.
1123 3557 1125 3560 ,
1273 3519 1348 3580 ras,
1372 3507 1407 3564 et
1423 3494 1521 3566 durni
1537 3517 1654 3565 sacrus
1668 3495 1781 3566 libros
1795 3496 1937 3584 legunt,
1964 3509 1998 3565 et
2011 3495 2105 3566 filius
2120 3517 2160 3566 ac
2174 3495 2266 3566 filias

332 3607 479 3679 Possem
515 3605 628 3704 multa
666 3599 861 3695 sapienter,
896 3601 1006 3684 iuste,
1040 3599 1221 3698 moderate
1273 3595 1395 3668 duceri
1410 3596 1531 3669 literas
1546 3610 1690 3682 curant,
1714 3608 1890 3686 almagno
1911 3596 2030 3669 studio
2045 3619 2130 3668 suus
2145 3597 2191 3668 ad
2206 3620 2266 3666 re-

229 3718 318 3786 facta
336 3709 544 3802 Principum
557 3702 836 3777 buiusfamiliae
857 3703 1016 3775 recitare.
1067 3699 1138 3772 Sed
1155 3696 1222 3771 hae
1273 3697 1469 3769 verentium
1507 3698 1641 3788 publici
1672 3697 1862 3768 ministerii
1900 3699 2115 3788 evangelici,
2150 3713 2187 3770 et
2218 3701 2265 3768 ad

132 3843 139 3852 ·
230 3819 356 3885 breves
372 3809 726 3882 commemorationes
744 3831 819 3876 nun
836 3802 1127 3887 habentiumen‚
1151 3801 1222 3871 nisi
1273 3801 1349 3893 pias
1372 3800 1593 3892 precationes
1616 3800 1870 3874 adsuefaciunt.
1907 3797 2065 3892 ”Ubique
2088 3799 2268 3888 iusingu-

231 3919 388 4006 integrae
412 3925 614 4001 temporum
636 3903 804 3977 historiae
817 3921 921 3977 notae
938 3906 1028 3986 siut,
1053 3917 1088 3974 et
1104 3903 1221 3972 consi·
1273 3904 1391 3973 iurum
1420 3901 1654 3972 mediocrium
1678 3901 1809 3972 civium
1842 3901 2008 3982 aedibus,
2042 3901 2136 3970 inter
2157 3925 2268 3970 urna-

230 4007 396 4100 deretur,
422 4011 537 4108 qualis
558 4001 667 4080 fuerit
691 4010 729 4078 in
750 4009 836 4100 ipsis
853 4001 1080 4097 Principibus
1094 3997 1222 4076 natura
1273 4018 1392 4074 menta
1413 4003 1602 4095 praecipua
1625 4002 1895 4095 conspiciuntur
1916 4003 2002 4073 libri
2018 4002 2127 4089 sacri,
2153 3998 2268 4074 bistu-

232 4135 268 4194 et
290 4130 456 4214 perpetua
478 4113 643 4182 voluntas
667 4133 746 4200 erga
772 4109 951 4202 Rempub.
1002 4107 1082 4204 Huc
1104 4121 1221 4178 tamen
1275 4106 1348 4176 riae
1377 4101 1683 4191 monarchiarum,
1715 4104 1871 4195 picturae
1908 4104 2129 4175 continentes
2160 4127 2269 4192 argu-

232 4218 399 4296 affirmari
421 4227 554 4308 potest,
580 4208 647 4282 bus
663 4210 847 4302 Principes
872 4233 938 4302 pru
956 4209 1140 4280 excellenti
1159 4230 1221 4278 sua
1274 4220 1393 4278 menta
1416 4207 1519 4278 utilia
1541 4209 1586 4276 ad
1604 4199 2195 4299 communerationemsumpn'ax
2209 4202 2269 4276 hi-

232 4321 404 4418 sapieutia
424 4317 536 4412 magis
559 4313 762 4384 adiunxisse
785 4337 821 4381 se
845 4316 895 4382 ad
911 4303 1162 4402 imperatores,
1177 4319 1224 4381 ¹et
1276 4309 1405 4382 stuciis.
1458 4307 1602 4402 Ubique
1624 4309 1772 4381 recitant
1792 4309 1896 4400 pueri
1908 4331 2031 4393 mane,
2058 4309 2151 4378 etad
2165 4333 2269 4377 men-

232 4424 419 4499 autoritate
442 4443 505 4490 sua
527 4427 562 4486 et
577 4416 707 4507 opibus
722 4413 833 4504 magis
847 4414 1044 4485 defendisse
1061 4434 1222 4483 commu·
1276 4435 1348 4481 sam
1360 4433 1479 4503 preces
1491 4425 1525 4482 et
1534 4409 1610 4502 pias
1624 4410 1834 4489 sententias,
1860 4424 1895 4480 et
1909 4409 2165 4495 admonentur,
2191 4411 2269 4478 sin-

232 4551 314 4600 nem
337 4520 552 4595 Germaniae
573 4519 742 4603 salutem,
766 4541 872 4610 quam
897 4518 1060 4586 fecerunt
1084 4511 1224 4586 caeteri.
1276 4514 1375 4602 gulas
1388 4513 1540 4582 familias
1561 4514 1689 4582 debere
1714 4535 1788 4581 esse
1802 4507 1979 4581 Ecclesias
1992 4525 2026 4582 et
2040 4511 2171 4602 templa
2187 4508 2269 4592 Dei,

232 4629 319 4701 Fuit
342 4626 452 4716 igitur
472 4620 663 4710 singularis
689 4618 938 4690 benevolentia
961 4640 1042 4705 erga
1068 4639 1127 4688 eus
1142 4613 1224 4684 ttn.
1275 4614 1467 4709 inquibus
1487 4612 1684 4684 veiitDeus
1707 4609 1887 4694 habitare,
1913 4613 2014 4683 etsie
2036 4605 2113 4684 lieri
2128 4635 2186 4682 eas
2202 4615 2270 4682 du-

232 4719 852 4818 dericiimperaturisBarbarossae‚
878 4719 1053 4790 Friderici
1068 4715 1225 4808 impera·
1276 4716 1409 4786 micilia
1430 4714 1498 4787 Dei
1523 4727 1557 4785 et
1577 4712 1771 4800 Ecclesias,
1804 4715 1995 4808 inquibus
2016 4730 2111 4786 certu
2132 4709 2271 4785 habitet

231 4827 324 4904 turis*
336 4827 510 4913 Secundi,
545 4849 586 4896 ex
609 4823 709 4895 cuius
733 4824 805 4892 iiiia
825 4837 928 4894 uatus
947 4817 1226 4902 estFridericus,
1276 4817 1391 4902 Deus,
1426 4839 1513 4910 quas
1535 4831 1668 4902 servet,
1701 4829 1877 4908 protegat,
1911 4829 1945 4886 ct
1971 4819 2163 4906 gubernet,
2188 4841 2269 4886 curn

233 4935 297 5028 qui
309 4927 436 5002 habuit
450 4921 651 4999 admorsam
668 4949 812 5020 genam,
837 4950 876 4996 ac
893 4915 1225 5010 deindeRuduiphi,
1277 4921 1419 4990 discunt
1450 4918 1605 4988 familiae
1633 4915 1820 5008 Evangelii
1853 4918 2074 5002 doctrinam,
2112 4931 2148 4988 et
2176 4933 2271 4990 recte

233 5029 699 5116 HenriciLucelbergensis,
722 5024 1000 5114 CaruliQnarti‚
1024 5021 1224 5112 Sigismun-
1277 5021 1394 5093 Deum
1416 5022 1586 5090 invocant
1606 5019 1735 5091 fiducia
1756 5019 1987 5106 Mediaturis‚
2018 5033 2053 5090 ct
2076 5041 2193 5090 mures
2210 5045 2271 5090 re·

164 5152 169 5172 ’
233 5141 290 5224 di,
314 5131 491 5206 Friderici
507 5126 707 5214 Austriaei,
731 5142 764 5198 et
781 5125 1032 5204 MaximiIiani.
1083 5121 1225 5193 Horum
1278 5137 1365 5212 gunt
1380 5123 1477 5194 iuxta
1501 5121 1660 5194 divinam
1677 5121 1897 5208 doctrinam,
1923 5145 2029 5215 seque
2049 5123 2094 5190 ad
2108 5145 2272 5194 cummu-

107 5319 109 5324 ,
233 5233 615 5335 praestantissimorum
663 5253 784 5318 regum
823 5229 1036 5308 amicitiam,
1086 5225 1225 5294 illustre
1277 5247 1360 5296 nem
1375 5219 1661 5294 veraeEcelesiae
1674 5223 1874 5293 societatem
1889 5225 2106 5313 adiungunt,
2133 5237 2167 5294 et
2181 5251 2273 5296 con-

234 5338 479 5416 testimuuium
509 5355 583 5402 esse
614 5333 658 5402 de
684 5333 856 5426 sapientia
880 5345 915 5404 et
941 5331 1074 5399 virtute
1096 5322 1225 5396 burum
1278 5326 1514 5396 servationem
1542 5323 1678 5416 publici
1714 5324 1903 5396 ministerii
1940 5325 2134 5416 evangelici
2166 5329 2274 5399 adiu..

233 5442 462 5535 Principum,
496 5434 579 5507 satis
604 5434 757 5525 intelligi
781 5447 908 5527 potest.
959 5431 1032 5504 Nec
1049 5451 1133 5500 veru
1149 5427 1224 5498 lieri
1279 5442 1376 5503 vant.
1427 5425 1471 5499 ln
1494 5428 1558 5501 tali
1579 5439 1682 5498 coetu
1705 5431 1825 5498 adesse
1849 5424 1964 5498 Deum
1982 5439 2217 5520 protectorem
2238 5447 2276 5504 ct

162 5745 275 5804 A
