4726 5828
93 287 174 370 aas
333 311 335 314 ·
563 289 721 370 nacr.
752 287 830 368 nn
863 289 1006 367 vrrs
1031 245 1113 368 'nr
1146 254 1425 368 scatrrts
1457 249 1655 372 emma
1695 241 1700 254 ’
2010 295 2168 400 ,ιω-

92 460 286 556 hocopere
308 461 486 551 instituit,
511 476 548 535 et
568 464 608 534 in
623 457 692 536 boc
709 467 864 539 secundo
880 465 992 547 libro,
1018 463 1082 559 qui
1133 461 1203 534 tuit
1224 461 1382 553 primurn
1411 463 1681 556 explicationem
1710 465 1952 540 nobilissimae
1976 482 2012 544 et
2031 493 2114 562 per·

93 590 183 638 vero
207 565 318 638 totius
339 565 457 656 operis
480 566 618 658 primus
637 580 706 638 est:
748 565 850 662 (nam
873 591 978 662 quem
1006 567 1082 658 ipse
1131 557 1341 634 lectissimae
1354 579 1521 652 naturae,
1547 563 1716 640 Hominis
1730 567 1913 651 videlicet.
1945 571 1984 642 in
2009 573 2113 647 cuius

93 669 259 762 primurn
281 666 438 753 vocavit,
462 679 601 739 tantum
630 681 682 739 est
705 669 869 740 inderet
894 670 1082 758 catalogus,
1132 665 1369 757 descriptione
1400 668 1578 742 consumit
1606 681 1722 742 totum
1749 671 1938 764 septimum
1967 673 2113 760 libroru,
2144 668 2145 675 '

93 793 221 842 recem
236 769 460 860 singulorum
475 769 651 840 librorum
665 783 700 841 et
710 771 864 862 capitum
879 785 1033 842 summas
1047 781 1083 840 et
1131 766 1282 837 lectione
1301 767 1560 858 dignissimum.

92 873 336 963 argumenta).
365 870 408 940 ln
419 865 488 940 hoe
501 873 657 942 secundo
673 872 766 942 libro
782 871 940 966 inquam,
954 871 1082 944 mundi
1231 865 1372 940 Deinde
1383 871 1533 963 explicat
1544 887 1688 945 naturas
1702 872 1910 946 aumatium
1924 877 2114 948 brutorum

93 973 210 1044 totins
231 973 380 1052 molem,
405 996 555 1064 corpora
577 973 771 1066 simplicia,
798 976 936 1067 coelum
957 987 993 1044 et
1007 973 1082 1044 ele·
1132 981 1285 1062 quatuor
1299 969 1403 1042 libris
1415 975 1644 1066 sequentibus
1665 975 1868 1067 septimum:
1895 969 2115 1048 hoccideli·

93 1087 220 1144 menta
240 1073 426 1158 describit,
452 1088 486 1144 et
507 1098 597 1168 quae
621 1075 667 1146 sit
688 1076 800 1166 ligura
822 1077 995 1160 mundus,
1018 1075 1082 1146 de-
1133 1083 1187 1142 cet
1204 1083 1342 1142 servato
1361 1074 1499 1159 ordina,
1524 1076 1617 1147 utin
1632 1087 1757 1148 oetam
1779 1077 1874 1148 libro
1896 1100 2113 1149 commemo-

94 1175 224 1268 pingit,
241 1187 276 1245 et
289 1176 406 1260 docet,
422 1198 512 1268 quos
524 1190 559 1247 et
573 1200 679 1268 quam
697 1176 814 1247 varios
826 1179 981 1248 incessus
997 1176 1082 1245 stel-
1133 1185 1187 1244 ret
1200 1173 1368 1246 animalia
1385 1176 1581 1262 terrestria,
1605 1177 1646 1248 in
1660 1201 1759 1250 nono
1781 1178 1969 1272 aquatilia,
1993 1179 2033 1248 in
2049 1180 2112 1250 de-

91 1277 151 1348 lae
175 1287 333 1346 errantes
355 1271 530 1363 habeant,
563 1277 728 1350 indicatis
756 1279 976 1372 singularum
996 1301 1082 1372 pro-
1133 1273 1227 1344 cimo
1251 1274 1430 1364 volatilia,
1461 1277 1501 1349 iu
1531 1278 1722 1350 undecimo
1749 1305 1811 1367 ea,
1842 1302 1933 1375 quae
1955 1278 2112 1374 ἔντομα,
2179 1276 2181 1287 ⁴

92 1377 318 1469 prietatibus.
656 1457 658 1462 ,
1132 1376 1243 1445 latine
1260 1375 1413 1463 insecta,
1433 1379 1677 1456 nominantur.

197 1480 342 1550 Deinde
370 1479 626 1550 elementorum
664 1481 790 1550 seriem
830 1493 1006 1564 recenset,
1047 1492 1084 1549 et
1233 1475 1383 1552 Restant
1392 1478 1559 1564 Plantae,
1584 1505 1736 1575 quarum
1750 1506 1829 1554 cum
1848 1503 1975 1574 magua
1990 1480 2038 1552 sit
2051 1503 2115 1552 va·

90 1582 273 1675 primum,
300 1604 391 1674 quae
414 1579 452 1653 in
471 1583 553 1652 aere
567 1581 760 1676 gignantur
774 1581 935 1653 Meteora
952 1580 1087 1664 additis,
1132 1577 1256 1664 rictas,
1281 1583 1458 1652 consumit
1479 1582 1519 1653 in
1540 1606 1662 1654 earum
1687 1584 1951 1656 enumeratione
1974 1596 2053 1654 octo
2067 1581 2115 1651 li·

90 1679 312 1767 historiolis,
331 1683 396 1754 ubi
418 1695 452 1752 et
473 1687 616 1776 quando
629 1707 712 1754 nou
735 1683 811 1752 sine
827 1684 1082 1774 significatione
1132 1679 1234 1761 bros,
1260 1705 1284 1751 a
1297 1683 1507 1754 duodecimo
1523 1687 1694 1778 usquead
1711 1685 1925 1758 vicesimum.
1975 1681 2116 1762 Deinde

91 1785 301 1856 futurorum
321 1796 528 1862 ,eventuum
560 1784 633 1856 sint
665 1783 852 1858 inusitatae
884 1785 1017 1876 species
1041 1785 1081 1854 in
1132 1795 1174 1854 ut
1191 1781 1397 1872 diligentius
1415 1801 1586 1858 monstret
1598 1788 1704 1859 etiam
1716 1787 1871 1858 occultas
1891 1773 2002 1866 vires,
2029 1805 2117 1881 quas

90 1889 176 1958 a'e're
193 1886 301 1957 visae.
494 1947 496 1955 ,
786 1879 789 1890 ’
1133 1884 1275 1974 plantas
1294 1879 1447 1972 habant,
1480 1912 1500 1959 a
1526 1888 1695 1978 vigesimo
1718 1889 1812 1960 libro
1830 1909 1943 1982 usque
1973 1888 2019 1958 ad
2048 1884 2113 1960 28.

196 1985 322 2084 Postea
343 1999 475 2070 terrae,
501 2009 698 2079 aquarum,
724 2001 760 2059 et
774 1987 869 2078 ignis
884 1987 1083 2080 proprieta·
1132 1995 1212 2056 octo
1234 1987 1636 2084 voluminibusquaerit
1655 1989 1930 2075 medicamenta,
1962 2011 2053 2082 quae
2073 2009 2116 2074 ex,

91 2102 170 2168 tes,
197 2086 369 2156 miracula
385 2099 419 2156 et
437 2086 553 2156 varias
569 2089 783 2158 mutationes
797 2091 960 2181 exponit,
985 2102 1019 2159 et
1040 2091 1080 2158 in
1133 2087 1265 2176 plantis
1295 2090 1423 2161 confici
1452 2105 1624 2182 possunt,
1663 2093 1710 2163 ad
1741 2092 1970 2184 depellendos
2001 2099 2115 2166 certos

90 2191 164 2258 bne
189 2187 431 2268 libriftotius
444 2188 576 2258 terreni
592 2189 690 2278 globi
713 2214 916 2261 mensuram
938 2191 1081 2262 indicat.
1134 2190 1279 2260 morbos
1294 2203 1329 2261 et
1345 2192 1436 2262 vicia
1456 2194 1626 2284 corporis.

90 2290 190 2362 llaec
214 2303 269 2359 est
294 2310 433 2358 summa
457 2302 491 2358 ct
517 2306 767 2378 argumentum
795 2288 903 2362 buius
932 2291 1080 2361 secundi
1233 2290 1411 2382 Adiungit
1432 2295 1562 2364 deinde
1589 2295 1679 2366 alios
1700 2291 1736 2364 V
1759 2296 1888 2380 libros,
1920 2293 1959 2362 iu
1985 2289 2117 2387 quihus

92 2393 197 2476 libri,
225 2405 264 2460 ut
285 2389 504 2461 brevissimis
535 2388 834 2482 comprehendam
855 2407 890 2464 et
912 2406 1080 2485 repetam,
1132 2392 1288 2462 remedia
1305 2393 1460 2480 indicat,
1485 2419 1575 2488 quae
1587 2419 1628 2465 ex
1640 2396 1833 2468 animalum
1849 2395 2009 2488 partibus
2024 2392 2118 2464 sumi

92 2493 287 2582 descriptio
305 2515 426 2562 aarum
445 2492 599 2580 partium
622 2495 769 2579 mundi,
794 2519 884 2587 quae
904 2495 1083 2585 simplices
1133 2506 1298 2584 possunt,
1323 2495 1431 2586 idque
1446 2495 1518 2585 agit
1535 2519 1648 2590 namne
1673 2500 1718 2567 ad
1741 2498 1874 2567 librum
1900 2495 2117 2568 tricesimum

91 2607 287 2678 vocantur,
313 2588 381 2662 hoc
394 2605 463 2678 est,
489 2594 579 2663 coeli
593 2607 631 2665 et
652 2596 927 2677 elementorum,
952 2597 1082 2689 quibus
1133 2594 1298 2679 tertium,
1329 2597 1394 2668 ubi
1423 2595 1494 2666 iam
1522 2598 1702 2687 explicatis
1735 2599 1902 2667 omnibus
1923 2597 2117 2672 mixtorum

90 2697 260 2783 adiungit
286 2695 442 2785 primum
474 2696 666 2765 mixtorum
699 2721 890 2788 corporum
922 2699 1083 2785 gradum,
1132 2696 1321 2783 gradihus,
1345 2721 1420 2767 uno
1450 2711 1612 2790 excepto,
1637 2699 1793 2792 reliquos
1816 2697 1849 2766 V
1872 2699 1984 2768 libros
2003 2717 2116 2790 usque

91 2823 186 2890 quae
209 2797 354 2866 caeteris
376 2795 653 2885 imperfectiora,
677 2819 698 2866 a
718 2797 816 2882 loco,
840 2798 879 2864 in
894 2798 1084 2888 quatiunt,
1133 2796 1178 2865 ad
1193 2797 1301 2868 finem
1316 2797 1452 2887 operis,
1477 2800 1654 2870 consumit
1675 2801 1715 2870 in
1738 2800 1974 2892 descriptione
1996 2819 2116 2875 aarum

90 2899 254 2973 Meteora
276 2896 432 2966 diximus
450 2897 581 2971 vocari.
1134 2901 1256 2998 rect*¹
1278 2897 1490 2982 mistarum,
1529 2922 1620 2992 quae
1639 2901 1739 2990 omni
1761 2901 1906 2993 quidem
1935 2899 2027 2983 vita,
2055 2897 2118 2968 sed

192 2995 381 3086 Absoluta
404 2997 475 3073 iam
509 2995 662 3068 maxima
695 3012 729 3069 et
762 2999 950 3090 praecipua
984 3010 1083 3088 parte
1133 3019 1209 3066 non
1224 2996 1297 3066 suis
1310 2997 1550 3088 peculiaribus
1563 2999 1709 3088 viribus¹
1717 3013 1850 3085 carent,
1880 3013 1922 3070 ut
1937 2995 2118 3071 suntMe-

89 3099 245 3180 mundi,
269 3099 369 3168 coelo
393 3111 428 3168 et
449 3097 649 3185 elementis,
675 3114 711 3170 et
735 3100 938 3190 imperfecte
953 3100 1083 3184 mixtis,
1133 3097 1230 3180 talla,
1246 3094 1397 3188 Lapides
1413 3113 1447 3171 et
1463 3095 1634 3172 Gammae
1652 3115 1686 3172 et
1702 3125 1824 3174 earum
1839 3125 1981 3195 quoque
1995 3121 2117 3172 rerum

92 3201 165 3274 boc
181 3215 254 3285 est,
281 3201 467 3283 meteoris,
494 3203 658 3286 restabat,
683 3215 724 3271 ut
739 3204 784 3271 de
798 3201 1083 3272 caeterismixto-
1134 3197 1369 3289 multiplicem
1383 3223 1487 3270 usum
1500 3225 1544 3271 ac
1561 3199 1760 3302 irs‘pyatcc,
1788 3203 1938 3297 quasin
1961 3200 2122 3280 medica.

89 3332 174 3380 rum
196 3325 388 3392 corporum
410 3301 580 3389 gradibus
605 3303 737 3374 diceret
752 3303 910 3386 Plinius,
935 3301 1083 3393 quaein
1134 3301 1234 3373 tione
1248 3303 1454 3372 morborum
1470 3296 1624 3388 babent,
1650 3305 1760 3374 simul
1774 3304 1919 3379 indicat.

88 3404 330 3480 elementisac
348 3403 536 3492 praecipue
553 3415 802 3495 terraetaqua
821 3405 966 3490 degunt.
1011 3400 1083 3471 Sed
1238 3397 1336 3471 llaec
1349 3403 1555 3473 esflsumma
1569 3416 1605 3474 et
1619 3401 1679 3476 hic
1696 3407 1786 3476 ordo
1804 3405 1980 3478 librorum
1996 3394 2119 3472 inhoc
2235 3471 2241 3486 ,

89 3512 175 3603 quia
196 3505 307 3574 semel
321 3515 373 3574 est
391 3503 522 3574 terreni
546 3503 642 3590 globi
658 3503 819 3575 instituta
835 3501 1026 3593 descriptio
1049 3515 1083 3571 et
1134 3499 1303 3580 Pliniana
1320 3524 1444 3594 opere,
1469 3529 1542 3598 quo
1557 3505 1666 3577 totius
1682 3508 1810 3578 mundi
1824 3504 2058 3587 domicilium,
2083 3513 2120 3572 ct

89 3630 260 3680 mensura
284 3604 324 3672 in
345 3599 413 3672 hoc
442 3605 597 3672 secundo
625 3605 737 3689 libro,
772 3617 846 3674 erat
874 3599 942 3673 hoc
963 3602 1083 3672 Plinio
1134 3616 1256 3694 postes
1271 3604 1382 3676 res'in
1397 3604 1462 3674 illo
1476 3618 1677 3692 contentae,
1701 3607 1888 3677 artificiose
1905 3618 1940 3676 et
1956 3602 2120 3677 luculen-

88 3713 200 3786 etiam
217 3707 443 3784 addendum,
470 3715 511 3772 ut
531 3705 751 3794 superficiem
769 3718 880 3774 terrae
896 3717 930 3773 et
953 3703 1083 3793 ampli·
1134 3715 1189 3774 ter
1206 3705 1401 3795 descriptae
1416 3718 1512 3791 sunt,
1531 3709 1628 3800 quod
1644 3730 1733 3800 opus
1749 3707 1907 3798 prolecto
1922 3717 1958 3776 et
1974 3716 2120 3796 propter

87 3814 256 3887 tudinem
282 3806 391 3874 maris
423 3803 632 3893 explicaret,
677 3829 767 3898 quae
806 3807 978 3875 elementa
1010 3806 1082 3890 due
1134 3827 1253 3876 rerum
1271 3828 1311 3876 ac
1328 3801 1575 3890 historiarum,
1600 3832 1688 3904 quas
1703 3806 1873 3888 continet,
1899 3804 2119 3886 varietatem,
2263 3863 2265 3870 ,

86 3938 204 3988 unum
223 3909 370 4000 globum
389 3905 622 3992 constituunt,
642 3920 677 3977 et
690 3905 807 3977 sedem
823 3907 990 3976 omnibus
1005 3925 1086 3974 cae·
1134 3919 1169 3976 et
1184 3919 1327 3996 propter
1348 3910 1602 3987 vocabulorum
1625 3911 1832 3980 immensam
1857 3908 2016 3998 copiam,
2041 3929 2129 3976 maa

87 4017 177 4090 teris
197 4013 392 4080 mixtorum
418 4007 608 4096 generibus
633 4009 823 4098 praebent,
856 4007 940 4078 ldeo
961 4007 1083 4077 distri·
1133 4006 1414 4096 gnilaciendum,
1444 4022 1478 4080 et
1501 4009 1675 4100 singulari
1698 4033 1781 4080 cura
1803 4033 1844 4082 ac
1858 4009 2043 4100 diligentia
2058 4031 2119 4078 co-

87 4117 235 4192 bueuda
265 4109 335 4180 fuit
366 4121 460 4190 terra
491 4131 648 4194 summa,
685 4134 775 4203 quae
796 4110 843 4180 ab
868 4109 1082 4180 animalibus
1134 4109 1376 4198 gnoseendum
1392 4110 1510 4195 estei,
1537 4112 1691 4204 quinon
1706 4133 1850 4202 prorsus
1875 4111 2037 4192 omnium
2061 4131 2118 4178 re·

89 4217 284 4296 incolitur,
315 4223 350 4280 et
373 4208 491 4282 omnis
519 4211 658 4297 generis
687 4213 827 4302 plantas
856 4211 1009 4302 profert,
1042 4211 1082 4278 in
1134 4232 1215 4281 rum
1230 4209 1375 4298 ignarus
1392 4225 1427 4282 et
1442 4212 1560 4282 infans
1575 4233 1648 4282 esse
1662 4211 1769 4286 volet.
1811 4207 1876 4283 ¹Ac
1896 4235 1977 4284 vere
2002 4221 2117 4308 potest

90 4337 202 4394 certas
224 4311 404 4402 regiones,
431 4324 466 4385 at
486 4310 706 4399 singularum
734 4313 822 4384 sitos
836 4329 870 4384 et
883 4311 1082 4400 amplitudo
1134 4306 1202 4381 boc
1216 4312 1386 4384 volumen
1399 4311 1570 4402 appellari
1587 4307 1811 4396 Thesaurus,
1834 4337 1910 4385 non
1924 4317 2043 4382 rerum
2059 4331 2119 4402 soj-

89 4413 296 4496 indicanda.
354 4409 458 4482 Hanc
491 4413 589 4482 orbis
621 4407 774 4485 habitati
810 4413 1082 4502 descriptionem
1134 4412 1208 4482 lum
1222 4410 1328 4502 longa
1345 4414 1561 4505 experientia
1575 4415 1851 4495 observatorum,
1867 4429 1901 4485 et
1916 4413 2119 4505 cognitione

89 4514 362 4618 geographicam
386 4513 539 4584 absolvit
560 4511 700 4586 Plinius
724 4529 878 4607 quatuor
899 4513 1002 4584 libris
1026 4508 1082 4582 se'-
1133 4512 1345 4601 dignarum,
1384 4538 1507 4586 verum
1534 4515 1639 4585 etiam
1663 4515 1807 4606 linguae
1830 4513 1989 4588 Latinae.
2039 4510 2119 4584 Nisi
2241 4595 2244 4600 ,

88 4624 285 4722 quentibus
307 4611 403 4686 hune
427 4617 641 4698 secuudum,
667 4630 702 4687 et
718 4616 757 4684 iu
783 4616 924 4688 duobus
941 4615 1082 4704 primis,
1104 4703 1105 4706 Ἴ
1133 4615 1228 4688 enim
1251 4611 1391 4689 Plinius
1410 4617 1513 4687 nobis
1533 4639 1653 4687 rerum
1682 4629 1737 4690 tot
1759 4616 2013 4708 appellationes
2033 4613 2120 4685 reli-

88 4725 156 4800 boc
181 4737 255 4807 est,
282 4716 390 4788 tertio
415 4729 450 4786 et
477 4729 638 4808 quarto,
659 4713 860 4808 Europam,
893 4716 933 4784 in
954 4715 1081 4810 quinto
1134 4715 1286 4808 quisset,
1312 4719 1358 4787 de
1376 4717 1498 4788 multis
1519 4718 1725 4790 necessariis
1739 4718 1900 4811 partibus
1913 4714 2007 4786 vitae
2023 4739 2120 4790 cotn-

89 4827 273 4908 Afrieatu,
299 4822 339 4890 in
352 4829 450 4890 sexto
466 4815 592 4890 Asiam
606 4818 732 4909 pingit.
770 4817 822 4892 lta
837 4819 908 4888 iam
923 4829 1082 4887 extructo
1133 4817 1254 4888 munis
1270 4817 1371 4911 loqui
1385 4815 1513 4892 Latine
1536 4843 1610 4892 non
1628 4831 1817 4912 possemus.

87 4927 192 5026 quasi
218 4920 404 4995 domicilio
427 4920 614 5004 universo,
639 4915 709 4990 hoc
737 4935 807 5005 est,
832 4919 930 4992 coelo
956 4931 990 4988 et
1007 4919 1080 4988 ele·
1236 4916 1308 4996 Sed
1323 4943 1396 4993 nen
1413 4933 1465 4992 est
1479 4916 1586 4995 buius
1599 4921 1669 4991 loci
1684 4933 1744 4992 aut
1759 4917 1928 5006 instituti,
1941 4937 2119 4991 commen-

88 5030 242 5110 mentis,
266 5047 357 5118 quae
375 5015 571 5112 hospitium
594 5023 766 5112 praebent
789 5023 896 5092 rebus
922 5019 1085 5100 caeteris,-
1135 5019 1318 5093 dationem
1339 5022 1449 5100 totius
1470 5024 1588 5113 operis
1610 5016 1669 5092 bie
1691 5043 1904 5115 proponere.
1962 5017 2120 5096 Sufficiat

89 5127 369 5224 incipitPlinius
384 5124 559 5214 explicare
573 5122 793 5217 reliquorum
807 5123 999 5194 mistorum
1015 5142 1081 5192 na-
1133 5122 1260 5206 seriem
1275 5123 1449 5204 librorum
1465 5138 1500 5199 et
1522 5122 1744 5212 singulorum
1766 5134 2014 5214 argumentum
2028 5141 2119 5208 pau·
2212 5155 2224 5171 ν

89 5251 207 5318 auras,
233 5251 387 5324 quornm
402 5219 688 5305 dirimusadhue
702 5239 833 5296 restare
855 5237 1082 5318 quatuorge·
1132 5222 1184 5295 cis
1206 5222 1400 5310 indicasse,
1441 5240 1483 5297 ut
1512 5226 1557 5295 ad
1579 5245 1685 5316 quam
1712 5237 1847 5316 partem
1862 5213 2121 5310 Philosophiae

88 5361 193 5420 uera,
231 5332 413 5412 videlicet,
454 5324 602 5424 ἄψυχα,
637 5323 741 5420 φυτὰ
779 5327 935 5420 plantas,
982 5319 1082 5414 ζῶα,
1132 5325 1260 5397 referri
1293 5327 1421 5399 debeat
1456 5321 1525 5400 hoc
1556 5324 1752 5418 scriptum,
1791 5321 1944 5415 intelligi
1980 5317 2122 5410 facilius
2261 5351 2267 5357 ·

90 5437 235 5536 ἄλογα,
258 5447 294 5506 et
307 5429 504 5506 hominem.
556 5427 628 5504 sad
650 5441 785 5520 mutato
807 5429 955 5509 ordine,
977 5425 1082 5500 insti·
1132 5426 1259 5518 possit.
