4706 5818
216 257 314 340 1059
459 242 670 328 SCRIPTA
694 169 772 320 Pll.
796 237 914 320 Meu
942 234 1010 336 AD
1035 233 1165 312 HIST.
1188 227 1334 314 PROF.'
1356 229 1425 310 ΕΤ
1450 226 1642 312 PHlLOS.
1667 227 1989 308 saturarent.
2133 229 2235 306 10th

318 421 484 522 Quintus
511 446 572 493 rex
595 415 916 511 Langobardorum
947 409 1041 482 filias
1065 403 1203 497 Egilol·
1224 410 1230 462 l
1253 407 1371 478 radam
1387 402 1600 478 Lutbertum
1626 405 1732 476 duces
1755 401 1966 498 deprendas
1995 415 2030 476 et
2051 396 2241 488 Rbotaris,

220 529 284 627 phi
302 522 511 612 adoaldus,
533 523 596 618 qui
618 518 777 608 regnavit
799 540 878 586 curn
902 525 1012 581 matre
1033 503 1204 580 Theude-
1225 467 1230 610 l
1256 520 1290 578 et
1306 529 1387 579 cum
1403 529 1569 594 magnum
1586 506 1757 596 prerelium
1775 507 1819 576 acl
1836 505 2005 577 Ticinum
2027 506 2159 573 feretrum
2183 525 2240 572 es-

222 635 343 712 linda,
388 651 477 723 quae
518 642 553 694 et
589 635 736 716 propter
762 615 829 690 filri
866 611 1136 684 adolescentiam
1169 622 1205 680 et
1227 613 1231 676 l
1254 624 1316 691 set,
1331 607 1522 677 Lutbertus
1537 606 1636 694 regni
1650 602 1898 696 baerescnptns
1913 620 1982 689 est,
2006 620 2039 674 et
2054 606 2239 698 aliquanto

139 712 149 732 ’
221 745 366 828 propter
383 731 469 799 alias
482 747 604 796 causas
618 721 710 792 bella
729 715 866 788 moveri
882 713 1006 796 voluit,
1031 714 1092 782 sed
1108 733 1204 780 mor·
1226 683 1232 790 l
1254 722 1336 801 post
1361 709 1574 778 interiectus.
1627 705 1782 795 Fugiens
1803 707 1840 776 in
1862 706 2051 776 Bovarium
2076 706 2239 794 Aspren-

221 851 283 908 tua
306 855 346 904 ea
369 827 532 901 Adoaldo
555 819 803 910 Langobardi,
836 814 986 909 pertaesi
1006 813 1082 885 eius
1104 812 1206 902 igua-
1255 813 1323 880 dus
1339 809 1389 878 ibi
1405 832 1517 878 annos
1534 832 1660 877 novem
1678 810 1804 879 exsulat.
1859 805 2240 878 ludendiutusaDit·

224 936 338 1018 viam,
362 953 510 1020 regnum
527 928 745 996 ademerunt.
809 995 812 1004 ¹
1255 913 1356 981 berto
1380 907 1551 990 Bavarico
1578 912 1667 978 duce
1696 909 1787 992 redit
1812 909 1851 976 in
1873 905 2179 997 Langobardiam,
2205 917 2243 974 et

326 1027 463 1101 Sextus
478 1023 799 1114 Langobardorum
815 1039 876 1088 rex
897 1007 1114 1086 Ariouldus.
1255 1034 1384 1100 magno
1413 1009 1548 1102 praelio
1579 1009 1690 1078 vincit
1712 1023 1903 1102 tyranuum
1922 1008 2149 1088 Aribertum,
2176 1005 2242 1098 qui

327 1127 513 1228 Septimus
550 1122 869 1214 Langobardorum
908 1140 971 1188 rex
1007 1107 1207 1186 Baliaris.
1256 1113 1295 1182 in
1310 1113 1391 1200 iuga
1408 1110 1446 1180 in
1461 1109 1590 1180 Ticino
1609 1109 1725 1201 periit.

225 1234 337 1322 Leges
362 1229 523 1302 condidit
545 1221 815 1312 Langobardis,
838 1233 872 1292 et
895 1217 981 1288 vicit
1003 1209 1206 1287 Euarchum
1358 1206 1522 1308 Quintus
1548 1205 1707 1280 decimus
1738 1233 1798 1280 rex
1823 1201 2046 1307 Asprundus
2078 1231 2243 1279 reversus

228 1329 460 1404 Theodorum
478 1326 660 1398 trucidatis
676 1337 755 1395 octo
771 1321 944 1406 millibus,
968 1319 1120 1391 eturbes
1140 1315 1207 1384 ali·
1257 1339 1299 1386 ex
1318 1310 1471 1384 Bavaria
1493 1313 1606 1383 tenuit
1628 1334 1776 1402 regnum
1804 1323 1875 1383 tres
1899 1331 2051 1394 menses,
2074 1309 2244 1402 princeps

226 1447 315 1528 quot
331 1456 439 1522 regno
454 1427 772 1518 Langobardorum
796 1419 935 1492 adiecit.
1257 1415 1388 1498 iustus,
1413 1426 1447 1485 et
1462 1412 1577 1507 quiin
1595 1413 1703 1483 tutela
1717 1413 1822 1482 fidem
1837 1411 2067 1504 praestiterat,
2092 1409 2242 1502 reliquit

195 1523 197 1530 ’
329 1526 491 1604 Octavus
531 1553 593 1599 rex
627 1525 947 1616 Langobardorum
977 1509 1207 1592 Rudooldus
1258 1537 1490 1588 successorem
1509 1513 1762 1587 Lutbraudum
1782 1513 1918 1598 filium,
1943 1512 2006 1606 qui
2019 1510 2167 1595 caeteris
2183 1532 2242 1579 re-

227 1636 431 1708 interlectus
446 1633 484 1701 in
498 1628 686 1699 adulterio.
1258 1619 1362 1710 gibus
1374 1615 1696 1705 Langobardorum
1712 1614 1881 1696 omuibus
1905 1611 2122 1684 antecelluit.

328 1727 464 1806 Nonus
490 1755 550 1800 rex
571 1727 888 1820 Langobardorum
905 1715 1096 1792 Aribertus
1114 1719 1208 1790 filius
1357 1711 1564 1787 Sedecimus
1599 1737 1661 1784 rex
1694 1713 2014 1804 Langobardorum
2045 1703 2242 1782 Lutbrau-

226 1835 344 1906 fratris
359 1830 640 1904 Theudelindae.
678 1827 773 1898 Huic
788 1829 861 1898 dua
876 1825 941 1894 lilii
955 1834 1208 1902 successerunt,
1259 1815 1350 1905 dus,
1374 1817 1534 1908 regnavit
1549 1838 1662 1886 annos
1679 1815 1813 1907 viginti¹
1825 1816 1947 1894 duas,
1969 1812 2073 1884 lnitia
2090 1813 2242 1903 gloriosa

227 1929 451 2003 Godebertuc
475 1955 626 2012 regnans
653 1929 791 2002 Ticini,
815 1940 847 1990 or
869 1923 1051 1986 Recreatus
1066 1923 1209 1988 Medio·
1259 1919 1396 1991 habuit.
1424 1917 1549 1989 Movet
1563 1916 1697 1987 bellurn
1718 1910 2107 1995 adversusErarchum,
2122 1929 2162 1985 ut
2177 1916 2242 1982 de-

110 2105 113 2114 ,
227 2030 302 2106 lani
320 2049 490 2117 regnans:
516 2038 594 2094 orta
617 2034 736 2090 autem
760 2019 855 2087 inter
877 2015 1116 2088 adolescentes
1134 2019 1209 2088 ira·
1258 2015 1631 2110 ienderetEpiscopos,
1649 2013 1876 2110 quosGraeci
1889 2029 2035 2107 propter
2046 2016 2245 2104 einououu-

225 2145 297 2202 tres
318 2127 517 2209 discordia,
539 2121 764 2192 Godebertus
788 2117 934 2187 accersit
957 2115 1207 2186 Grimoaldum
1258 2115 1567 2205 giduspottabant.
1593 2115 1900 2186 CumRavennaro
1910 2116 2096 2188 obsidione
2110 2118 2247 2186 frustra

225 2236 349 2304 ducem
372 2226 686 2304 Beneventanum,
719 2230 760 2288 ut
775 2213 921 2286 baberet
936 2213 1068 2283 auxilia
1084 2225 1208 2282 contra
1258 2211 1468 2306 aliquandiu
1481 2212 1668 2301 fatigasset,
1692 2215 1794 2287 duxit
1808 2218 1997 2288 exercitum
2012 2217 2051 2288 in
2062 2214 2245 2296 Tusciam,

133 2379 137 2387 ·
225 2335 383 2404 fratrem.
435 2324 665 2396 Grimoaldus
681 2317 827 2386 veniens
843 2314 1012 2385 Ticinum
1029 2313 1206 2383 interiecit
1257 2315 1323 2385 ubi
1338 2312 1498 2385 Clusium
1515 2315 1551 2382 vi
1566 2326 1707 2405 captum
1723 2316 1915 2386 crudeliter
1928 2315 2089 2408 diripuit.
2130 2317 2246 2386 Aresi-

227 2432 472 2502 Godebertum
489 2439 521 2490 et
537 2421 612 2488 eius
630 2419 763 2499 lilium,
787 2430 821 2486 et
837 2437 910 2485 sese
928 2437 1046 2505 regem
1064 2413 1209 2502 Longo·
1260 2417 1307 2488 lia
1323 2414 1366 2484 ad
1384 2414 1509 2485 urbem
1525 2411 1680 2498 Romam
1695 2411 1860 2485 Pontifici
1885 2417 1999 2496 misit,
2025 2441 2115 2509 quae
2129 2414 2245 2486 Exar-

225 2523 530 2604 bardorumsectc
579 2517 762 2587 Bertarius
777 2517 865 2608 fugit
882 2516 1037 2608 primum
1053 2517 1096 2584 ad
1113 2511 1208 2582 Cha·
1259 2509 1366 2586 chum
1396 2539 1438 2584 eo
1466 2513 1667 2585 venientem
1696 2517 1914 2608 repulerunt.
1979 2515 2105 2586 Postea
2121 2515 2246 2588 Bono-

226 2655 356 2723 ganum
372 2649 488 2715 regem
502 2620 741 2701 Hunnorum,
764 2631 882 2706 postea
898 2619 942 2686 td
959 2637 1076 2705 regem
1094 2613 1208 2683 Fran·
1259 2619 1374 2702 niam,
1400 2613 1534 2702 Forum
1543 2613 1662 2700 Livii,
1688 2616 1880 2686 Auximum
1908 2631 1941 2690 et
1961 2618 2048 2688 alias
2073 2621 2246 2711 quasdam

209 2733 339 2819 ,cicom
356 2727 615 2816 Dagobertum,
641 2734 674 2791 et
690 2718 806 2813 abfuit
819 2718 899 2787 exul
916 2718 1029 2787 donec
1049 2715 1209 2804 regnavit
1259 2720 1365 2796 urbes
1383 2715 1577 2809 occupavit.
1628 2714 1720 2786 Pace
1735 2716 1864 2789 deinde
1880 2719 1967 2789 lacta
1982 2743 2063 2790 curn
2080 2715 2244 2789 lixarcho

226 2823 473 2912 Grimoctldus
516 2819 673 2893 decimus·
704 2843 765 2890 rex
801 2841 917 2890 annus
958 2839 1107 2901 novem,
1146 2815 1209 2910 qui
1258 2813 1420 2903 Erithio,
1444 2815 2051 2910 impetravitaRomanoPontibce,
2075 2817 2243 2892 utlixar-

227 2958 307 3005 cum
330 2943 434 3021 rupta
465 2949 554 2996 vena
581 2920 764 3011 sanguinis
797 2921 896 2992 lluxu
924 2932 1085 2990 mortuus
1110 2931 1209 3001 esset,
1260 2916 1367 2992 chum
1388 2919 1944 3000 liberaretexcommunicatione.
1990 2919 2094 2990 Misit
2109 2922 2244 2990 auxilia

124 3037 129 3046 '
226 3035 334 3106 rediit
353 3023 572 3109 Berturius,
606 3045 708 3117 quem
739 3043 855 3109 regem
883 3013 1115 3092 undecimum
1138 3043 1210 3086 nu·
1260 3020 1388 3094 Carolo
1410 3017 1575 3092 Martello
1598 3021 1735 3108 gerenti
1757 3021 1901 3092 difficile
1921 3022 2057 3093 bellum
2074 3007 2158 3091 'cum
2175 3019 2244 3092 Sa-

179 3145 185 3152 ·
225 3159 342 3217 mero,
375 3131 476 3202 cuius
509 3124 648 3195 iusticia
678 3135 712 3192 et
736 3122 847 3212 pietas
869 3119 1073 3194 laudantur.
1139 3119 1210 3187 Sed
1260 3121 1416 3206 racenis,
1441 3143 1593 3213 quorum
1609 3133 1763 3190 trecenta
1777 3123 1890 3192 millia
1904 3119 2107 3192 inGalliam
2121 3122 2242 3192 inlusa

226 3257 307 3302 mox
332 3243 411 3322 past
428 3251 508 3298 eum
531 3245 644 3292 novae
662 3222 858 3292 discordiae
881 3221 975 3288 inter
996 3237 1210 3286 successores
1259 3222 1412 3294 fueraut.
1463 3217 1511 3290 Ut
1525 3230 1642 3289 autem
1656 3232 1740 3290 suot
1760 3223 1948 3293 mutabiles
1970 3223 2148 3294 sociorum
2163 3224 2246 3292 aui-

227 3346 325 3406 ortae
348 3342 442 3402 sunt.
477 3323 569 3398 Cum
594 3333 771 3411 regnasset
786 3339 900 3390 annos
916 3332 994 3390 octo
1016 3315 1210 3398 Betucius,
1260 3321 1328 3405 mi,
1364 3319 1569 3410 praesertim
1605 3317 1851 3392 Romanorum
1884 3321 2118 3410 Pontificum,
2164 3340 2246 3393 cum

226 3429 496 3504 successitfilius
511 3426 596 3496 eins.
1260 3421 1491 3492 Lutbraudus
1515 3418 1701 3510 Spalatum
1733 3423 1843 3512 capit,
1875 3439 1914 3494 ut
1936 3437 2104 3514 cognatos
2127 3425 2248 3494 rebeta

327 3525 579 3602 Duodecimus
602 3550 662 3596 rex
693 3523 1011 3613 Langobardorum
1036 3516 1211 3592 daniber-
1260 3523 1311 3592 les
1333 3525 1377 3591 ad
1401 3520 1556 3592 osticium
1581 3534 1739 3606 revocet,
1763 3520 1927 3594 Pontifex
1943 3523 2128 3596 Romanus
2144 3528 2247 3596 addit

226 3645 286 3706 tus
300 3632 454 3703 Bertarii
472 3631 565 3701 filius
583 3627 705 3717 pulsus
726 3648 835 3716 regna
859 3627 904 3696 ab
927 3617 1097 3692 Alacbiso
1121 3623 1211 3692 duce
1263 3623 1452 3692 exercitum
1469 3619 1568 3690 'duci
1598 3619 1791 3711 Spoletano
1833 3639 1955 3698 contra
1982 3624 2247 3708 Lutbraudum,

106 3771 115 3784 ·
226 3734 462 3813 Tridentino,
498 3755 603 3824 quem
634 3729 709 3818 ipse
740 3739 956 3807 servaverat,
991 3745 1072 3793 cum
1111 3735 1210 3813 pater
1262 3723 1325 3796 ubi
1349 3721 1415 3792 etsi
1439 3745 1524 3813 pars¹
1544 3721 1724 3814 copiarum
1746 3722 1947 3795 Lutbrandi
1976 3728 2150 3799 trucidata
2176 3741 2246 3798 est:

225 3830 886 3908 Bertarioseumintersecturusesset.
939 3824 1010 3895 Sed
1026 3847 1106 3894 cum
1123 3819 1211 3892 Ala·
1261 3837 1380 3896 tamen
1395 3822 1565 3913 singulari
1580 3845 1696 3914 pugna
1707 3820 1866 3897 Rachisii
1882 3827 2249 3900 ducisFomiuliensi,

227 3933 346 4006 cbisus
367 3933 610 4004 crudelitatem
633 3929 672 3996 in
703 3928 900 3998 sacerdotes
923 3936 1120 4007 exerceret,
1153 3945 1212 3992 re·
1262 3926 1377 3996 victus
1394 3938 1444 3995 est
1465 3923 1690 4014 spoletanus.
1742 3923 1857 3998 lratus
1881 3928 1990 4018 igitur
2012 3927 2247 4001 Lutbraudus

226 4037 371 4120 ducitur
400 4031 633 4112 Cunihertus,
670 4042 704 4098 et
733 4051 811 4096 cum
845 4027 978 4115 praelio
1003 4018 1211 4094 Alachisum
1261 4024 1427 4099 Romano
1441 4023 1607 4094 Pontifici
1623 4023 1776 4098 Romam
1793 4029 1894 4099 duxit
1912 4029 2123 4116 exercitum,
2148 4055 2248 4102 earn-

225 4138 383 4220 vieisset,
409 4147 513 4225 caput
531 4145 564 4200 et
581 4131 686 4219 pedes
701 4128 734 4197 ei
749 4126 929 4230 praecidit.
962 4123 1124 4194 Moriens
1140 4122 1212 4194 Cu·
1262 4151 1330 4220 que
1348 4125 1533 4198 obsidione
1556 4125 1685 4217 cingit,
1710 4127 1760 4198 ihi
1776 4125 1959 4217 Pontifex,
1985 4132 2069 4224 quia
2091 4155 2156 4202 nec
2181 4157 2249 4224 po.

228 4239 390 4310 nibertus
406 4234 552 4328 reliquit
570 4226 1079 4322 parvumbliuantbertum,
1106 4249 1210 4316 quem
1262 4242 1394 4299 aerata
1417 4225 1537 4298 Leone
1565 4225 1778 4320 imperatore
1817 4232 1988 4302 auxilium
2018 4255 2177 4326 sperare,
2208 4245 2244 4301 et

227 4337 516 4430 Asprandoduci
542 4329 814 4402 commendavit.
868 4326 939 4398 Sed
964 4319 1211 4419 Regiubcrtus
1261 4351 1386 4417 magua
1410 4341 1494 4400 tunc
1514 4331 1686 4400 autoritas
1709 4344 1784 4404 erat
1805 4327 1921 4404 Caroli
1944 4331 2123 4418 Martelli,
2159 4335 2247 4426 petit

230 4437 508 4510 Taurinoruium
525 4437 595 4504 dux
615 4432 748 4502 bellum
772 4451 882 4519 puero
897 4440 932 4499 et
949 4425 1136 4521 Asprondo
1154 4427 1212 4500 in·
1262 4427 1422 4502 aCarolo
1434 4427 1619 4514 Martello,
1638 4444 1677 4501 ut
1693 4433 1750 4502 vel
1766 4434 1953 4504 autoritate
1972 4433 2026 4506 vel
2041 4434 2150 4504 armis
2167 4459 2246 4527 per·

225 4543 310 4624 lert,
343 4551 378 4608 el
399 4537 513 4606 victor
534 4558 570 4606 te
594 4555 710 4621 regem
739 4531 831 4602 lacit·
900 4527 997 4606 Huic
1019 4522 1211 4612 tredecimo
1262 4527 1373 4616 ficiat,
1398 4527 1680 4602 utLutbrandus
1696 4533 1740 4602 ab
1763 4535 1852 4604 urhe
1869 4533 1987 4606 Roma
2011 4535 2188 4616 discedat,
2214 4548 2244 4604 et

224 4643 320 4730 regi,
354 4639 417 4733 qni
439 4638 568 4707 iniuste
588 4655 735 4722 regnum
751 4644 1001 4721 occupaverat,
1024 4631 1123 4722 quod
1137 4654 1212 4700 nan
1261 4626 1438 4702 Ecclesiae
1450 4629 1637 4703 Romanae
1653 4634 1815 4726 adempta
1834 4636 2006 4708 restituat.

227 4743 362 4814 diutius
377 4764 451 4813 uno
466 4761 561 4808 anno
579 4734 712 4818 tenuit,
737 4732 900 4804 successit
915 4732 1008 4802 filius
1023 4725 1211 4802 Arr'bertus
1362 4731 1500 4805 Recens
1517 4728 1663 4804 Carolus
1680 4733 1866 4806 Marcellus
1891 4738 2078 4828 profligato
2099 4735 2247 4808 Sarace-

226 4845 412 4914 secundus.
1262 4832 1344 4902 nico
1364 4831 1517 4912 exercitu
1534 4847 1770 4906 trecentorum
1788 4836 1941 4920 millium
1960 4839 2095 4928 ingenti
2112 4853 2248 4908 terrare

219 4953 222 4960 '
331 4936 500 5035 Quartus
522 4933 682 5008 decimus
701 4955 762 5004 rex
786 4930 1106 5020 Langobardorum
1123 4925 1210 4999 Art.
1264 4931 1419 5004 Galliam
1445 4947 1479 5003 et
1503 4929 1640 5004 ltaliam
1657 4936 1898 5024 liberaverat,
1928 4952 1960 5007 et
1983 4939 2140 5010 amicicia
2171 4952 2249 5009 erat

232 5041 354 5113 bertrts
370 5044 563 5125 secundus,
590 5037 672 5130 qui,
696 5057 899 5127 quanquam
915 5028 1062 5122 regnum
1079 5057 1097 5102 a
1112 5049 1211 5124 patre
1263 5058 1400 5104 summa
1416 5035 1509 5104 inter
1531 5029 1595 5106 hos
1612 5039 1701 5112 duos
1716 5036 1894 5131 principes
1910 5039 2079 5110 Carolum
2097 5037 2246 5110 lllartel-

229 5145 360 5214 iniuste
374 5155 582 5230 occupatum
598 5135 705 5208 armis
721 5134 991 5206 retinuitannos
1005 5134 1211 5206 duedecim:
1262 5136 1337 5204 lum
1353 5150 1387 5207 et
1401 5133 1669 5224 Lutbraudum,
1695 5161 1846 5232 quorum
1865 5141 1975 5223 virtus
1991 5154 2086 5213 tanta
2104 5141 2184 5224 init,
2206 5153 2248 5211 ut

226 5261 346 5314 tamen
367 5241 509 5312 tandem
529 5260 657 5329 paenas
681 5236 800 5336 dedit,
823 5249 857 5313 et
878 5235 986 5305 simul
1007 5259 1155 5326 regnum
1178 5251 1213 5307 et
1262 5236 1366 5328 longe
1392 5237 1638 5308 antecellerent
1661 5240 1830 5312 omnibus
1856 5243 1996 5331 regibus
2020 5255 2055 5312 et
2073 5241 2246 5334 principi-

230 5344 337 5414 vitam
360 5339 490 5413 amisit.
555 5334 754 5408 Reducturi
778 5349 879 5410 erent
901 5335 1099 5428 legitimum
1125 5329 1212 5424 bae·
1230 5362 1241 5424 2
1261 5335 1329 5408 bus
1344 5338 1423 5440 eius
1439 5338 1571 5410 aetatis.
1623 5337 1915 5432 lmpetratigitur
1933 5341 2080 5414 Carolus
2097 5339 2247 5414 Martel-

219 5691 583 5762 Aa*
