4604 5804
99 279 108 286 .
217 235 303 318 ,9⁶
504 275 507 282 .
588 237 596 254 ι
879 249 933 288 ιι
998 234 1516 320 ursrursrrouus
1729 211 1730 214 ‘
2085 264 2109 346 ·,
2164 235 2231 345 ιιι

235 414 327 491 caru
349 411 436 502 uss,
450 435 538 508 ‚quo
559 435 640 484 aa
663 409 1092 504 murmuratorem
1113 414 1224 490 sess
1370 411 1507 488 eamus
1516 417 1705 514 passus,
1728 427 1905 503 munau
1919 393 2232 526 rusiorum,

154 583 156 588 .
235 521 374 602 hamus,
400 529 435 588 et
446 515 590 600 sentire,
614 515 711 610 quod
725 511 873 587 siutDei
886 513 1069 593 baselicis.
1121 515 1224 590 sui·
1271 510 1498 612 ὄρθπομιῖν
1518 521 1667 594 verbum
1688 526 1858 602 veritatis.
1911 528 1995 608 ideo
2017 549 2054 608 et
2071 539 2167 610 uobis
2185 566 2233 614 cs-

236 616 351 692 moth·
363 619 416 694 t:
449 613 498 690 Et
525 617 616 689 sicut
642 615 781 690 insanis
807 627 898 688 esset
918 616 1037 692 diacre
1058 618 1158 712 quod
1180 639 1223 690 ex
1270 618 1429 690 vandum
1447 633 1517 704 est,
1541 645 1590 694 ue
1607 625 1816 703 misceamus
1829 627 2067 726 Evangelium
2080 653 2113 711 et
2127 637 2234 712 Philo.

238 721 327 794 artis
347 718 501 792 sutoriae
515 719 710 811 praeceptis
724 717 770 790 sit
782 717 1015 790 indicendum
1028 721 1073 792 de
1088 715 1224 793 doctri-
1270 713 1453 820 sophisma
1475 737 1539 796 aut
1554 717 1647 800 hauc
1659 730 1923 818 damnemusee
1939 761 1981 810 cr
1992 753 2092 832 parte
2104 765 2169 836 qus
2181 746 2234 814 sd-

193 864 198 873 ·
237 846 288 894 na
309 817 520 912 christiana,
546 820 597 892 ita
621 820 821 911 desipiunt,
848 820 911 916 qui
933 843 975 890 er
996 817 1224 914 philosophia
1263 821 1400 914 prohat
1419 846 1498 895 cam
1511 821 1620 902 Deus.
1669 829 1859 908 Postremo
1879 831 1949 908 hoo
1967 841 2125 914 omnium
2138 844 2234 914 mari.

237 923 401 996 iudicant
422 925 468 993 de
487 921 649 994 doctriua
670 917 874 1002 christiana.
912 917 1025 1002 ,Dicit
1046 923 1142 994 euim
1155 921 1225 996 Pe·
1271 943 1329 995 me
1350 925 1458 1000 celest
1478 927 1685 1033 admoueri,
1709 937 1808 1028 quod
1828 936 1997 1012 facillime
2017 943 2106 1018 ratio
2119 945 2234 1038 decipi·

237 1042 333 1114 trus,
355 1019 560 1119 prophetias
581 1046 656 1095 nou
679 1045 753 1096 esse
774 1018 932 1096 humana
945 1025 1226 1098 noluntateedi-
1272 1037 1351 1106 tur,
1375 1038 1418 1098 ut
1437 1033 1648 1110 assentiatur
1665 1034 1894 1130 incompertis
1907 1054 1943 1114 et
1956 1043 2072 1132 falsis,
2092 1045 2188 1120 otiam
2201 1046 2234 1116 in

238 1135 305 1203 tas.
372 1124 513 1199 Rursus
535 1126 734 1220 deslperent
750 1125 860 1196 'etiam
881 1121 939 1211 hi,
969 1126 1032 1220 qui
1056 1127 1226 1214 dicerent,
1271 1126 1511 1205 diiudicandis
1538 1137 1763 1210 naturalibus
1789 1142 1914 1226 rebare,
1951 1157 1989 1219 et
2006 1147 2116 1222 multa
2135 1149 2235 1239 turpia

238 1243 353 1303 artem
375 1229 547 1300 sutoriam
567 1249 726 1320 pugnare
743 1225 1003 1300 cum-doctriua
1020 1223 1224 1304 christiana.
1272 1242 1395 1302 coutras
1417 1244 1580 1305 naturam
1602 1239 1748 1326 probat,
1779 1245 1924 1334 quando
1944 1269 2021 1318 nou
2041 1249 2234 1338 gubernatur

173 1400 176 1408 ‚
237 1330 506 1423 Itsdssipiuut,
529 1327 815 1423 quinaturamet
829 1351 971 1401 morum
986 1328 1223 1422 coguitionem
1272 1331 1380 1400 verbo
1396 1325 1475 1408 Dei.
1526 1329 1585 1406 Ad
1599 1333 1936 1438 Romanosprimo:
1963 1348 2234 1426 obscuratumest

218 1433 366 1508 ¹dicunt
389 1453 547 1522 pugnare
564 1453 647 1502 cum
666 1430 852 1522 religione.
919 1430 974 1504 lta
991 1429 1128 1504 Paulus
1148 1455 1224 1504 uon
1252 1427 1445 1523 wiu'sipiens
1466 1457 1529 1504 cor
1551 1459 1692 1528 sorum;
1718 1441 1818 1520 item:
1843 1447 1993 1520 tradidit
2013 1450 2092 1524 illos
2104 1447 2235 1524 Deusta

238 1535 310 1618 ait,
335 1528 599 1627 philosophiam
614 1555 689 1604 esse
702 1533 850 1618 malam,
874 1534 934 1603 sed
951 1532 1080 1606 sicait:
1106 1535 1225 1605 videta
1272 1535 1465 1626 reprobum
1486 1557 1640 1616 sensum.
1690 1539 1781 1618 ltem
1800 1549 1977 1623 secundae
1994 1545 2235 1626 Tlsesasccuu.
2281 1563 2282 1568 ¹

238 1658 287 1707 ne
309 1633 389 1730 quis
407 1657 472 1706 vos
489 1633 642 1726 decipiat
664 1657 728 1726 per
747 1629 1032 1726 philosophiam,
1056 1650 1098 1708 ut
1116 1636 1147 1706 si
1166 1633 1224 1704 di·-
1271 1634 1336 1704 do:
1370 1635 1481 1711 missis
1509 1636 1581 1710 illis
1600 1635 1698 1715 Deus
1722 1644 1904 1720 efficacem
1923 1652 2177 1744 decommum,
2204 1666 2235 1722 ut

240 1748 312 1818 cat:
344 1737 445 1836 vide,
463 1759 522 1808 ue
546 1736 755 1828 tedecipist
775 1735 914 1811 viuum.
963 1735 1109 1808 Deinde
1126 1737 1224 1832 quod
1272 1738 1417 1808 credant
1437 1739 1637 1814 mendacio.
1689 1741 1780 1816 Item
1794 1745 2073 1830 Proverhiorusu
2090 1753 2233 1826 vicesimo

238 1838 357 1921 addit,
390 1838 534 1910 iusuem
554 1837 820 1930 deceptionem,
843 1833 903 1908 hic
924 1837 1223 1934 siguificat‘argu-
1271 1860 1386 1908 nono:
1412 1861 1494 1908 cum
1512 1841 1679 1914 deiecerit
1693 1843 1882 1940 prophetia
1898 1853 2126 1944 dissipabitur
2139 1878 2234 1947 popu.
2281 1931 2282 1936 ἵ

185 2013 189 2016 ,
236 1951 356 2011 menta
373 1939 554 2011 dedivioa
569 1939 751 2010 voluntate
766 1960 809 2009 er
824 1933 1051 2031 philosophia
1066 1941 1224 2012 collecta.
1268 1937 1354 2016 lus,
1388 1935 1499 2014 Cuius
1511 1941 1564 2012 rei
1578 1944 1864 2042 multaexemplo
1878 1951 2041 2027 videmus
2056 1956 2094 2024 in
2107 1954 2164 2036 iis,
2185 1953 2235 2048 qui
2281 1957 2282 1966 ’

236 2041 321 2113 Non
342 2056 395 2113 est
417 2041 512 2112 enim
526 2033 773 2132 philosophia,
798 2063 879 2110 cum
893 2041 939 2110 de
954 2040 1077 2112 divina
1093 2041 1223 2112 voluu—
1271 2037 1420 2111 laudant
1448 2063 1527 2126 eos,
1560 2044 1623 2136 qui
1649 2047 1722 2120 sihi
1745 2064 1896 2122 mortem
1921 2055 2177 2140 consciverunt,
2202 2067 2234 2126 ut

237 2155 307 2214 tate
320 2167 362 2214 er
375 2143 513 2212 ratione
526 2141 737 2227 iudicamus,
761 2141 827 2212 sed
836 2155 922 2213 sunt
936 2140 1060 2228 inania
1074 2142 1224 2227 somnia,
1271 2139 1406 2212 Seneca
1438 2139 1692 2220 Marcellinum
1720 2153 1898 2244 quendam
1926 2157 2121 2246 praedicat,
2156 2157 2233 2234 libro
2281 2197 2282 2230 ;

237 2246 329 2323 sicut
356 2239 534 2336 Epicuros
560 2241 722 2332 negavit,
757 2240 838 2316 Deo
867 2267 922 2314 res
949 2257 1087 2315 nostras
1116 2267 1222 2315 curae
1270 2241 1501 2334 epistolarum
1531 2247 1726 2326 undicimo.
1786 2245 1968 2347 Ecquam
2000 2257 2110 2329 multa
2132 2269 2234 2327 contra

236 2344 437 2432 csse‚,item
452 2343 622 2437 platonici
638 2343 926 2436 disputaverunt,
948 2341 1064 2416 Deum
1078 2345 1221 2436 gignere
1270 2355 1433 2414 naturam
1452 2339 1629 2438 Diogenes
1650 2350 1791 2440 lecerit,
1819 2368 1945 2428 notum
1966 2363 2030 2432 cst.
2089 2352 2234 2429 Ostendit

210 2435 487 2536 ‘cogitationem
515 2445 713 2540 quandam3
753 2456 788 2516 et
815 2444 1024 2518 Aristotcles
1051 2447 1222 2539 disputat,
1268 2456 1386 2516 autem
1402 2441 1500 2516 Deus
1515 2441 1722 2522 huiusmodi
1737 2447 1926 2528 horribilia
1943 2459 2119 2549 exempla,
2140 2457 2232 2528 utin·
2281 2531 2282 2536 ,

214 2550 413 2620 'mundum
433 2569 507 2618 esse
523 2560 726 2632 aeteruum,
754 2569 821 2617 uec
841 2546 1034 2640 aliquando
1055 2547 1220 2639 coepisse.
1269 2546 1378 2617 cutiat
1402 2545 1507 2618 nohis
1526 2564 1680 2638 metum,
1705 2576 1750 2624 nc
1767 2554 1920 2627 nimium
1937 2559 2149 2630 confidamus
2163 2557 2234 2626 viri-

234 2645 284 2720 Es
312 2649 576 2722 admiscuerunt
605 2649 789 2719 doctrinae
816 2642 1036 2730 christianae,
1058 2642 1220 2740 philoso-
1268 2646 1337 2718 hus
1350 2660 1492 2718 nostrae
1507 2650 1668 2738 rationis,
1694 2668 1726 2726 et
1741 2668 1782 2728 ut
1796 2657 1907 2730 verbo
1921 2680 1990 2746 suo
2005 2660 2121 2734 doceri
2135 2657 2233 2744 ctregi
2281 2663 2282 2706 ³

135 2765 150 2780 ⁸
234 2744 368 2842 phiam,
394 2751 457 2846 qui
473 2753 681 2834 docueruut,
707 2749 802 2842 quod
818 2747 949 2821 nostris
965 2749 1103 2842 meritis
1115 2749 1220 2821 iusti·
1268 2749 1533 2841 nospatiamur,
1583 2749 1694 2824 Finis.
2281 2745 2282 2750 ’

234 2852 397 2923 ficemur:
423 2849 471 2924 Et
491 2851 635 2945 quidam
659 2850 814 2941 scripsit:
837 2850 1071 2924 fundamenta
1086 2850 1219 2924 doctri·
1376 2889 1378 2894 .

235 2975 303 3072 naa
338 2949 551 3073 christiauae
585 2945 848 3045 philosophiam
877 2949 1120 3073 Platonicam⁸
1135 2975 1220 3025 esse.
1267 2962 1387 3064 (Vl.)
1428 2969 1551 3044 Alia.
1610 2967 1697 3062 (De
1724 2971 1930 3052 haereticis
1953 2977 2158 3073 puniendis
2177 2997 2234 3072 per

235 3052 296 3125 Ssc
316 3077 382 3146 pro
406 3067 511 3137 certis
530 3054 734 3138 adfirmare,
754 3075 848 3156 Aquae
866 3065 1043 3125 rauoaos
1059 3049 1219 3147 phrloso-
1608 3075 1915 3174 Magistrum.)
2281 3079 2282 3086 '

105 3239 112 3248 ι
233 3150 319 3245 phia
335 3177 410 3225 uon
425 3166 538 3246 potest
553 3153 758 3245 adfirmare,
784 3154 858 3222 imo
871 3176 962 3246 quae
976 3176 1122 3246 prorsus
1135 3166 1219 3226 sunt
1401 3243 1403 3248 ¹
1427 3167 1800 3266 (opposuerimus.
1821 3184 1861 3248 Τ.
1876 3183 1935 3252 ΠΙ.
1955 3209 1989 3270 p.
2005 3189 2095 3270 324.)

235 3269 333 3328 extra
363 3255 537 3326 iudicium
566 3254 714 3325 rationis
741 3265 804 3326 aut
825 3249 1073 3348 philosophiae
1093 3255 1219 3347 posita,
2281 3309 2282 3322 ,

236 3379 276 3426 ea
298 3370 351 3430 cst
369 3357 487 3448 inanis
510 3355 682 3448 deceptio.
732 3349 782 3426 Et
802 3355 894 3427 sicut
913 3355 954 3425 iu
977 3357 1054 3447 lege
1076 3367 1218 3449 praece·¹
1267 3341 1439 3445 Regnum
1456 3349 1592 3428 Christi
1613 3357 1717 3431 affert
1732 3383 1788 3432 res
1804 3375 1986 3464 aeteruas,
2011 3365 2234 3440 remissionem
2281 3425 2282 3432 ,

78 3445 82 3452 ’
205 3471 336 3548 ‘ptum
358 3467 429 3547 est',
453 3481 500 3530 ue
519 3454 599 3554 qsris
614 3455 783 3528 dissimile
795 3474 915 3528 semen
931 3470 1023 3529 serat
1037 3459 1077 3528 in
1092 3459 1216 3530 eodem
1267 3468 1513 3549 peccatorum,
1543 3457 1714 3530 iustitiam
1741 3475 1921 3538 aeternam
1948 3481 1985 3539 et
2006 3465 2114 3540 vitam
2134 3479 2230 3536 acter—
2281 3461 2282 3550 j

235 3583 339 3650 agro,
364 3563 559 3634 cavendum
583 3571 654 3643 est,
679 3582 725 3628 ne
745 3559 1012 3630 commisceatur
1029 3553 1218 3644 Evangelii
1267 3581 1370 3642 nam,
1395 3569 1430 3628 et
1451 3559 1722 3632 administratur
1739 3573 1879 3636 tautum
1899 3568 2011 3640 verbo
2034 3569 2109 3640 siue
2123 3568 2156 3638 vi
2169 3586 2233 3638 cur·

235 3662 398 3733 doctrina
411 3677 445 3735 et
459 3657 699 3756 philosophia,
756 3657 827 3730 Sed
840 3653 1074 3750 Euangelium
1086 3661 1218 3732 estdo·
1267 3658 1399 3751 purali:
1425 3655 1560 3754 alioqui
1574 3659 1671 3730 enim
1687 3661 1896 3740 dissolveret
1910 3663 2143 3762 Evangelium
2157 3687 2232 3738 sctu-
2281 3701 2282 3704 ι

153 3853 154 3859 ¹
233 3762 348 3837 ctrina
364 3764 456 3835 vitae
471 3763 665 3855 spiritualis
677 3775 714 3834 et
724 3753 983 3834 initilieatiouis
995 3781 1113 3832 eoram
1122 3759 1217 3833 Deos
1267 3783 1331 3854 per
1344 3771 1543 3851 praesentes
1556 3761 1709 3852 politias.

149 3924 159 3938 „
232 3859 464 3956 Philosophia
480 3887 566 3934 vero
581 3875 633 3934 est
647 3861 809 3933 doctrina
826 3861 919 3934 ritae
933 3863 1145 3954 corporalis,
1168 3860 1217 3932 si·
1248 3871 1276 3943 ᾖ
1368 3858 1535 3951 Regnum
1559 3863 1743 3955 corporale
1764 3863 1868 3940 affert
1881 3888 1938 3938 res
1953 3873 2165 3964 corporales,
2187 3867 2233 3938 di·

25 4007 29 4016 ι
135 3987 138 3992 ·
232 3975 293 4034 cut
312 3963 411 4035 vides
429 3963 643 4035 medicinam
664 3962 859 4034 valetudini
874 3964 1025 4049 servire,
1045 3965 1217 4054 navigan·
1265 3961 1453 4056 seipliuam
1468 3957 1668 4050 honestam,
1693 3987 1816 4058 pacem
1829 3967 2026 4060 publicam,
2049 3986 2082 4047 et
2094 3969 2232 4045 cohercet

232 4064 328 4149 tibias
344 4064 550 4137 discrimina
564 4074 829 4158 tempestatum,
852 4085 970 4135 mores
984 4066 1106 4136 civiles
1118 4087 1216 4136 com·
1265 4064 1302 4134 vi
1321 4063 1507 4152 corporali.

122 4165 127 4180 '
231 4167 336 4237 moui
355 4163 542 4240 hominum
562 4165 827 4259 tranquillitati.
874 4161 1073 4237 Ειιιιιιειιι
1089 4161 1215 4238 huius-
1367 4163 1489 4254 Quare
1503 4161 1702 4262 Episcopus
1717 4172 2028 4246 excommunicans
2042 4190 2252 4270 ueqsrepos·v

105 4341 114 4366 ⁸
229 4268 330 4342 modi
346 4263 481 4367 usust)
501 4269 716 4340 necessarius
733 4280 767 4341 et
781 4290 802 4339 a
817 4262 894 4338 Deo
910 4267 1099 4360 probatus,
1124 4268 1216 4340 sicut
1246 4329 1248 4338 r
1264 4265 1437 4338 sessiones
1460 4288 1576 4360 neque
1597 4268 1732 4341 victum
1752 4293 1870 4366 neque
1890 4291 2021 4369 corpus
2033 4299 2145 4372 neque
2158 4271 2230 4345 cisi-

230 4371 353 4444 multis
373 4371 460 4444 locis
474 4372 578 4464 docet
593 4367 743 4455 Paulus,
767 4369 948 4444 utendum
959 4389 1033 4452 esse
1045 4369 1215 4444 creaturis
1264 4368 1547 4462 lemsocietetem
1561 4367 1679 4462 eripit.
1791 4375 1793 4380 ’
1883 4445 1887 4453 r
1981 4376 1985 4382 '

228 4469 298 4544 Dei
320 4497 400 4546 cum
423 4472 615 4565 gratiarum
640 4472 788 4544 actions.
844 4467 895 4542 Ει
915 4482 1032 4541 tamen
1052 4493 1138 4543 usus
1159 4485 1214 4544 ta-
1365 4468 1439 4540 Nec
1468 4470 1529 4541 dat
1555 4465 1793 4562 Evangelium
1823 4485 2033 4563 potestatem
2063 4471 2229 4569 Episcopis

228 4574 319 4647 lium
334 4599 454 4646 rerum
469 4572 708 4667 corporalium
722 4595 798 4643 nou
813 4571 978 4644 iustificat
990 4594 1109 4644 coram
1123 4570 1214 4662 Deo,
1262 4571 1502 4644 constituendi
1524 4585 1587 4644 sut
1609 4568 1703 4664 leges
1723 4573 1867 4646 ferendi
1887 4577 1934 4648 da
1954 4577 2064 4652 rebus
2084 4576 2229 4652 civilibus

228 4675 320 4747 sicut
334 4673 432 4748 Deus
448 4673 767 4770 praecepitederc,
792 4673 911 4767 usque·
922 4685 1042 4744 ssmsn
1058 4674 1097 4746 id
1110 4673 1213 4768 iusti·
1245 4681 1323 4748 aut
1338 4671 1456 4764 regnis
1470 4673 1610 4747 muudi.

227 4775 309 4848 ficas
336 4771 540 4864 homiuem,
571 4774 621 4849 ita
648 4775 742 4849 dieta
765 4797 808 4846 er
829 4772 964 4846 Medici
986 4776 1213 4870 praescripto,
1283 4841 1287 4851 .
1362 4773 1464 4847 Sicut
1478 4789 1631 4867 potestas
1644 4773 2229 4869 cisilisproolliciosuodehetpro·

226 4876 314 4948 item
329 4853 576 4971 timpestatum
591 4876 797 4951 discrimina
813 4877 1001 4948 obsermre
1015 4899 1091 4948 nou
1107 4876 1211 4950 iusti·
1259 4873 1383 4974 hibere
1408 4876 1614 4963 latrocinia,
1640 4875 1757 4964 furta,
1782 4891 1817 4950 et
1836 4877 1971 4952 similia
1991 4895 2133 4956 aeterua
2154 4874 2229 4950 deli·
2266 4961 2270 4970 ⁴

227 4978 323 5050 ficet:
349 4977 434 5049 item
455 4981 575 5051 civiles
590 5002 728 5065 mores,
753 4991 884 5050 utnon
901 4999 1021 5068 gerere
1034 5001 1131 5050 arma
1145 4979 1210 5052 uhi
1258 4978 1552 5071 cta„puguautia
1567 5001 1650 5051 curu
1665 4979 1820 5050 secunda
1835 4979 1976 5072 tabula,
2000 4984 2050 5056 its
2066 4985 2166 5056 dehet
2179 4999 2227 5046 er-

225 5073 543 5173 legesprohibent,
567 5096 628 5154 aut
642 5080 771 5154 vestire
783 5081 977 5152 secundum
992 5081 1085 5172 leges
1101 5081 1210 5176 erigit
1258 5093 1358 5152 terna
1385 5079 1513 5152 delicta
1542 5078 1738 5174 pugnantia
1770 5103 1852 5154 cum
1882 5083 1997 5173 prima
2017 5085 2136 5162 tabula
2158 5099 2227 5170 pm-

222 5179 339 5268 Deus,
361 5203 477 5276 usque
494 5197 610 5255 tamen
623 5183 661 5254 id
678 5181 843 5255 iustificat
856 5203 975 5254 coram
988 5177 1079 5256 Deo.
1257 5178 1382 5254 hibere
1409 5195 1445 5253 et
1474 5181 1620 5274 punire,
1657 5181 1758 5254 sicut·
1779 5179 2037 5276 blasphemias,
2071 5185 2227 5256 violatum

971 5273 978 5282 ’
1257 5281 1524 5369 iusiurandum,
1554 5281 1682 5376 impias
1708 5283 1983 5376 imprecationes
2001 5299 2066 5361 etc.
2092 5280 2226 5382 quiade
2281 5347 2282 5366 ,

99 5411 105 5418 “
254 5415 286 5486 η
303 5408 406 5484 sudu
419 5413 508 5492 Ursus,
535 5405 610 5480 qast
628 5406 755 5468 exulare
772 5409 949 5471 assumtum
967 5417 1016 5470 ess.
1255 5400 1329 5462 tota
1344 5386 1419 5478 lege
1434 5382 1568 5458 dictum
1585 5399 1651 5462 est:
1677 5385 1732 5458 lex
1745 5397 1798 5460 est
1811 5386 1952 5462 iniustis
1968 5389 2093 5484 posita.

449 5698 588 5782 A
