4604 5804
76 294 138 370 oss
494 384 497 397 ⁵
548 281 562 341 ‘a
694 271 1447 360 returnar-unnauruoms.
1498 375 1502 386 ι
1860 267 1865 278 ·
2008 279 2084 358 ose

68 480 102 536 ut
122 483 236 534 vemnr
259 457 448 530 discrimen
472 453 725 549 conspiciatur,
764 447 942 526 Ecclesiae
963 449 1032 526 Dei
1084 447 1157 523 Sed
1172 444 1258 524 haec
1274 449 1410 522 iustitia
1427 446 1629 522 ddectionis
1643 450 1708 522 etsi
1723 445 1782 524 bic
1801 445 2002 524 inchoanda
2017 468 2080 540 est,

67 565 249 638 stallorum
265 574 442 632 coetuum.
991 639 997 646 .
1084 563 1204 622 tamen
1223 545 1342 621 adhuc
1365 551 1469 634 valde
1493 551 1669 623 imbecilla
1691 566 1726 623 et
1745 553 1869 643 exigua
1890 568 1961 639 eat,
1998 555 2080 626 idco
2176 639 2178 642 Ι

154 659 251 734 XXI.
284 657 519 730 Meminerint
534 681 616 748 ergo
633 679 755 731 omnes
778 655 928 730 studiosi
951 677 1033 747 per·
1084 664 1225 743 oportet
1236 651 1514 724 consolationem
1529 653 1627 724 illam
1641 655 1787 724 alteram
1803 657 1968 748 proponi,
1983 659 2082 750 quod

65 780 159 860 petuo
181 758 273 832 hane
297 761 472 833 eruditam
495 757 738 830 definitionem
760 761 844 830 fidei
864 755 932 830 hoe
953 757 1032 827 loco
1084 755 1154 824 fide
1176 765 1322 846 propter
1341 751 1455 824 filium
1468 751 1537 822 Dei
1555 754 1771 845 placeamus,
1801 757 1891 827 sicut
1907 755 2025 830 Galat.
2043 756 2080 830 5.

64 872 98 938 in
112 861 336 939 tertuEsaiae
351 884 425 953 cap.
441 861 503 935 26.
519 859 699 934 traditam.-
746 858 854 932 Fides
869 874 921 931 est
933 859 1034 930 firma
1085 854 1232 928 dicitur:
1265 852 1340 924 Nos
1361 854 1490 946 spiritu
1513 878 1556 926 ex
1569 853 1660 938 fide,
1684 879 1782 946 spem
1799 857 1957 929 iusticias
1973 883 2082 954 espe-

65 967 214 1058 cogltatio
228 977 384 1036 statuens
398 960 514 1035 Deum
530 962 614 1032 dare
627 981 770 1054 pacem,
794 962 928 1034 scilicet
948 983 1035 1052 pro·
1086 970 1232 1028 stamus.
1262 952 1350 1025 Item
1365 955 1464 1026 nulla
1476 979 1573 1028 nunc
1587 958 1846 1044 condemnatio,
1861 961 1961 1051 quasi
1976 962 2081 1050 dicat,

65 1083 134 1160 pter
145 1069 256 1138 lilium
272 1063 505 1157 promissum,
529 1075 565 1135 et
580 1065 773 1152 accendens
785 1063 968 1146 fiduciam,
994 1073 1036 1132 ut
1087 1057 1152 1128 etsi
1165 1057 1327 1128 nondum
1340 1077 1462 1127 summ
1475 1057 1550 1128 sine
1565 1072 1719 1149 peccato,
1744 1072 1864 1130 minen
1878 1062 1978 1133 nulla
1992 1087 2079 1134 con-

65 1167 115 1240 bic
141 1168 289 1252 dicitur,
327 1179 369 1236 ut
390 1163 803 1239 confidamusuomino.
836 1161 1035 1252 ¹Congruit
1086 1158 1266 1230 demnatio
1283 1170 1333 1228 est
1346 1157 1611 1250 ambulantibus
1626 1159 1665 1229 in
1679 1155 1823 1232 Christo
1839 1156 1866 1230 Ι
1872 1185 1959 1240 esu.

64 1285 167 1343 autem
183 1264 267 1338 haec
290 1264 453 1337 delinitio
473 1289 553 1336 curn
575 1263 678 1336 dictis
693 1263 811 1337 Pauli.
861 1263 969 1334 Fides
984 1274 1035 1332 est
1188 1257 1324 1330 xxtV.
1357 1256 1455 1329 Haec
1472 1257 1635 1332 doctrina
1648 1283 1731 1332 vera
1746 1274 1817 1348 est,
1842 1264 1909 1356 pia¹
1921 1279 1956 1337 et
1979 1265 2078 1338 utilis

64 1384 185 1450 motus,
211 1392 284 1462 quo
301 1365 488 1437 statuimus
503 1365 609 1436 nobis
630 1365 764 1436 remitti
787 1379 928 1456 peccata
950 1387 1035 1456 pro·
1086 1355 1288 1445 Ecclesiae,
1312 1361 1373 1430 sed
1387 1360 1471 1453 quia
1487 1360 1533 1430 ab
1546 1361 1675 1431 ociosis
1690 1374 1725 1434 et
1739 1384 1813 1434 non
1832 1369 2077 1438 exercentibus

64 1465 387 1564 pter'mediatorem‚
408 1480 444 1537 et
458 1467 656 1537 accedimus
671 1462 839 1536 adDenrn
856 1480 891 1537 et
906 1466 1036 1536 clama·
1073 1461 1350 1536 ,invocationem
1364 1461 1403 1530 in
1418 1461 1511 1532 veris
1526 1463 1731 1550 doloribus,
1755 1487 1829 1536 nou
1855 1465 2080 1561 intelligitur,
2143 1475 2147 1480 ’

65 1565 365 1644 musAbbaPater.
416 1561 1035 1642 HaecdefinitiotraditurRom.5.:
1087 1563 1169 1634 ideo
1185 1563 1290 1633 multi
1308 1563 1513 1644 reclamant.

64 1671 234 1746 laetificati
250 1671 320 1740 lide
335 1692 457 1762 pacem
473 1663 643 1738 habemus
657 1691 738 1758 erga
754 1667 871 1740 Deum
887 1665 1036 1762 perDo-
1190 1661 1306 1734 XXV.
1355 1659 1514 1735 Ecclesia
1547 1664 1716 1757 intelligit
1749 1691 1813 1738 cnr
1846 1669 2002 1741 subiecta
2034 1669 2080 1743 sit

64 1775 189 1844 minum
211 1785 377 1844 nostrum
391 1767 509 1840 Iesum
523 1763 727 1854 Christum,
758 1792 823 1858 per
841 1793 946 1863 quem
971 1764 1037 1838 ha·
1076 1765 1203 1846 cruci,
1234 1778 1269 1836 et
1291 1765 1449 1855 agnoscit
1469 1766 1559 1838 iram
1573 1765 1643 1836 Dei
1662 1771 1831 1842 adversus
1853 1784 2011 1863 peccate,
2042 1785 2078 1842 et

64 1878 173 1945 bernus
201 1895 381 1944 aceessum
406 1885 473 1943 etc.
536 1865 587 1942 Et
616 1867 724 1944 Rom.
747 1869 801 1940 8.:
841 1868 1037 1960 Accepistis
1060 1865 1065 2017 ἱ
1088 1866 1243 1936 clamitat
1259 1889 1340 1938 cum
1355 1862 1481 1938 lesaia:
1514 1865 1726 1961 Iniquitates
1747 1886 1888 1943 nostrae
1912 1885 1952 1942 ut
1976 1872 2074 1943 venti

1088 1965 1351 2058 dissipaverunt
1365 1989 1450 2053 nos,
1472 1991 1543 2062 qua
1561 1993 1647 2046 voce
1665 1971 1751 2065 quid
1766 1974 1983 2072 significetur
2000 1996 2077 2044 me·
2194 1986 2199 2002 ‘

64 1975 221 2066 Spiritum
234 1972 439 2064 adoptionis
455 1969 631 2064 filiorum,
642 1995 713 2063 quo
730 1968 1036 2041 clamamusAbba

64 2074 162 2150 Pater,
216 2071 267 2147 Et
291 2067 424 2164 Ephes.
438 2071 492 2141 3.:
525 2069 596 2141 Per.
615 2095 721 2164 qnem
745 2072 917 2142 audemus
938 2095 1036 2143 acce.
1087 2068 1159 2140 lius
1173 2069 1360 2158 intelliges,
1374 2069 1405 2138 si
1420 2069 1491 2140 iarn
1500 2068 1705 2161 Hungariae
1722 2075 1968 2165 dissipationes
1981 2075 2078 2166 aspi-

64 2180 137 2246 dere
150 2178 196 2246 in
218 2173 361 2246 fiducia.
411 2167 604 2247 EtEbrae.
621 2173 676 2244 4.:
711 2171 931 2246 Accedamus
954 2197 1034 2243 cnm
1061 2201 1064 2214 ·
1088 2170 1179 2255 cias,
1213 2183 1274 2240 aut
1297 2171 1515 2240 miserandas
1536 2167 1775 2245 Ecclesiarum
1798 2178 2078 2252 dilacerationes.

64 2277 177 2349 fidncia
195 2278 240 2346 ad
259 2271 431 2348 thronum
450 2274 594 2364 gratiae.
1088 2267 1302 2340 Moeramur
1330 2292 1414 2360 ergo
1443 2272 1574 2345 nostris
1594 2287 1629 2346 et
1646 2279 1895 2352 communibus
1914 2279 2077 2361 miseriis,

150 2375 269 2452 xxu.
295 2371 374 2446 Etsi
389 2397 469 2444 cuna
484 2370 550 2446 hac
566 2374 635 2444 lide
649 2372 841 2466 accipiente
855 2371 1036 2444 remissio-
1089 2385 1124 2442 et
1154 2371 1337 2442 discamus.
1363 2395 1485 2443 veram
1516 2374 1800 2460 invocationem,
1847 2395 1881 2454 et
1919 2394 2078 2473 petamus

65 2501 134 2550 nem
163 2500 302 2570 semper
329 2475 539 2546 coniunctae
563 2487 647 2544 sunt
669 2475 759 2544 aliae
782 2476 946 2560 virtutes,
978 2475 1036 2542 di·
1089 2473 1217 2544 fiducia
1234 2472 1298 2542 filii
1309 2470 1378 2542 Dei
1394 2472 1635 2546 remissionem
1653 2492 1896 2569 peccatorum,
1922 2499 1955 2554 et
1969 2483 2077 2552 lacia-

64 2581 154 2650 lectio
169 2594 202 2650 et
216 2601 313 2670 spes,
340 2590 460 2647 tamen
481 2576 564 2646 ideo
584 2575 731 2645 dicitur:
757 2574 846 2645 Fide
867 2575 1036 2646 iustifica-
1066 2627 1069 2636 ι
1088 2596 1168 2644 snus
1183 2574 1320 2644 lrnctns
1333 2575 1459 2664 dignos
1475 2577 1703 2667 poenitentia.
1740 2579 1838 2652 Haec
1853 2582 1882 2652 si
1897 2583 2077 2669 iaciemus,

64 2705 149 2762 mur,
173 2693 213 2751 ut
225 2677 467 2767 intelligamus
481 2699 548 2748 nos
562 2701 635 2745 non
647 2689 793 2769 propter
808 2689 947 2746 nostras
959 2676 1035 2748 vir·
1088 2670 1174 2748 haec
1191 2675 1353 2746 doctrina
1369 2688 1403 2748 et
1416 2675 1592 2748 illustrior
1605 2679 1673 2750 erit
1689 2695 1724 2752 et
1738 2683 1890 2754 dulcior.

65 2794 160 2869 tutes,
185 2783 245 2851 scd
265 2793 411 2871 propter
423 2778 536 2847 blicam
553 2776 620 2848 Dei
638 2771 885 2868 recipiaDeo.
952 2789 955 2797 ’
1189 2773 1326 2849 XXVI.
1365 2773 1458 2848 Cum
1479 2776 1605 2850 lessies
1626 2781 1786 2854 nominat
1814 2785 1939 2870 fidem,
1988 2785 2074 2855 item

151 2881 291 2954 xxtlt.
326 2879 473 2974 interim
497 2880 643 2968 prodest
672 2892 792 2949 tenere
815 2873 1042 2949 differentias.
1089 2874 1229 2959 delinit,
1269 2875 1374 2944 fidem
1405 2900 1478 2948 esse
1506 2881 1756 2969 cogitationem
1788 2886 1946 2966 firmam,
1981 2900 2075 2956 certe

65 2997 92 3052 et
105 2983 324 3054 definitiones
341 2977 469 3050 harum
486 2979 672 3052 virtutum.
715 2977 822 3048 Fides
838 2991 891 3049 est
905 2977 1035 3048 adsen-
1087 2976 1237 3069 requirit
1252 2976 1549 3067 praedicationem
1563 2983 1664 3052 verbi
1676 2982 1744 3054 Dei
1760 3009 1822 3056 seu
1835 2977 2074 3058 ministerium

63 3085 115 3153 tiri
136 3085 233 3155 omni
258 3084 371 3153 verbo
393 3080 461 3152 Dei
485 3095 519 3152 et
541 3079 773 3171 promissioni
803 3077 959 3169 gratiae,
1000 3088 1035 3147 et
1086 3072 1285 3169 Evangelii.
1342 3076 1433 3152 Nam
1455 3080 1541 3153 fides
1562 3106 1603 3152 ex
1627 3085 1754 3157 auditu
1774 3101 1846 3172 est,
1877 3101 1918 3160 ut
1940 3087 2075 3160 Paulus

63 3187 221 3256 confidere
234 3208 303 3256 nos
325 3183 423 3254 iuxta
445 3181 714 3275 promissionem
738 3180 846 3252 aDeo
869 3178 979 3272 recipi
999 3190 1035 3248 et
1086 3179 1217 3271 inquit.
1268 3178 1353 3250 Ideo
1369 3177 1467 3252 iubet
1483 3183 1522 3252 in
1538 3197 1635 3256 textu
1650 3189 1781 3278 aperiri
1796 3203 1932 3281 portas,
1958 3191 1996 3260 id
2011 3203 2075 3277 est,

64 3288 220 3359 exaudiri.
273 3283 363 3376 Spes
376 3296 428 3352 est
441 3283 634 3373 expectatio
648 3283 787 3354 futurae
801 3279 1033 3352 liberationis.
1085 3279 1323 3350 ministerium
1339 3277 1527 3373 Evangelii
1541 3289 1711 3360 exerceri:
1738 3305 1773 3363 et
1788 3285 1847 3362 bie
1868 3292 1967 3364 locus
1989 3315 2074 3362 rur·

64 3382 228 3458 Differunt
253 3383 440 3476 perspicue
471 3384 558 3452 fides
587 3396 622 3453 et
649 3404 747 3473 spes,
781 3405 822 3452 eo
844 3383 940 3474 quod
966 3380 1035 3449 lide
1085 3401 1144 3450 sus
1164 3381 1350 3465 admonet,
1384 3386 1481 3476 quod
1503 3407 1610 3477 supra
1640 3390 1775 3483 dictum
1803 3405 1853 3462 est
1874 3390 2083 3464 Ecclesiam

63 3489 270 3574 agnoscimus
297 3487 445 3556 verbum
467 3481 558 3568 Dei,
596 3495 633 3554 et
655 3482 847 3575 accipimus
867 3501 1034 3573 praesens
1084 3478 1259 3552 iustorum
1277 3495 1441 3572 oportere
1457 3486 1625 3557 collocari
1644 3489 1683 3558 in
1706 3486 1773 3560 hac
1795 3492 1929 3564 visibili
1945 3491 2071 3564 Eccle-
2127 3570 2133 3584 ,

63 3587 276 3673 beneficium,
301 3584 435 3656 scilicet
449 3583 691 3655 remissionem
709 3596 944 3676 peccatorum.
984 3579 1035 3651 At
1083 3579 1136 3651 sia
1153 3597 1379 3670 vocatorum,
1406 3584 1445 3654 in
1459 3610 1529 3680 qua
1553 3611 1643 3677 pura
1664 3615 1732 3661 vor
1746 3586 1933 3684 Evangelii
1957 3608 2072 3680 sonat,

64 3711 114 3776 spe
141 3703 360 3783 expectamus
387 3687 545 3756 loturam
573 3687 747 3775 integram
770 3683 1031 3755 liberationem.
1078 3695 1119 3754 et
1134 3705 1208 3754 non
1223 3686 1463 3758 defenduntur
1479 3687 1707 3778 pertinaciter
1721 3715 1859 3765 errores
1872 3708 2071 3789 pugnantes

63 3784 156 3874 Quod
189 3792 299 3882 igitur
331 3788 545 3858 cavillantur
578 3785 712 3880 aliqui,
759 3785 926 3857 fiduciam
959 3805 1034 3854 esse
1084 3807 1164 3855 cum
1179 3781 1387 3876 Evangelio.
1880 3851 1885 3860 .

62 3903 163 3962 actum
185 3892 280 3982 spei,
306 3890 410 3982 plane
432 3889 629 3980 respondeo
650 3887 814 3959 fiduciam
840 3885 1034 3979 praesentis
1186 3885 1338 3963 xxvu
1371 3887 1772 3966 Commendaturetiam
1786 3897 2071 3975 nobisministe-
2138 3981 2139 3988 χ

62 3993 346 4065 reconciliationis
364 4012 438 4062 esse
455 4002 572 4060 actum
587 3989 690 4075 fidei,
713 3991 775 4060 sed
792 3989 958 4060 fiduciam
971 4009 1034 4056 ex·
1083 3985 1130 4054 rii
1151 3988 1344 4076 evangelici
1370 3991 1520 4064 efficacia
1543 4009 1578 4067 et
1600 3996 1766 4088 dignitas,
1822 3999 1979 4074 Tantum
2005 4025 2069 4094 per

63 4106 243 4178 pectantem
258 4096 418 4182 futuram
430 4091 679 4162 liberationem
702 4113 776 4161 esse
803 4103 921 4161 actum
943 4087 1032 4180 spei.
1082 4088 1321 4161 ministerium
1341 4095 1582 4184 evangelicum
1605 4096 1703 4169 Deus
1727 4114 1779 4172 est
1799 4100 1940 4189 efficax,
1970 4104 2069 4178 iusta

62 4188 282 4267 dilectionem
317 4189 442 4265 lohan.
471 4192 596 4264 delinit
623 4191 664 4262 in
686 4189 849 4285 Epistola
879 4213 955 4282 cap.
979 4184 1031 4259 5.:
1082 4188 1191 4260 iilud:
1229 4187 1465 4282 Evangelium
1498 4210 1549 4267 est
1577 4199 1734 4288 potentia
1753 4200 1823 4272 Dei
1846 4203 1892 4273 ad
1919 4205 2068 4276 salutern

63 4288 145 4366 Haec
156 4312 209 4370 est
224 4295 368 4367 dilectio
386 4293 475 4379 Dei,
499 4305 541 4366 ut
553 4295 724 4365 mandata
742 4293 818 4364 eins
841 4312 1031 4363 servemus.
1082 4293 1181 4360 omni
1211 4295 1379 4367 credenti.
1445 4294 1663 4370 Damnemus
1694 4321 1778 4390 ergo
1813 4303 1952 4375 furores
1981 4329 2068 4377 ana-

61 4385 116 4466 Est
129 4398 235 4489 igitur
250 4397 392 4468 dilectio
407 4393 494 4481 Dei,
517 4417 657 4465 servare
672 4397 837 4464 mandata
855 4393 930 4463 eius
948 4415 1029 4460 cum
1082 4392 1305 4485 baptisticos,
1329 4396 1392 4488 qui
1416 4397 1654 4470 ministerium
1675 4402 1866 4489 damnant,
1897 4419 1932 4478 et
1957 4431 2067 4500 quae-

62 4500 198 4586 quedam
214 4496 368 4583 laetitia,
391 4521 483 4592 quae
499 4495 615 4568 oritur
627 4519 668 4566 ex
685 4495 867 4585 agnitione
890 4491 1030 4562 miseri·
1082 4508 1166 4565 runt
1186 4518 1299 4566 novos
1319 4498 1470 4568 adflatus
1490 4499 1562 4568 suis
1586 4501 1897 4592 speculationibus.
1949 4508 2068 4578 Vene-

62 4601 203 4687 tordiae‚
226 4599 479 4672 beneficiorum
494 4609 536 4668 'et
549 4597 768 4690 praesentiae
781 4595 850 4666 Dei
871 4592 1030 4666 curantis
1081 4617 1202 4667 remur
1219 4596 1322 4666 etiam
1339 4598 1472 4668 maiore
1492 4602 1610 4670 studio
1631 4615 1667 4673 et
1682 4601 1889 4679 adiuvemus
1903 4609 2067 4680 ministe-

63 4703 304 4793 et‘recipientis
325 4724 391 4772 nos
414 4713 561 4794 propter
579 4699 703 4770 lilium.
762 4695 913 4789 Propter
933 4691 1030 4768 hunc
1081 4697 1175 4766 rium
1194 4697 1232 4766 in
1249 4693 1416 4770 Ecclesiis
1431 4713 1465 4772 et
1481 4695 1635 4787 scholis,
1661 4715 1695 4776 et
1717 4704 1871 4779 sciamus
1894 4705 1962 4781 hoc
1984 4710 2066 4782 olli-

62 4791 216 4874 lobannis
229 4804 348 4875 locum
364 4797 566 4874 scholastici
580 4803 741 4872 doctores
763 4801 808 4869 de
830 4797 1031 4880 dilectione,
1081 4797 1175 4868 cium
1187 4797 1267 4870 Deo
1290 4815 1429 4890 gratum
1454 4823 1528 4896 esse
1550 4817 1585 4876 et
1599 4803 1715 4874 Deum
1736 4820 1882 4899 propter
1902 4813 2065 4888 ministr.

62 4911 95 4970 ut
106 4899 308 5001 Philosophi
327 4907 373 4977 de
394 4903 555 4998 iusticia,
586 4900 789 5002 universali·
804 4899 914 4974 locuti
935 4908 1032 4972 sunt.
1081 4897 1176 4972 rium
1192 4899 1329 4998 aliquas
1344 4904 1487 4998 politiae
1499 4918 1722 4980 servaturum
1735 4929 1822 4989 esse.

837 5205 1262 5230 m
