4726 5828
109 219 188 328 ior
694 233 854 312 nucu.
892 227 1234 350 ua'sononn
1265 230 1555 318 nosrocu.
2072 265 2146 342 ιω

106 433 214 482 verae
239 407 446 495 doctrinae,
477 421 511 480 et
535 411 577 480 ad
601 429 720 480 veram
743 407 1004 480 invocationem
1022 404 1102 494 Dei,
1153 405 1327 477 maiorum
1352 422 1555 482 nostrorum
1578 413 1680 487 dictis
1702 432 1736 490 et
1761 420 1862 495 iactis
1881 430 2142 520 conspicimus?

106 525 139 581 et
171 512 368 603 petendum
398 524 450 581 est
479 525 518 582 ut
540 513 639 582 Deus
668 531 734 580 nos
763 512 954 602 gubernet,
985 523 1101 580 servet
1152 504 1224 579 Ubi
1246 509 1411 580 firmioris
1437 524 1472 582 et
1494 513 1608 584 virilis
1628 521 1751 590 aetatis
1773 524 1858 594 fides
1880 540 1914 598 et
1931 537 2125 608 constantia

105 614 202 683 inter
217 636 285 682 nos
299 607 514 691 Ecclesiam,
538 627 572 682 et
587 635 718 704 poenas
733 612 880 702 mitiget.
1151 632 1258 701 quam
1283 611 1444 702 superius
1467 616 1622 687 seculum
1648 619 1687 688 in
1708 623 1795 694 viris
1813 625 1870 696 sui
1886 634 2056 723 temporis
2072 591 2140 708 ads

210 712 301 784 Vult
324 706 409 783 haec
433 713 505 805 peti
519 711 633 798 Deus,
658 713 742 805 quia
763 714 841 783 vult
856 711 1009 802 intelligi
1024 735 1099 782 non
1149 709 1316 796 miratur,
1357 725 1392 782 et
1425 716 1672 805 praedicatur?
1732 719 1833 810 Quae
1867 742 1919 808 est
1951 735 2135 821 mollicies,

103 811 275 885 humanis
296 814 455 884 consiliis
478 828 511 884 et
532 813 718 906 praesidiis
739 814 871 884 servari
891 810 1098 898 Ecclesium,
1149 834 1239 902 quae
1253 810 1393 898 levitas,
1419 839 1509 906 quae
1522 816 1655 902 libido,
1680 824 1725 892 ad
1741 848 1849 916 quam
1863 828 2023 906 florentis
2037 853 2134 910 sesa-

103 931 139 990 et
154 915 287 1006 depelli
304 909 599 986 hostesdiabolos
614 929 648 984 et
661 938 792 1005 organa
807 915 1045 987 diabolorum.
1148 911 1193 980 tis
1218 935 1352 996 mores,
1387 916 1447 1006 qui
1469 929 1552 988 ante
1573 925 1785 996 verecundia
1807 940 1843 997 et
1865 934 2000 1018 pudore
2026 941 2132 1010 nobis

211 1013 369 1105 Vagatur
380 1012 536 1086 Ecclesia
555 1018 649 1087 inter
665 1015 847 1102 diabolos,
872 1030 906 1088 et
919 1019 1011 1088 inter
1026 1013 1096 1084 im·
1146 1014 1503 1106 commendabantur,
1529 1042 1603 1089 non
1623 1021 1693 1093 sint
1710 1025 1937 1118 impudenter
1952 1038 2132 1130 prolapsi?

104 1119 166 1212 pia
187 1117 336 1208 imperia
359 1117 396 1186 in
418 1119 572 1202 mundo,
596 1118 687 1190 sicut
705 1118 954 1207 exiguus‘grex
972 1116 1093 1187 ovium
1145 1109 1236 1200 Quis
1258 1117 1346 1183 ordo
1369 1139 1390 1182 a
1413 1116 1544 1188 virtute
1565 1134 1742 1210 veterum,
1770 1141 1804 1197 et
1826 1129 1931 1202 laude
1951 1138 2129 1211 maiorum

104 1221 200 1290 inter
216 1218 326 1288 multa
344 1219 511 1308 luporum
528 1219 686 1308 agmina,
710 1233 773 1288 ne’c
791 1220 1010 1290 defensorem
1027 1212 1093 1286 ha·
1144 1235 1217 1284 uon
1248 1217 1399 1306 turpiter
1427 1219 1671 1308 degeneravit,
1701 1240 1736 1296 et
1761 1227 1933 1317 flagitiose
1956 1237 2129 1313 descivit?

101 1323 163 1394 bet
186 1333 321 1390 certum
343 1320 413 1388 nisi
432 1319 544 1390 filium
559 1316 627 1388 Dei
642 1319 835 1392 Dominum
857 1333 1016 1390 nostrum
1038 1316 1092 1388 le·

103 1445 182 1492 sum
199 1417 404 1504 Christum,
431 1420 633 1490 crucifixum
658 1444 721 1512 pro
740 1421 843 1490 nobis
857 1434 891 1492 et
905 1421 1091 1492 resuscita-

102 1537 204 1610 tum,
232 1521 295 1614 qui
317 1521 449 1613 inquit:
476 1519 589 1592 Nemo
611 1522 723 1612 rapiet
749 1545 832 1592 oves
847 1545 941 1592 meas
957 1547 999 1591 cx
1014 1545 1089 1590 ma·

99 1625 210 1694 nibus
227 1623 326 1692 meis.

203 1721 454 1794 nunculium
476 1721 545 1794 Dei
573 1719 687 1820 λόγον
712 1718 776 1794 καὶ
804 1715 929 1796 εἰκόνα
950 1717 1088 1812 ἀΐδιον,

100 1816 229 1896 ἀϊδίου
252 1820 408 1918 πατρὸς,
440 1849 504 1895 oro
528 1839 602 1896 toto
618 1841 778 1916 pectore,
805 1838 845 1895 ιιι
858 1826 932 1916 ipse
946 1837 1089 1913 propter

99 1949 201 2008 suam
217 1925 368 2012 gloriam
384 1948 448 1994 nos
464 1938 639 2016 protegat,
665 1948 710 1992 ne
723 1923 884 1994 Turricis
898 1939 960 1995 aut
973 1923 1089 1994 civili-

100 2027 170 2096 bus
197 2025 302 2094 bellis
332 2025 369 2093 in
400 2020 455 2093 his
482 2025 706 2112 regionibus,
739 2025 921 2094 barbarica
944 2025 1087 2094 vastitas

97 2127 170 2198 fiat.
222 2123 295 2198 Sed
316 2138 431 2197 servet
453 2125 547 2194 inter
569 2147 635 2193 nos
649 2119 841 2194 Ecclesiam
861 2127 978 2216 ipsum
995 2138 1087 2194 recte

98 2227 342 2310 invocantem,
367 2239 400 2294 et
414 2238 509 2314 regat
523 2238 657 2296 mentes
672 2226 887 2308 docentium,
910 2238 950 2297 ut
965 2249 1086 2295 omnes

1142 1328 1204 1386 aut
1232 1317 1319 1408 quid
1349 1318 1504 1411 denique
1533 1319 1573 1389 in
1601 1323 1878 1400 vitacommuni
1905 1341 2127 1414 camoribus

1140 1408 1326 1486 hominum
1355 1441 1504 1512 usquam
1534 1422 1699 1514 simplex,
1732 1428 1909 1519 integrum
1939 1451 1974 1508 et
1994 1463 2127 1530 purum

1140 1528 1191 1586 est
1205 1519 1391 1588 relictum?

1244 1617 1472 1718 Quapropter
1491 1645 1642 1715 peropus
1664 1643 1716 1701 est
1738 1628 1967 1722 Magistratus
1988 1664 2123 1726 omnes,

1139 1732 1174 1791 et
1203 1720 1312 1809 alios,
1346 1721 1408 1814 qui
1436 1721 1616 1816 aliquibus
1644 1730 1811 1818 privatim
1840 1752 1924 1810 sunt
1945 1742 2124 1832 praelecti,

1138 1815 1207 1891 hoc
1229 1821 1495 1911 corruptissimo
1518 1826 1655 1914 secsslo,
1685 1843 1718 1900 et
1738 1832 1961 1926 iniquissimo
1982 1826 2123 1916 morum

1138 1934 1297 2012 tempore
1321 1921 1487 2012 evigilare
1502 1925 1640 2012 studio,
1664 1943 1700 2002 et
1715 1937 1921 2024 expergisci,
1946 1957 1980 2012 et
1995 1944 2039 2012 de
2051 1959 2124 2016 sta·

1138 2021 1255 2105 tione,
1286 2025 1325 2091 in
1346 2027 1415 2115 qua
1438 2023 1611 2096 divinitus
1634 2044 1717 2100 sunt
1739 2035 1916 2125 collocati,
1943 2065 1989 2112 ne
2010 2043 2123 2114 mini·
2242 2031 2247 2042 ’

1138 2145 1235 2192 ιιιιιιιι
1256 2123 1400 2215 quidem
1418 2124 1619 2214 discedere,
1643 2142 1678 2200 et
1694 2134 1813 2204 omnia
1828 2139 1929 2230 quasi
1947 2147 2122 2235 especula

1137 2222 1421 2314 circumspicere,
1446 2237 1482 2294 et
1503 2227 1663 2300 animum
1685 2231 1722 2299 in
1742 2258 1859 2306 mores
1874 2240 1982 2312 veluti
1999 2268 2121 2316 arcum

99 2351 213 2398 unum
231 2326 271 2397 in
290 2326 365 2416 ipso
381 2325 509 2410 simus,
535 2321 663 2399 Amen.
713 2325 808 2396 Dixi.
1099 2345 1102 2352 ’
1137 2324 1311 2394 intentum
1335 2348 1473 2414 semper
1491 2327 1640 2412 habere,
1663 2345 1699 2402 et
1714 2335 1798 2404 vitia
1813 2343 2006 2429 speculari,
2030 2359 2064 2416 et
2080 2347 2121 2418 in

1137 2424 1478 2518 assertionisque
1501 2428 1571 2497 ram
1594 2430 1633 2498 n
1651 2432 1724 2502 vna
1745 2449 1779 2506 et
1799 2440 1959 2512 morasus
1980 2445 2121 2518 snoue-
2227 2437 2230 2458 '

1136 2538 1239 2608 runt,
1271 2538 1306 2595 et
1327 2549 1417 2617 pene
1439 2525 1701 2616 inveterarunt,
1733 2536 1786 2606 uti
1808 2543 1993 2614 severitate
2011 2546 2120 2636 plane

1137 2625 1318 2710 censoria,
1343 2650 1433 2719 quae
1453 2627 1531 2699 iure
1549 2631 1697 2720 pudoris
1713 2645 1747 2703 et
1762 2639 1952 2712 modestiae
1968 2638 2120 2720 habetur

1136 2725 1318 2813 magistra,
1344 2739 1378 2796 et
1401 2727 1523 2812 malis,
1549 2753 1638 2822 quae
1658 2733 1809 2823 plurima
1830 2763 1871 2810 cx
1895 2738 1961 2814 hac
1978 2745 2120 2820 levitate

1136 2838 1171 2895 et
1183 2826 1333 2896 libidine
1348 2826 1505 2918 quotidie
1519 2845 1746 2920 enascuntur,
1769 2839 1981 2914 medicinam
1998 2857 2122 2919 recen&

1049 2957 1050 2960 ¹
1137 2924 1249 3010 tibus,
1281 2927 1377 3017 quod
1400 2927 1494 2997 valet
1513 2928 1729 3021 plurimum,
1752 2933 1932 3013 adhibere.
1984 2943 2121 3034 Quem·

777 3121 779 3126 f
1136 3026 1327 3096 admodum
1356 3039 1491 3097 veteres
1517 3027 1876 3123 Rerumpublicarum
1905 3047 2121 3132 gubernato-
2223 3037 2231 3044 ⁵

170 3140 293 3198 Prodita:
322 3140 525 3222 ”9²m?⁰.⁰'!f
548 3133 659 3235 cetone·
680 3132 779 3205 pbilos.
805 3132 934 3231 praefecti
951 3134 979 3188 in
999 3132 1086 3215 Aqsd·
1136 3147 1192 3196 res
1213 3127 1356 3212 secisse,
1382 3121 1452 3197 ltoc
1472 3129 1627 3216 dicium,
1654 3139 1751 3226 quod
1771 3163 1867 3213 nunc
1891 3147 1997 3237 vulgo
2014 3171 2121 3220 usur.

200 3208 330 3262 Rostocb.
351 3227 380 3259 ιιι
403 3206 548 3276 disciplina¹
562 3204 731 3255 resarcienda
750 3202 916 3256 elaborassnt
936 3232 965 3243 ·-
985 3210 1085 3272 scripta

201 3277 291 3331 orstio
304 3278 339 3328 sb
351 3269 619 3335 ArnoldoBureuio,
637 3271 701 3324 cusu
715 3269 799 3340 prael.
812 3271 899 3324 Mel.'’
916 3267 1001 3325 Viteb.
1011 3269 1085 3326 15⁵6.
1115 3267 1116 3270 ¹
1137 3242 1255 3320 imur:
1280 3222 1336 3296 Ex
1359 3228 1462 3298 malis
1485 3231 1645 3348 minibus
1667 3237 1782 3308 bonae
1805 3240 1898 3333 lega
1913 3264 2119 3333 ”munim

1136 3339 1254 3418 aperte
1273 3327 1448 3410 declarat,
1469 3340 1504 3399 et
1517 3353 1612 3421 ipsos
1627 3335 1683 3405 sui
1699 3343 1856 3412 muneris
1871 3345 2046 3420 rationem
2061 3375 2120 3423 re-

1135 3421 1435 3518 ligiosehabuisse
1450 3429 1633 3518 significat.
2096 3501 2101 3512 .

1157 3521 1165 3541 ¹
1237 3524 1329 3615 Quis
1350 3528 1447 3596 enim
1471 3553 1547 3599 non
1569 3533 1682 3617 videt,
1707 3532 1745 3603 in
1767 3531 1835 3609 hoc
1855 3531 1966 3618 aDeo
1982 3551 2118 3642 optimo

1135 3627 1288 3697 maximo
1305 3628 1527 3717 magistratus
1541 3632 1800 3724 rebuspublicis
1815 3663 1889 3713 esse
1904 3653 2120 3736 praefectos?

1136 3742 1170 3798 et
1187 3727 1249 3811 iis,
1273 3743 1306 3798 et
1321 3729 1464 3799 caeteris
1479 3755 1620 3802 morum
1636 3735 1810 3822 magistris
1825 3744 1871 3812 ab
1886 3748 2009 3820 eodem
2025 3753 2119 3844 leges

97 3871 228 3940 Oratio
255 3857 458 3934 Arnolds‘
476 3857 672 3926 aaronis
697 3851 745 3925 de
763 3851 965 3944 disciplina
979 3851 1088 3928 scio·
1136 3825 1320 3918 D²⁰²l⁰ssb
1346 3829 1446 3920 ¹1¹¹³⁵l
1463 3855 1604 3903 ¹¹⁰r¹¹¹³⁸
1616 3833 1708 3905 vitae
1721 3831 1897 3916 humanae
1912 3871 1984 3920 esse
1997 3853 2121 3926 dam?

409 3962 471 4042 gae
484 3950 779 4028 Rogpocmanae,
1056 4022 1061 4030 .
1136 3929 1181 3998 ad
1203 3951 1290 4021 quas
1312 3929 1366 3997 illi
1387 3953 1532 4003 suorum
1554 3933 1686 4006 civium
1707 3950 1742 4007 et
1761 3939 2016 4036 discipulorum
2039 3979 2122 4026 mo..

1137 4051 1209 4114 res,
1234 4052 1308 4098 non
1329 4030 1434 4100 aliter
1453 4033 1493 4102 in
1513 4028 1571 4104 bis
1594 4036 1685 4106 vitae
1699 4043 1852 4114 tenebris
1868 4059 1904 4118 et
1918 4053 2044 4123 mundi
2058 4079 2120 4126 ea-

95 4131 148 4213 In
186 4129 253 4204 hac
292 4145 444 4201 extrema
476 4124 601 4195 mundi
630 4134 767 4192 senecta
796 4146 877 4193 vere
908 4124 1088 4214 languida,
1136 4129 1246 4220 ligine
1269 4131 1485 4220 defigerent,
1511 4158 1551 4203 ac
1572 4127 1700 4206 nautae
1722 4139 1879 4216 iooaeca
1893 4165 2118 4226 „ocimum

99 4238 226 4314 omnia
255 4233 396 4304 ruinam
422 4252 495 4297 non
518 4226 665 4296 obscure
689 4223 923 4309 denunciant,
956 4227 1087 4296 multae
1137 4253 1279 4300 cursum
1306 4234 1349 4303 ad
1380 4229 1529 4304 Helicen
1555 4250 1589 4306 et
1617 4236 1828 4314 clarissimos
1852 4245 2119 4341 Septentriones
2174 4321 2176 4328 .

98 4341 217 4413 malae
237 4349 349 4418 artes,
373 4345 407 4402 et
432 4329 527 4400 varia
549 4349 688 4395 morum
710 4324 814 4409 vitia,
838 4337 873 4394 et
889 4327 1088 4395 communis
1137 4333 1265 4401 solent.
1323 4329 1446 4424 Aqua
1469 4335 1576 4404 officii
1595 4359 1698 4421 cura,
1726 4343 1791 4432 qui
1814 4360 1876 4418 aut
1896 4339 2119 4444 voluptatum

100 4444 197 4514 vitae
218 4433 457 4526 corruptelae,
481 4428 597 4498 indies
616 4425 727 4515 magis
743 4424 908 4512 armagis
922 4426 1088 4496 exoriun.
1138 4431 1332 4515 illecebris,
1352 4445 1386 4501 et
1406 4433 1565 4506 dulcium
1581 4461 1700 4508 rerum
1715 4445 1888 4534 aucupio,
1911 4465 1973 4522 aut
1987 4433 2120 4545 privati
2196 4459 2210 4476 '

100 4559 181 4632 tur,
207 4553 251 4608 ut
268 4549 303 4607 et
319 4535 406 4604 boni
421 4531 491 4601 viri
505 4549 628 4600 omnes
645 4549 718 4596 uno
732 4548 793 4594 ore
810 4539 1089 4617 conqueruntur,
1118 4531 1315 4628 ⁴commodi
1344 4533 1479 4620 studio,
1508 4552 1569 4607 aut
1597 4537 1679 4627 fuga
1700 4540 1863 4617 laborum
1884 4565 1919 4622 ct
1939 4553 2121 4628 molestia-

101 4659 137 4716 et
163 4662 283 4712 mores
305 4632 492 4707 hominum
516 4627 633 4699 omnis
655 4625 792 4718 generis
811 4626 925 4696 multo
950 4626 1087 4722 clarius,
1138 4657 1217 4702 rum
1249 4633 1492 4720 abducuntur,
1521 4631 1560 4705 hi
1590 4636 1707 4710 locum
1736 4642 1774 4710 in
1799 4671 1911 4738 quoa
1934 4650 2010 4724 Deo
2035 4673 2120 4730 sunt

102 4767 213 4840 quarn
235 4739 375 4832 publice
396 4733 553 4824 expedit,
577 4740 761 4802 testantur.
811 4723 902 4796 Nam
925 4728 954 4796 si
977 4730 1089 4820 placet
1138 4733 1302 4804 collocati
1330 4735 1516 4821 deserunt,
1548 4752 1583 4808 et
1609 4742 1815 4813 mandatum
1837 4743 1905 4818 Dei
1928 4754 2034 4843 primi
2055 4783 2118 4850 pa.

102 4839 390 4931 circumspicere,
416 4850 452 4906 et
473 4834 600 4912 vitam,
627 4843 660 4901 et
682 4850 797 4898 mores
816 4845 1014 4916 praesentes
1032 4831 1090 4900 in·
1138 4834 1248 4904 rentis
1269 4834 1380 4904 instar
1395 4838 1595 4928 negligunt,
1619 4854 1652 4910 et
1669 4843 1907 4918 obedientiam
1924 4851 2120 4951 Cyclopum

104 4944 219 5028 sueri,
242 4939 322 5034 quis
342 4937 463 5007 aetatis
485 4935 615 5024 gradus
637 4953 710 5000 non
733 4929 835 4998 valde
855 4943 1010 5002 mutatus
1029 4947 1091 5019 est,
1141 4958 1238 5004 more
1260 4935 1451 5022 abiiciunt,
1477 4940 1608 5032 quibus
1626 4942 1740 5011 divini
1755 4948 1912 5019 muneris
1928 4959 2124 5045 proditori..

106 5063 140 5119 et
154 5041 348 5136 superioris
360 5037 468 5107 seculi
484 5035 635 5105 multum
649 5029 854 5102 dissimilis?
885 5028 977 5119 Quis
989 5035 1090 5116 ordo,
1139 5037 1224 5120 bus,
1249 5034 1366 5120 Deus,
1387 5039 1448 5132 qui
1466 5039 1579 5111 iustus
1594 5056 1661 5126 est,
1687 5066 1762 5114 non
1777 5051 2042 5139 magis,veniam
2059 5063 2124 5133 de-

107 5164 142 5222 et
157 5159 267 5218 status
282 5137 467 5210 hominum
484 5138 528 5206 de
544 5133 719 5206 curriculo
734 5131 925 5218 maiorum,
945 5148 979 5205 et
995 5149 1092 5206 vete-
1139 5137 1217 5209 lieti
1238 5139 1384 5210 daturus
1410 5153 1480 5225 est,
1505 5165 1610 5234 quam
1634 5140 1774 5216 Adamo
1794 5171 1878 5222 suae
1900 5154 1986 5246 legis
2007 5173 2130 5234 trans·

109 5273 189 5321 rum
208 5242 380 5318 institutis
396 5264 468 5309 non
487 5237 590 5326 longe
603 5234 744 5310 dellesit
759 5247 793 5302 et
811 5234 934 5322 procul
949 5235 1091 5308 aberre—
1142 5241 1291 5331 gressori
1314 5241 1428 5326 dedit,
1453 5237 1502 5312 Et
1525 5244 1554 5311 si
1577 5236 1635 5312 hic
1659 5245 1766 5318 unius
1784 5254 1915 5341 peccati
1930 5258 2031 5348 culpa
2048 5275 2121 5332 tam

108 5350 183 5422 vis?
234 5345 307 5420 Ubi
328 5341 449 5412 senilis
467 5339 529 5410 illa
548 5337 700 5426 gravitas
718 5345 754 5406 et
775 5333 905 5419 virtut,
931 5361 1037 5431 quam
1053 5339 1091 5410 in
1142 5342 1321 5429 acerbam,
1347 5355 1489 5436 tamque
1509 5343 1770 5420 formidabilem
1790 5355 1923 5426 aeterni
1943 5355 2011 5428 Dei
2031 5361 2122 5434 iram

158 5455 338 5523 Μιιιιιιιι.
362 5447 465 5516 Orrn.
491 5443 575 5511 voc.
589 5437 668 5508 XII·
1568 5447 1612 5519 11
1854 5456 1855 5462 ’
2078 5443 2082 5452 ’

99 2727 169 2800 No.
190 2723 274 2800 153.

105 2821 279 2852 Μ

892 2751 940 2788 su.
965 2728 1061 2795 1556.

869 2813 1080 2854 Μ

338 2949 414 3032 De
441 2947 606 3034 Schola
634 2945 843 3032 Rostocis.

202 3349 229 3402 4.
252 3345 325 3417 tpl.
355 3369 391 3382 -
427 3341 563 3394 llecusum
589 3347 628 3391 est
651 3337 705 3390 boc
731 3337 865 3406 scriptum
890 3357 952 3392 cum
978 3339 1086 3406 praeis-

200 3413 276 3466 tione
301 3410 368 3467 Met.
393 3408 420 3460 in
446 3409 493 3461 sel.
518 3405 595 3460 nect.
619 3405 644 3457 ‘l'
666 3403 713 3459 lV.
739 3421 767 3473 p.
786 3406 835 3458 176
853 3424 928 3476 πμῐι,
960 3405 1084 3458 Βὶώθῐᾶ·

202 3482 235 3533 Τ.
252 3482 285 3537 ΙΙ,
309 3499 335 3550 p.
347 3477 408 3532 869.
431 3485 458 3528 et
483 3475 601 3529 Sersest.
626 3449 720 3528 dliv.
744 3489 770 3544 p.
783 3474 839 3527 tut.
887 3473 1084 3528 Praelationem

199 3549 269 3604 Met.
287 3549 410 3602 dedimus
426 3545 455 3596 in
470 3541 597 3612 Epistolis
615 3541 642 3594 d.
654 3540 699 3596 2⁵.
712 3542 813 3598 Dssbr.
830 3541 905 3594 1⁵⁵4.
927 3569 955 3580 -
976 3540 1006 3594 ln
1021 3541 1084 3613 Epi·

204 3617 280 3672 stolis
310 3613 372 3668 satis
399 3609 575 3684 perspicitur,
611 3608 817 3664 Melantbonsm
841 3607 995 3664 elaborasse
1016 3609 1086 3664 banc

202 3687 365 3740 orationem.
