4726 5828
74 302 126 379 46
825 305 983 387 DECL.
1029 306 1107 385 DE
1138 305 1383 385 outone

76 481 374 570 gubernatorem,
408 477 568 550 adfirmat
592 477 798 569 utinensi,
830 505 912 554 curn
936 482 1002 554 ait:
1028 479 1069 554 Si
1247 467 1292 552 cde
1311 476 1423 559 πατρὶς
1443 468 1509 544 fle
1529 469 1830 549 aduersissimas
1850 487 1886 538 σι

76 581 157 674 quis
174 580 294 670 diligit
308 603 386 664 me,
412 601 611 651 sermonem
624 605 744 654 meum
758 584 932 671 servabit,
953 597 992 674 et
1004 607 1068 675 pa.
1247 561 1330 628 otro
1349 568 1466 646 potatu
1484 556 1528 636 ὥς
1545 557 1623 667 lyd,
1651 557 1707 622 sci
1722 579 1756 641 ys
1777 555 1893 664 ῥαδίως

76 696 131 752 ter
153 705 256 752 meus
278 681 403 770 diliget
427 691 526 769 enm,
560 684 662 761 etad
695 708 778 758 eum
799 686 1001 773 veniemus,
1034 697 1069 758 et
1219 643 1439 807 ὁὲῖοᾞεῗ
1459 641 1676 804 ἳίἰέωοῦὁῖῗ
1696 639 2106 804 ἂὶᾝζὲκέζῑωω

76 783 301 855 mansionem
315 785 410 873 apud
425 807 507 854 eum
520 784 701 862 iaciemus.
1681 786 1692 819 '

176 883 411 954 Manifestum
427 899 479 956 m
491 899 526 958 et
542 887 723 958 munditie
740 883 832 960 hm
849 901 988 979 gentem
1005 911 1070 961 m·
1120 835 1236 910 lesum
1243 833 1438 924 Christum,
1453 835 1658 908 crucifixum
1668 857 1734 926 pro
1749 834 1854 907 nohis
1870 847 1905 905 et
1921 831 2107 904 resuscita·

76 985 242 1059 geeeum
261 984 341 1055 ,1513
364 982 573 1069 Gemng,
600 1011 690 1082 qm
704 1002 739 1061 e,
754 989 829 1080 3¹,ae
847 1013 910 1082 per
929 1013 1002 1062 me
1017 1001 1071 1061 m
1120 992 1216 1112 hac,
1247 940 1427 1010 custodem
1448 933 1627 1010 Ecclesiae
1655 958 1758 1022 suae,
1788 951 1824 1008 et
1848 948 1889 1006 ut
1910 957 2048 1026 semper
2065 931 2107 1004 in

76 1087 213 1167 virtus,
248 1086 364 1178 posita
385 1086 424 1155 in
446 1089 585 1161 delectu
609 1111 727 1160 rerum
761 1105 908 1163 naturae
940 1115 1069 1164 conve-

77 1189 276 1274 nientium,
301 1202 336 1260 et
358 1187 496 1259 ordinis
517 1193 801 1277 conservatione,
824 1207 860 1264 et
876 1194 995 1264 nutrix
1019 1206 1071 1264 est

75 1290 273 1360 multarum
295 1289 446 1359 aliarum
477 1292 669 1378 virtutum,
707 1294 905 1368 sedulitatis
930 1308 966 1367 et
993 1295 1070 1365 fru-

75 1390 243 1480 galitatis.
295 1386 437 1461 Excitat
455 1392 549 1460 enim
566 1417 686 1463 curam
705 1417 762 1464 res
775 1409 924 1468 naturae
941 1419 1070 1466 conve-

75 1492 218 1562 nientes
228 1490 381 1581 eligendi
395 1503 430 1562 et
443 1495 585 1580 tuendi,
607 1508 642 1564 et
655 1497 799 1586 praehet
814 1498 971 1569 assiduas
984 1521 1071 1588 ope·
1106 1523 1112 1536 ·

76 1615 134 1663 ras
149 1615 235 1664 cnm
249 1593 581 1680 ornanturdomus,
607 1596 705 1681 lecti,
729 1611 859 1681 vestes,
884 1597 1068 1691 etreliqua

75 1695 275 1786 suppellex.
333 1690 462 1783 lugens
481 1719 566 1766 vero
590 1698 698 1766 decus
723 1697 762 1767 lb
785 1695 852 1770 hac
877 1699 1069 1770 domestica

75 1794 338 1866 consuetudine
367 1808 437 1880 est,
475 1810 720 1868 matronarum
752 1801 945 1881 modestia,
979 1823 1070 1894 qnae

75 1895 323 1966 oeconomiam
338 1897 526 1988 praecipue
535 1897 746 1988 gubernant,
770 1913 805 1970 et
818 1924 939 1972 earum
953 1923 1070 1971 exem-
1129 1954 1184 2028 No
1217 1953 1287 2023 ¹37
1928 1977 1965 2020 m
2003 1957 2098 2020 1553.

75 1999 138 2089 pla
152 1998 249 2066 bliae
264 1997 460 2083 intuentes,
486 2001 579 2068 etad
597 1999 814 2090 agnitionem
832 1999 921 2088 Dei,
942 2005 987 2073 ad
1003 2003 1071 2073 bo-
1125 2047 1297 2080 „N
1929 2045 2101 2076 ww

75 2121 142 2168 nos
175 2119 295 2168 mores
335 2110 369 2168 et
400 2099 445 2166 ad
490 2099 673 2170 scientiam
706 2104 969 2175 oeconomicam
1002 2105 1068 2174 ad·

76 2200 241 2271 metunt.
1465 2151 1541 2238 Dc
1574 2147 1757 2238 Orione.

123 2327 127 2333 ·
180 2297 333 2389 Signum
344 2314 379 2373 et
391 2296 461 2372 hoc
475 2315 528 2374 est
542 2301 581 2371 in
595 2297 661 2374 hac
674 2306 840 2394 natione,
865 2317 901 2378 et
916 2307 1069 2399 diligen·
1188 2313 1218 2367 ¹³
1231 2311 1323 2367 wlm-
1336 2309 1461 2366 nutam.
1474 2309 1508 2367 T·
1522 2309 1569 2374 W·
1588 2325 1616 2380 e·
1627 2309 1689 2367 ⁸⁶¹·
1709 2307 1843 2376 §mel
1854 2306 1902 2364 W·
1918 2325 1945 2382 ι·
1960 2305 2021 2364 ⁸¹⁹·
2056 2303 2110 2361 ffi·

77 2401 147 2472 tiae
162 2400 204 2470 in
224 2401 358 2473 tuende
381 2403 454 2474 vita
477 2403 690 2496 civium,'et
703 2408 835 2478 amoris
856 2431 937 2499 erga
956 2404 1070 2480 hone-
1222 2381 1315 2438 Μ’
1328 2379 1350 2437 ¹·
1367 2399 1395 2452 Ρ·
1407 2381 1468 2436 ⁴¹¹·

78 2517 148 2574 stas
180 2515 295 2583 artes,
328 2506 424 2596 quod
455 2504 494 2573 in
524 2505 674 2594 singulis
696 2510 848 2580 urbibus
872 2511 1070 2581 maioribus

78 2603 223 2696 publica
246 2603 424 2695 stipendia
446 2599 606 2699 Physicis
632 2605 784 2679 Medicis
807 2613 954 2698 dantur,
979 2635 1070 2706 quo·

78 2727 159 2776 rum
172 2705 348 2774 excellens
361 2719 413 2776 est
427 2706 580 2776 eruditio
596 2707 635 2776 in
652 2706 788 2780 Graeca
804 2725 838 2782 et
851 2711 980 2783 Latina
997 2714 1070 2781 lin-

78 2829 168 2896 gua,
198 2817 236 2874 et
253 2818 328 2876 tota
350 2800 601 2899 Philosophia,
634 2821 756 2881 utres
780 2813 953 2899 ostendit,
987 2814 1069 2907 quia

78 2905 187 2976 multi
207 2906 333 2977 aeditis
353 2909 599 2980 monumentis
613 2910 730 2982 studia
752 2913 997 2986 doctrinarum
1012 2915 1070 2986 iu-

78 3019 183 3092 vant,
218 3020 253 3078 et
275 3007 426 3100 patriam
451 3025 594 3084 ornant.
652 3011 837 3084 Notissimi
861 3029 945 3087 sunt
972 3015 1067 3087 enim

79 3109 164 3179 libri
180 3105 542 3201 Georgiihgsicolae,
568 3110 874 3187 etlanicomarii
889 3117 995 3189 etiam
1011 3141 1069 3188 εχ.
1119 3099 1204 3182 Etsi
1229 3109 1341 3177 multa
1364 3121 1447 3178 sunt
1466 3108 1669 3179 testimonia
1695 3108 1846 3194 tradita,
1881 3130 1972 3202 quae
1987 3123 2108 3179 osten·

80 3210 162 3282 teris
175 3210 394 3282 nationibus.
981 3243 984 3250 Δ
1119 3214 1212 3281 dunt
1230 3205 1424 3280 Ecclesiam
1454 3211 1593 3301 colligi,
1623 3210 1776 3297 servari,
1808 3210 1945 3302 protegi
1977 3235 1996 3280 a
2034 3210 2109 3280 filio

181 3309 281 3382 Haec
301 3315 346 3384 de
367 3313 482 3404 patria
497 3327 613 3386 vestra
627 3311 821 3388 Auditores
834 3318 931 3390 hono
948 3321 1067 3391 studio
1118 3311 1206 3396 nei,
1240 3311 1345 3381 ellam
1373 3335 1453 3382 ΝΜ
1483 3312 1583 3382 ”⁰¹¹³
1609 3305 1765 3383 humen&
1791 3309 1973 3407 praefidit}
1989 3306 2145 3397 hahet„

81 3414 172 3494 dixi,
198 3437 274 3482 „011
299 3415 414 3484 ,olum
436 3427 477 3486 us
492 3437 550 3485 me
566 3410 740 3509 hospitem
766 3433 905 3510 gramm
921 3443 994 3492 ειη
1011 3422 1068 3492 in.
1118 3427 1237 3486 tamen
1262 3413 1414 3482 maxime
1439 3413 1578 3486 illustre
1609 3413 1808 3504 exemplum
1833 3426 1885 3485 est
1908 3413 2108 3504 praesentia

67 3515 264 3609 alligatis,
296 3517 358 3585 sed
379 3516 494 3587 multo
518 3516 630 3606 magis
660 3533 702 3591 nt
726 3542 789 3591 eos
812 3517 997 3609 adhorter,
1028 3536 1068 3594 ut
1119 3513 1184 3585 filii
1212 3512 1279 3585 Dei
1316 3513 1355 3582 in
1380 3513 1534 3585 flammis
1571 3514 1726 3584 fornacis
1754 3511 2013 3610 Babylonicae,
2044 3514 2110 3586 ubi

81 3616 343 3687 considerantes
358 3631 567 3689 ornamenta
580 3619 732 3710 patriae,
755 3618 871 3692 Deum
887 3623 1068 3696 ardentio-
1104 3639 1178 3693 ‚rex
1195 3615 1358 3686 adfirmat
1374 3638 1412 3685 *θ
1430 3617 1552 3687 videre
1578 3627 1717 3710 Pffller
1731 3629 1801 3686 ¹¹⁰³
1815 3617 1913 3686 Vim
1935 3617 1975 3685 5¹¹
1987 3617 2108 3708 linem

80 3719 180 3790 ribus
194 3718 287 3788 votis
303 3717 429 3804 oretis,
452 3730 494 3791 nt
509 3741 549 3791 es
566 3735 759 3796 conservet.
797 3721 892 3794 Vera
908 3739 959 3798 est
972 3725 1068 3796 enim
1118 3717 1306 3798 conleclob
1326 3731 1492 3810 quartum
1509 3717 1622 3810 specle
1638 3716 1750 3808 Πιθεῖ*
1763 3717 1983 3803 Vfflfflssdls
2002 3741 2108 3812 (luem

79 3845 164 3889 vor:
191 3815 270 3888 Nisi
290 3815 470 3890 Dominus
493 3822 699 3894 custodierit
717 3825 914 3911 civitatem,
939 3827 1067 3897 frustra
1118 3818 1262 3913 quidem
1280 3829 1316 3888 θῐ
1329 3819 1492 3891 miliat
1508 3819 1622 3890 fillum
1638 3818 1718 3893 Del·
1770 3817 1819 3890 Ul
1838 3831 1956 3890 aulem
1970 3833 2056 3891 ⁸⁰¹¹ss
2069 3820 2109 3889 5¹¹

1209 1043 1352 1132 regione
1368 1039 1437 1111 sibi
1453 1039 1596 1129 colligat
1610 1049 1789 1108 aeternam
1803 1033 2015 1122 Ecclesiam,
2040 1057 2108 1104 nec

1119 1143 1277 1233 extingui
1300 1142 1339 1214 in
1353 1164 1394 1214 ea
1417 1143 1533 1212 lucem
1551 1136 1739 1230 Evangelii
1755 1152 1789 1210 ct
1803 1135 2033 1210 honestarum
2048 1159 2108 1206 ar·

1120 1244 1228 1331 tium,
1256 1269 1322 1316 nec
1345 1243 1457 1314 deleri
1478 1241 1705 1333 disciplinam
1734 1241 1848 1328 sinat,
1881 1253 1915 1311 et
1934 1252 1976 1312 ut
1997 1235 2108 1308 totius

1120 1345 1273 1438 regionis
1286 1344 1488 1436 Principes,
1512 1343 1785 1434 gubernatores,
1809 1341 1982 1436 populum
1997 1353 2032 1410 et
2046 1362 2110 1410 ur-

1119 1563 1222 1640 legat.
1269 1545 1366 1626 Dixi.

1117 1789 1560 1808 *flu-„lm

1120 2557 1249 2626 Oratio
1275 2551 1322 2626 dc
1348 2557 1502 2646 odone,
1529 2557 1725 2627 continens
1749 2549 2110 2626 commendationem

1117 2655 1610 2744 stadiomasAstronosns'ce,
1633 2664 1673 2729 ct
1687 2650 1956 2750 refutationem
1964 2675 2109 2746 corum,

1120 2764 1185 2852 qus·
1203 2767 1241 2832 et
1255 2763 1497 2834 insectantur
1521 2779 1570 2832 oc
1584 2763 1826 2850 vituperant,
1851 2764 1891 2830 et
1907 2759 2110 2830 calumniis

1119 2864 1273 2936 iniustis
1297 2869 1549 2956 praegravem
1575 2855 1673 2933 hoec
1700 2857 1850 2954 studim
1886 2865 2052 2934 recitata
2083 2879 2108 2930 a

1322 2959 1906 3058 MatthaeoBloelss‘sspero.

1119 1452 1201 1544 bes,
1226 1461 1261 1520 et
1270 1461 1408 1521 caetera
1423 1439 1577 1538 hospitia
1590 1446 1780 1517 clementer
1794 1445 1967 1536 gubernet
1980 1453 2015 1515 et
2023 1463 2108 1536 pro·
2217 1515 2220 1520 ,

80 3921 200 4008 vigilat
224 3920 288 4012 qui
313 3921 468 3993 custodit
486 3945 575 3998 eam.
631 3922 771 3996 Deinde
793 3938 834 3996 ut
858 3926 989 4018 singuli
1004 3950 1073 3999 suu
1119 3920 1285 3991 incendio
1303 3931 1373 3990 tres
1395 3921 1478 3991 illos
1501 3921 1675 4008 servavit,
1700 3920 1966 3992 sicuniversam
1983 3917 2110 3992 Eccle-
2243 3920 2247 3930 ’

80 4023 155 4092 loco
180 4034 330 4113 pareant
351 4023 488 4115 patriae
510 4039 679 4119 tanquam
705 4027 928 4099 dulcissimae
953 4030 1070 4116 matri,
1118 4023 1228 4108 siam,
1259 4021 1365 4093 etiam
1396 4045 1476 4092 cnm
1503 4025 1661 4117 pericula
1690 4045 1765 4092 non
1799 4044 1923 4092 omnes
1946 4037 2110 4110 cernunt,

81 4147 181 4216 aqua
196 4123 349 4209 victum,
373 4123 484 4215 leges,
510 4127 737 4221 disciplinae,
762 4129 964 4220 religionis,
989 4131 1070 4203 lite·
1119 4147 1258 4217 semper
1292 4121 1453 4196 delendis
1487 4139 1612 4197 contra
1646 4134 1842 4216 grassantes
1877 4124 2041 4196 diabolos
2074 4137 2110 4196 et
2237 4112 2242 4135 '

82 4249 199 4296 rarum
219 4237 255 4294 et
278 4225 409 4296 artium
435 4227 655 4300 intellectum
682 4243 913 4323 acceperunt,
946 4242 982 4303 et
1002 4228 1070 4304 hoc
1118 4249 1241 4298 eorum
1257 4249 1401 4317 organa.
1434 4221 1489 4300 Ac
1505 4251 1570 4299 nos
1584 4228 1729 4325 quidem
1744 4213 1930 4298 manifesta
1946 4228 2106 4319 exempla

79 4328 218 4397 loedere
241 4327 390 4418 obligati
411 4340 496 4400 sunt
517 4329 566 4415 ei,
594 4345 635 4401 nt
654 4334 776 4403 eadem
799 4335 895 4404 bona
918 4336 1068 4425 posteris
1117 4329 1180 4400 din
1197 4329 1267 4398 iarn
1284 4329 1457 4404 videmus.

80 4430 230 4504 tradant.
290 4423 448 4501 Accedat
468 4442 503 4503 et
524 4432 708 4524 diligentia
731 4435 770 4504 in
786 4437 953 4506 cavendis
968 4461 1069 4508 occa-
1218 4427 1378 4500 Primum
1402 4430 1512 4520 igitur
1531 4451 1597 4522 ago
1620 4431 1749 4522 gratias
1773 4431 1848 4502 lilio
1866 4426 1934 4503 Dei
1950 4426 2106 4501 Domino

80 4529 241 4600 sionibus
264 4529 526 4603 dissensionum
542 4548 577 4607 et
591 4533 752 4606 civilium
772 4549 947 4609 motuum.
998 4537 1068 4608 Ne-
1116 4544 1239 4603 nostro
1257 4529 1341 4603 lesu·
1352 4527 1516 4619 Christo,
1541 4533 1606 4626 qui,
1623 4534 1662 4604 in
1679 4529 1736 4604 his
1753 4531 2022 4605 confusionibus
2037 4530 2108 4598 im-

79 4656 133 4702 no
156 4633 280 4703 turbet
302 4633 435 4722 patriae
450 4636 744 4729 tranquillitatem
765 4638 914 4731 privatis
929 4639 1068 4732 cupidi·
1117 4633 1298 4727 periomm
1320 4633 1358 4704 in
1381 4630 1447 4706 hac
1462 4635 1607 4724 regione
1629 4633 1824 4707 Ecclesiam
1841 4633 1992 4722 colligit,
2019 4645 2055 4703 et
2069 4631 2107 4702 in

78 4734 227 4817 tatibus,
260 4734 477 4817 ambitione,
515 4739 628 4824 odiis,
661 4739 880 4826 tomeritate,
914 4765 961 4812 ne
995 4755 1067 4813 tam
1117 4759 1157 4806 ea
1173 4759 1241 4807 nos
1256 4759 1398 4833 qnoque
1412 4737 1451 4806 in
1462 4737 1570 4807 variis
1586 4738 1768 4809 aerumnis
1784 4735 1886 4826 tegit,
1912 4755 1977 4805 ¹¹0⁰
1991 4733 2108 4806 lucem

76 4835 198 4908 mulli·
212 4831 282 4906 Dei
295 4833 402 4908 (lonis
415 4851 540 4911 ornata
553 4839 653 4930 regio
672 4843 731 4914 fiat
750 4845 887 4936 μυσῶν
902 4838 1000 4930 λεία,
1027 4857 1069 4916 nt
1117 4838 1300 4911 doctrinae
1317 4838 1475 4930 extingui
1490 4839 1595 4926 sinit,
1620 4861 1772 4933 eumque
1787 4836 1994 4910 ardentibus
2015 4838 2108 4911 votis

76 4937 160 5006 olim
175 4937 373 5013 dicebatur.
412 4937 533 5029 Quare
545 4956 580 5013 et
588 4943 657 5035 piis
665 4947 931 5038 precibusapud
941 4942 1069 5032 Deum,
1117 4963 1201 5027 oro,
1226 4953 1268 5012 ut
1280 4962 1419 5035 semper
1433 4941 1528 5014 inter
1544 4965 1611 5013 nos
1626 4937 1831 5012 docentium
1845 4950 1881 5011 et
1893 4939 2108 5013 discentium

75 5053 107 5112 et
122 5039 294 5110 omnibns
308 5035 468 5112 honestis
482 5043 608 5116 olliciis
623 5046 745 5118 invare
760 5048 910 5138 patriam
925 5050 1068 5120 studea-
1116 5043 1257 5133 agmina
1273 5057 1387 5116 servet
1400 5057 1433 5114 et
1446 5045 1637 5135 gubernet,
1659 5054 1699 5113 ιιι
1713 5039 1788 5134 ipse
1801 5065 1884 5114 vere
1899 5035 2108 5121 celebretur.

74 5142 138 5227 tis,
172 5155 208 5213 et
229 5142 477 5238 unusquisque
500 5146 564 5216 tali
587 5148 633 5221 sit
655 5150 776 5220 animo
802 5173 882 5241 erga
906 5175 1002 5234 eam,
1027 5163 1068 5222 ut
1117 5143 1291 5217 Videmus
1312 5145 1351 5216 in
1377 5141 1434 5217 his
1457 5147 1572 5217 ruinis
1592 5143 1824 5234 imperiorum
1848 5145 1987 5216 duriter
2001 5169 2107 5240 qnas-

74 5267 155 5314 vere
170 5245 218 5315 de
241 5246 505 5336 mfpraedimm
521 5249 633 5340 possit
651 5251 745 5322 idern
763 5254 858 5348 qnod
874 5247 1067 5325 Erechthei
1116 5249 1185 5319 sari
1209 5241 1404 5335 Ecclesias,
1436 5259 1470 5318 et
1490 5245 1619 5342 passim
1642 5247 1759 5320 cllerri
1780 5242 1955 5322 homines.
2013 5245 2110 5318 llaec

72 5347 230 5418 coniunx
254 5347 391 5442 inquit,
416 5371 498 5419 cnm
516 5351 652 5440 patitur
670 5353 780 5425 liliam
796 5356 871 5425 lieri
887 5355 1066 5428 victimam
1116 5352 1258 5445 publica
1274 5353 1363 5423 mala
1381 5349 1667 5438 consideremus,
1688 5362 1778 5426 utet
1794 5349 1976 5422 doctrinae
1991 5349 2109 5420 studia

70 5472 136 5540 pro
151 5449 308 5522 civitatis
323 5445 463 5524 Atticae
477 5453 608 5541 salute,
633 5469 675 5528 nt
691 5471 779 5531 tnnc
795 5459 1004 5553 putabatur:
1054 5505 1057 5512 -
1089 5511 1096 5534 .
1116 5453 1250 5526 maiore
1264 5477 1346 5527 cura
1362 5465 1540 5546 tueamur,
1566 5469 1601 5530 et
1615 5453 1771 5550 precatio
1787 5451 1834 5525 sit
1846 5449 2039 5522 ardentior.
