4696 5820
237 270 313 347 885
637 263 798 338 DECL.
836 259 912 338 DE
943 261 1265 342 CHARITUM
1296 261 1873 382 aaaaLLATtotttsstJS.
2201 271 2275 344 336

237 461 298 516 tur
321 445 464 514 illorum
488 437 631 523 officiis,
658 439 715 506 vel
735 450 776 507 ut
799 434 910 510 multa
933 439 1161 531 speculentur
1184 439 1229 507 ad
1279 433 1372 509 Cum
1395 451 1599 511 reverenter
1616 433 1815 512 exhibitum
1834 461 1908 512 esse
1925 434 2143 534 αὐτόματον
2150 491 2162 527 ,
2190 441 2275 512 bar-

239 569 298 616 eos
322 547 416 637 ipsos
439 541 664 625 evertendos,
691 563 711 608 a
734 538 863 633 quibus
887 539 926 609 in
950 539 1227 612 familiaritatem
1279 539 1367 609 baro
1388 539 1444 609 illi
1463 541 1532 612 fuit
1553 539 1706 636 ἄκαιρος
1731 540 1858 615 εὔνοια
1864 592 1877 628 ,
1904 541 1968 636 qui
1990 566 2072 614 cum
2091 543 2161 613 alia
2180 545 2276 614 dona

239 647 383 718 admissi
408 656 502 716 sunt.
554 641 651 711 Haec
671 639 818 712 Sinonis
841 653 903 709 ant
919 640 1016 712 Sexti
1034 639 1228 732 Tarquinii
1280 641 1468 727 retineret,
1493 635 1562 712 hoc
1586 637 1866 734 pulcherrimum
1885 666 1974 735 opus
1991 666 2074 714 cum
2089 657 2277 716 contume-

239 749 384 820 artificia
415 769 495 816 cum
525 744 586 814 vix
613 743 731 812 caveri
762 743 837 811 ulla
867 742 1050 831 vigilantia
1082 742 1230 834 possint,
1280 741 1328 810 lia
1350 742 1455 812 etiam
1479 743 1582 813 reddi
1605 743 1725 830 iussit,
1756 745 1840 839 quia
1863 744 2008 818 nonsit
2031 746 2132 837 pium
2156 745 2277 817 consi·

151 839 158 858 ’
238 851 342 922 bonis
357 846 572 919 conscientia
587 839 755 913 honestae
771 843 963 913 voluntatis
979 857 1096 913 tamen
1108 857 1229 934 postea
1281 844 1404 913 derare
1426 858 1544 916 motus
1567 844 1744 918 coelestes.
1805 843 1902 916 Hine
1926 859 1961 917 et
1980 847 2097 936 gentis
2118 860 2153 919 et
2175 847 2276 918 ducis

239 953 364 1022 solatio
392 962 453 1018 est.
512 946 582 1018 Sed
612 945 667 1014 illi
690 942 806 1014 Deum
835 943 1016 1014 vindicem
1041 965 1115 1013 esse
1139 943 1229 1013 insi·
1280 944 1481 1015 barbariem
1495 945 1688 1019 aestimate.
1740 944 1809 1018 Sed
1826 947 1939 1018 multo
1955 942 2276 1019 humaniusFran-

238 1056 378 1124 diarum
404 1064 437 1120 et
459 1049 610 1119 violatae
632 1044 715 1114 fidei
738 1045 877 1114 debitae
900 1045 1023 1116 amieis
1044 1045 1247 1136 experieu-v
1280 1067 1342 1115 eus
1363 1058 1493 1116 noster.
1544 1043 1614 1116 Hic
1629 1058 1671 1118 ut
1687 1047 1778 1118 liber
1793 1048 1917 1119 multis
1929 1061 2035 1119 notus
2051 1048 2152 1121 lieret
2158 1100 2172 1133 ,
2199 1051 2275 1120 ius-

239 1172 318 1240 tae,
342 1164 383 1220 ut
397 1171 478 1220 vere
496 1150 630 1220 dictum
647 1160 698 1216 est
713 1171 732 1215 a
748 1151 867 1237 poe'ta:
1281 1147 1326 1216 sit
1347 1170 1426 1216 eum
1450 1147 1490 1215 in
1505 1145 1673 1218 Latinum
1694 1170 1895 1218 sermonem
1921 1150 2116 1220 transferri.
2169 1147 2273 1222 Fuit·

1280 1271 1350 1341 que
1368 1247 1543 1340 interpres
1561 1243 1739 1320 lohannes
1756 1247 1905 1337 Scotus,
1929 1251 1993 1344 qui
2009 1263 2095 1324 tuuc
2111 1248 2274 1323 Lutetiae
2333 1297 2334 1324 ;

1280 1350 1395 1420 studia
1411 1349 1592 1421 doctrinae
1608 1351 1830 1438 gubernavit.
2119 1364 2122 1373 '

331 1525 340 1543 ,
385 1524 395 1544 ,
601 1520 611 1539 ,
788 1520 797 1537 ,
1078 1519 1088 1537 ,
1140 1520 1148 1538 ,
1381 1445 1460 1522 Etsi
1475 1463 1593 1521 antem
1609 1451 1852 1544 interpretatio
1870 1475 2097 1548 nequaquam
2114 1465 2165 1524 est
2182 1453 2273 1524 niti-

240 1525 362 1620 Tertra
384 1535 476 1594 enter
497 1517 666 1593 Charites
690 1515 819 1594 Thala
846 1534 914 1604 est,
947 1543 1037 1614 quae
1058 1519 1230 1609 significat
1279 1551 1345 1635 d„
1370 1563 1489 1622 tamen
1513 1552 1601 1622 fides
1616 1553 1820 1624 morino„
1836 1555 1958 1639 defuit,
1985 1555 2048 1648 quq
2065 1577 2274 1625 commone,

239 1627 515 1718 3²¹mi⁰³⁰¹⁰¹⁰2
564 1623 729 1741 vffd‘h‘et
752 1623 1024 1742 gfass¹²⁰d¹⁰e¹⁰³
1071 1645 1228 1742 P‘fflufn
1278 1653 1392 1723 factus
1410 1652 1485 1724 eius
1501 1653 1588 1724 libri
1603 1653 1773 1741 lectione,
1798 1669 1917 1747 postea
1936 1658 2107 1749 quasdam
2124 1654 2272 1725 vitiosas

238 1752 304 1820 pm
331 1749 466 1807 'nem’
497 1725 612 1795 ⁰ffi⁶¹³
637 1747 703 1842 ΡΨ
728 1721 865 1843 ⁰ffi⁰¹¹³5
919 1721 992 1796 sed
1017 1718 1229 1842 h³⁶,⁰‚²“¹¹³
1279 1755 1504 1825 adorationes
1525 1753 1669 1826 taxavit.
1720 1754 1762 1826 ld
1782 1779 1862 1825 cum
1884 1778 1985 1845 aegre
2004 1757 2113 1828 ferret
2126 1755 2272 1828 audito-

240 1825 332 1923 proh
359 1827 481 1912 dolor,
504 1825 630 1916 procul
652 1825 740 1894 alras
762 1836 938 1918 sequetur,
962 1837 1179 1912 moestrcram
1194 1835 1229 1895 et
1278 1879 1359 1925 ,um
1384 1856 1510 1942 turba,
1541 1856 1680 1947 impetu
1704 1855 1743 1925 in
1766 1879 1885 1926 senem
1909 1859 2022 1942 sacto,
2057 1857 2120 1950 qui
2143 1858 2271 1928 sedulo

240 1933 342 2002 vultu
365 1942 399 2000 et
425 1929 569 2000 sordida
587 1938 682 1997 veste
696 1928 896 1999 ostendens.
945 1920 1116 2043 Ostendit
1131 1925 1227 2043 enim
1280 1979 1339 2026 ω,
1356 1956 1462 2048 longo
1476 1970 1633 2052 tempore
1647 1957 1833 2043 domem,
1857 1969 1893 2029 et
1907 1953 2161 2051 comprehenso
2179 1957 2271 2029 effo-

240 2028 646 2149 Vi¹²f⁰mm¹¹¹¹i⁸fl¹¹³m
664 2049 742 2097 ‘²¹¹³
757 2027 1034 2144 ⁵i¹¹³²ff⁴¹¹³gss¹¹¹⁸
1050 2026 1229 2147 bfnefi⁶¹¹⁸
1278 2057 1385 2131 diunt
1412 2057 1546 2133 oculos.
1605 2057 1708 2130 Talis
1736 2059 1848 2150 gratia
1878 2056 2031 2129 fideliter
2057 2058 2270 2129 docentibus

239 2133 430 2223 guumdm
489 2127 650 2246 Primum
668 2151 774 2247 qum}
790 2140 1088 2248 ¹¹,¹¹'P¹¹⁰¹,¹¹¹3f³¹¹
1104 2149 1228 2245 ⁰¹⁰⁰⁶ff
1279 2181 1381 2251 saepe
1403 2160 1575 2232 redditur.
1625 2154 1732 2231 Addo
1754 2172 1790 2231 et
1808 2158 2048 2231 narrationem
2066 2161 2109 2230 de
2127 2153 2270 2250 hospite

240 2255 363 2306 sumus
377 2231 474 2314 Deo,
500 2251 600 2300 cutus
619 2228 788 2299 beneficia
808 2253 848 2298 rn
866 2229 1098 2300 fabricatione
1113 2241 1227 2300 nostre
1279 2260 1418 2349 ingrato
1448 2259 1617 2330 memoria
1646 2259 1821 2350 dignm,-
1848 2283 1938 2354 quae
1970 2262 2064 2354 apud
2094 2258 2270 2333 senecam

239 2333 419 2425 eorporis,
459 2332 499 2400 in
526 2330 719 2400 donatione
744 2332 857 2414 vitae,
886 2330 926 2400 in
956 2329 1126 2401 missione
1152 2329 1228 2414 lilii,
1279 2374 1385 2432 extat·
1433 2357 1625 2454 Philippus
1648 2359 1798 2432 Macedo
1827 2363 1995 2432 audacem
2026 2362 2176 2431 militem
2202 2357 2271 2432 ha·

146 2522 149 2527 ,
240 2434 473 2527 patefactione
487 2432 685 2518 doctrinae,
711 2432 919 2503 collectione
934 2427 1138 2549 Ecclesiae,
1156 2453 1228 2500 nu·
1278 2464 1376 2549 hup,
1401 2485 1506 2557 quem
1523 2475 1564 2533 ut
1580 2459 1727 2535 haberet
1744 2463 2051 2554 obsequentiam
2070 2463 2110 2531 in
2126 2462 2269 2554 peritu-

240 2536 427 2610 tricatione
446 2547 482 2604 et
497 2533 644 2626 xassidua
665 2534 902 2626 protectione,
927 2545 1228 2627 quotusquisque
1278 2565 1340 2646 ἰὴ,
1366 2563 1500 2656 petenti
1521 2563 1655 2634 maiora
1675 2563 1834 2658 praemia
1857 2563 1956 2635 dedit
1978 2585 2086 2656 quam
2108 2565 2268 2636 caeleri,-

240 2638 296 2708 “¹
312 2635 467 2710 “nun‘'
481 2635 691 2708 mmmm*
1277 2663 1369 2738 Cum
1394 2679 1511 2737 autern
1528 2665 1567 2735 in
1583 2689 1684 2736 saeva
1700 2676 1905 2756 tempestate
1919 2663 2071 2735 misisset
2088 2687 2169 2734 eum
2186 2687 2269 2755 spe-

343 2764 571 2862 Alphonsum
584 2765 720 2858 Regem
734 2764 1009 2860 Neapolitanum
1033 2769 1226 2861 sapientem
1278 2769 1433 2839 culatnm
1451 2768 1528 2837 loca
1543 2768 1737 2860 quaedam,
1761 2767 1902 2837 rediens
1919 2764 2020 2834 miles
2038 2765 2266 2855 naufragium

221 2871 443 2964 ‚Principem
472 2882 636 2954 namant,
667 2869 698 2938 si
724 2872 867 2961 quando
892 2870 1003 2941 iratus
1025 2871 1094 2943 fuit
1118 2872 1227 2943 alicui
1276 2869 1381 2950 facit,
1405 2867 1499 2940 etin
1523 2867 1613 2936 mari
1631 2867 1809 2958 periisset,
1835 2865 2268 2938 nisirusticusinviciuo

238 2975 396 3064 ingrato,
421 2972 563 3043 solitum
583 2992 656 3040 sese
673 2970 718 3040 ab
733 2971 832 3042 illius
845 2972 1104 3061 vituperatione
1120 2997 1225 3042 revo-
1276 2971 1412 3054 littore,
1436 2981 1623 3060 conspecto
1638 2968 1735 3038 illius
1750 2967 1918 3060 periculo,
1944 2990 2094 3059 propere
2108 2967 2148 3036 in
2164 2991 2267 3062 cym-

239 3097 329 3154 eare,
349 3068 406 3142 his
419 3072 553 3142 verbis:
578 3067 655 3159 Ego
670 3094 753 3140 vero
768 3093 832 3142 cur
845 3065 953 3144 huius
969 3071 1093 3163 eulpae
1106 3085 1226 3143 tanto·
1276 3072 1358 3142 bam
1375 3069 1629 3155 descendisset,
1653 3082 1688 3141 et
1703 3093 1783 3140 eum
1799 3071 1885 3140 dum
1903 3069 1997 3139 inter
2011 3069 2140 3140 fluctus
2155 3069 2267 3139 iacta-

237 3199 323 3267 pere
342 3195 547 3256 succenseo,
571 3171 636 3264 qui
658 3194 772 3240 meam
795 3172 957 3242 accusare
978 3173 1095 3263 potius
1117 3175 1225 3245 debe-
1276 3184 1336 3242 tur
1362 3170 1562 3262 excepisset.
1623 3166 1786 3263 Cumque
1811 3169 2056 3240 semianimem
2079 3170 2118 3238 in
2139 3169 2266 3239 villam

237 3297 333 3361 rem,
358 3296 439 3344 cum
454 3271 531 3344 Deo
550 3270 662 3342 multo
679 3271 790 3360 magis
806 3272 963 3364 ingratus
978 3274 1152 3369 sim‚-qui
1167 3275 1224 3344 in·
1276 3294 1375 3343 suam
1405 3271 1572 3353 vexisset,
1604 3272 1725 3342 triduo
1753 3270 2017 3341 enmofficiose
2043 3284 2196 3357 recreat,
2230 3285 2266 3342 et

237 3374 473 3447 numerabilia
488 3374 584 3444 bona
598 3367 690 3442 mihi
704 3372 842 3448 tribuit.
892 3373 964 3446 Sed
979 3399 1159 3463 oroeum,
1184 3391 1225 3449 ut
1275 3387 1470 3445 recreatum
1501 3372 1630 3443 viatico
1663 3373 1819 3444 instruit.
1880 3367 1946 3440 llle
1974 3371 2158 3441 discedens
2176 3397 2265 3464 pro-

238 3475 305 3549 hac
332 3477 553 3548 confessione
576 3497 675 3544 meae
695 3473 820 3566 cnlpae
842 3474 1006 3550 leniatur.
1065 3475 1145 3550 Hoc
1168 3502 1224 3550 sa·
1275 3476 1383 3546 mittit
1393 3499 1435 3544 se
1453 3474 1663 3544 beneficium
1680 3475 1756 3543 eius
1771 3471 1861 3563 Regi
1878 3473 2162 3562 praedicaturum
2179 3495 2266 3557 esse,

236 3578 451 3671 pientissimi
464 3575 573 3666 Regis
589 3576 787 3666 exemplum
804 3597 905 3667 saepe
919 3579 1162 3659 recordemur,
1190 3592 1224 3650 et
1274 3591 1309 3649 et
1331 3575 1576 3668 perfecturum
1590 3587 1631 3646 ut
1650 3575 1681 3644 ei
1706 3573 1818 3665 gratia
1840 3574 2024 3646 referatur.
2082 3573 2264 3646 Reversus

237 3693 394 3750 nostram
410 3676 702 3768 ingratitudinem
718 3677 953 3768 deplorenms.
1003 3677 1146 3769 Singuli
1160 3682 1224 3751 de·
1273 3679 1318 3748 ad
1334 3673 1543 3768 Philippum
1566 3687 1688 3746 narrat
1708 3675 1950 3766 naufragium,
1976 3675 2146 3744 beneficia
2170 3677 2264 3746 libe·
2333 3703 2334 3724 ¹

237 3783 323 3850 inde
358 3792 520 3871 parentes
550 3791 686 3848 vestros
719 3779 949 3865 intueamini,
993 3793 1029 3852 et
1050 3780 1221 3872 cogitetis
1272 3779 1400 3852 ratoris
1413 3777 1468 3848 sui
1483 3789 1596 3848 astute
1611 3776 1782 3856 occultat,
1809 3791 1843 3850 et
1858 3787 1899 3846 nt
1914 3788 2051 3846 norunt
2063 3777 2165 3846 aulae
2182 3802 2262 3848 ver-

237 3893 370 3975 quanta
392 3900 448 3949 res
462 3879 510 3949 sit
526 3873 662 3976 στοργὴ
678 3878 717 3946 ἱιι
733 3880 899 3950 cordibus
914 3903 1037 3950 eorum
1052 3903 1133 3972 erga
1148 3906 1221 3965 vos,
1273 3905 1350 3953 sum
1365 3877 1532 3950 Hesiodi:

237 3994 370 4076 quanta
392 3979 612 4064 sollicitudo,
638 3992 810 4073 quantum
827 3981 990 4052 laborum
1007 3997 1041 4054 et
1055 3984 1221 4055 dolorum
1369 3975 1467 4052 “litis
1488 3971 1545 4041 οὒκ
1566 3971 1673 4058 trust
1697 3968 1883 4063 “xttdfm
1905 3970 2008 4058 ἄνδρα
2029 3971 2153 4054 rutila·

236 4083 277 4154 iu
299 4080 525 4165 educatione,
550 4081 591 4149 in
612 4080 767 4166 morbis,
793 4094 827 4153 et
847 4082 927 4152 aliis
951 4083 1127 4174 periculis.
1178 4082 1220 4154 ln
1272 4079 1452 4154 Audacter
1475 4081 1589 4173 poscit
1610 4101 1675 4169 pro
1696 4078 1820 4148 labore
1840 4079 2055 4170 praemium,
2078 4090 2113 4148 et
2136 4097 2260 4152 narrat

235 4179 304 4255 hae
327 4181 605 4254 consideratione
629 4183 786 4254 saniores
808 4205 929 4256 omnes
953 4185 1221 4276 valdepudebit
1271 4184 1310 4254 iu
1331 4206 1372 4253 eo
1392 4182 1512 4253 littore
1536 4181 1659 4251 villam
1683 4201 1774 4266 esse,
1807 4189 1921 4272 quam'
1935 4193 2106 4273 tanquam
2127 4203 2259 4253 moun-

234 4283 502 4376 ingratitudinis
524 4305 618 4356 suae.
674 4281 817 4371 Quanta
839 4286 1059 4356 contumacia
1082 4301 1135 4358 est
1156 4288 1221 4356 ad·
1270 4279 1430 4356 mentum
1453 4283 1509 4354 sui
1532 4281 1683 4374 periculi
1704 4281 1775 4351 sibi
1797 4280 1926 4350 donari
1944 4282 2044 4372 petit.
2088 4279 2176 4354 'Rex
2193 4285 2258 4352 do·

234 4409 357 4458 versus
377 4384 623 4476 Magistratus„
647 4381 811 4454 Pastores
824 4381 1062 4456 Ecclesiarum
1085 4402 1120 4461 et
1133 4389 1221 4458 lide-
1270 4401 1333 4460 nat
1349 4399 1384 4460 et
1397 4383 1509 4456 mittit
1523 4396 1763 4478 quaestorem,
1787 4381 1851 4474 qui
1864 4381 1896 4452 ei
1912 4382 2168 4474 possessionem
2185 4399 2259 4454 tra-

234 4489 285 4558 les
309 4487 489 4559 Doctores.
520 4543 523 4549 .
555 4483 703 4554 Miserat
724 4481 853 4556 Carolo
876 4491 1001 4576 Magno
1024 4487 1220 4577 Imperator
1270 4489 1342 4562 dat.
1392 4484 1499 4559 Dolet
1515 4483 1718 4556 serusticus
1732 4507 1773 4554 ex
1789 4505 1855 4553 suo
1868 4496 1903 4554 et
1917 4484 2092 4555 maiorum
2108 4507 2257 4554 suorum

233 4586 650 4677 Constantinopolitanae
663 4585 765 4656 inter
783 4587 851 4657 alia
871 4590 964 4678 regia
978 4590 1070 4659 done
1086 4590 1219 4660 librum
1268 4589 1384 4660 fundo
1406 4586 1552 4678 expelli,
1577 4597 1613 4656 et
1633 4585 1776 4679 quidem
1800 4582 2056 4660 benemeritam
2071 4585 2117 4653 ‹le
2132 4586 2257 4659 milite.

170 4727 173 4736 .
234 4686 397 4784 Dionysii
418 4711 580 4779 graecum
611 4701 771 4758 accurate
797 4688 984 4781 scripturn,
1024 4690 1095 4762 fuit
1123 4691 1218 4759 enirn
1269 4685 1428 4782 Exponit
1451 4687 1560 4778 igitur
1573 4685 1763 4774 Quaestori
1782 4684 1957 4772 integram
1979 4684 2061 4755 facti
2079 4687 2258 4758 narratio-

234 4788 321 4857 olim
337 4787 491 4878 Regium
513 4788 596 4860 talia
619 4788 731 4870 dona,
757 4801 793 4861 et
813 4785 937 4862 dantes
959 4802 993 4860 et
1008 4791 1220 4885 accipientes
1269 4813 1371 4875 nem,
1396 4812 1502 4882 quam
1526 4787 1647 4873 miles,
1670 4786 1754 4879 quia
1773 4807 1902 4874 negare
1924 4809 1998 4854 non
2022 4799 2178 4877 poterat,
2202 4789 2258 4857 fa-

221 4888 478 4979 magnifacere.
541 4887 646 4960 Nunc
672 4902 804 4983 quanta
834 4891 880 4961 sit
896 4887 1019 4964 huius
1049 4893 1219 4984 temporis
1270 4904 1364 4964 tetur
1387 4913 1505 4960 veram
1529 4909 1612 4959 esse.
1669 4884 1798 4958 Censet
1821 4886 1930 4976 igitur
1953 4884 2129 4974 Quaestor
2151 4913 2256 4960 man-

232 4989 435 5076 barbaries,
459 5011 581 5062 recens
595 4991 793 5081 exemplum
810 4995 976 5069 ostendit.
1026 4991 1109 5064 Non
1122 4994 1217 5062 enim
1269 4995 1351 5061 data
1375 4990 1572 5061 differenda
1594 5009 1686 5073 esse,
1712 4999 1748 5056 et
1768 4987 1864 5058 iubet
1877 5003 2058 5079 utrunque
2074 5011 2193 5072 seeum
2208 4992 2254 5060 ad

232 5090 347 5164 multo
367 5104 448 5160 ante
472 5106 621 5162 mortem
637 5091 790 5186 inclytus
803 5089 882 5164 Rex
894 5091 1030 5166 Daniae
1044 5090 1219 5167 Christia-¹
1268 5091 1401 5192 Regem
1425 5089 1609 5182 proficisci.
1675 5083 1790 5157 Audit
1811 5085 1891 5160 Rex
1913 5089 2122 5179 possessoris
2145 5093 2255 5160 meri-

233 5215 302 5264 nus
330 5190 429 5263 misit
458 5205 663 5262 automaton
692 5202 896 5284 argenteum
917 5209 1078 5268 motuum
1103 5196 1219 5266 coele·
1268 5209 1365 5280 turn,
1389 5206 1423 5263 et
1443 5191 1600 5261 officium
1625 5187 1702 5258 eius
1720 5187 1861 5274 laudat,
1885 5201 1919 5259 et
1941 5190 2041 5260 iubet
2062 5213 2143 5261 eum
2166 5193 2255 5264 reti-

235 1267 237 1274 Ι
282 1287 326 1356 'st
339 1305 374 1354 tu
389 1294 501 1354 oblitus
518 1313 566 1368 es,
593 1299 624 1348 at
639 1284 694 1348 Dii
706 1291 925 1364 meminerunt,
951 1290 1089 1348 meminit
1103 1285 1187 1352 lides.

290 1391 378 1475 Quae
393 1406 423 1457 te
438 1409 473 1456 ut
486 1394 639 1476 poeniteat
658 1389 820 1472 postmodo
835 1389 909 1452 fecti
921 1388 1011 1451 lactet
1026 1391 1082 1452 tui.

233 5295 358 5379 stium,
384 5306 419 5364 et
432 5292 618 5363 artificiose
633 5294 783 5380 factum,
808 5297 854 5368 ad
870 5293 1218 5369 DucemMoscovio-
1268 5316 1355 5364 nere
1376 5293 1518 5378 villam,
1542 5313 1632 5385 quae
1654 5302 1689 5361 et
1712 5289 1863 5360 maiores
1880 5288 1991 5381 ipsius
2007 5303 2044 5361 et
2059 5289 2176 5382 ipsum
2192 5317 2254 5362 va·

151 5489 160 5508 ,
232 5419 330 5482 rum,
363 5408 404 5469 ut
433 5393 642 5480 nominant,
674 5406 816 5468 acturus
846 5400 892 5470 de
918 5421 1004 5494 pace
1034 5396 1218 5476 Livouiae.
1268 5395 1403 5490 gientes
1417 5405 1607 5490 exceperat.
1666 5389 1826 5492 ¹Militem
1844 5389 1942 5464 iubet
1957 5413 2037 5462 cum
2055 5391 2252 5482 ignominia

135 5661 287 5780 Α,
