4726 5828
232 297 393 388 79Ι

235 471 371 544 tionem
384 463 475 547 Dei,
500 478 535 536 et
555 465 600 534 ad
623 460 846 552 diligentiam
864 459 1043 530 retinendi
1060 459 1156 526 dona
1172 456 1228 525 di-

236 573 333 642 vina.
399 567 491 640 Nam
520 578 556 638 et
577 567 760 635 latendum
791 577 841 632 est
861 561 1013 631 virtutes
1034 582 1108 629 esse
1131 560 1227 628 dona

235 671 325 758 Dei,
365 681 400 742 et
426 669 534 739 simul
557 666 815 738 consideranda
846 665 1000 735 esteius
1030 660 1227 750 diligentia,

235 776 334 871 quod
353 796 394 844 ea
408 771 557 865 adsidua
571 767 798 840 invocatione
813 765 957 858 petivit,
988 775 1023 833 et
1041 762 1153 847 cavit,
1179 784 1225 829 ne

234 877 436 970 petulanter
450 873 658 942 effunderet.
698 866 855 938 Habenti
880 865 975 936 enim
991 863 1153 949 dabitur,
1185 875 1227 932 ut

129 1053 136 1062 ,
234 977 356 1074 iuquit
378 975 473 1046 lilius
491 974 575 1055 Dei,
601 972 664 1066 qui
687 971 831 1066 quidem
854 968 933 1038 vult
956 988 1023 1035 nos
1047 966 1227 1036 intuentes

108 1079 116 1088 ’
235 1063 275 1150 in
283 1078 569 1168 ,taliaexemplm
595 1075 687 1144 scire
706 1096 743 1142 se
756 1071 937 1164 aequalem
954 1091 1045 1152 esse,
1071 1083 1106 1138 et
1122 1067 1227 1136 nobis

235 1204 378 1276 quoque
392 1179 593 1271 petentibus
608 1174 863 1266 opitulaturum
882 1194 967 1244 esse.
1019 1167 1228 1240 SicutPsal-

235 1308 314 1354 mus
330 1285 432 1352 docet
448 1279 708 1350 accendendam
728 1298 801 1344 esse
820 1273 1083 1343 invocationem
1101 1271 1227 1340 talium

235 1385 477 1474 exemplorum
503 1377 803 1461 consideratione,
842 1399 922 1444 cum
947 1374 1083 1467 inquit:
1114 1371 1228 1464 Acce-

235 1489 310 1560 dite
325 1487 369 1558 ed
385 1507 484 1568 eum,
508 1497 542 1554 ct
564 1479 749 1556 accurrite,
802 1474 872 1548 Iste
894 1500 1028 1569 pauper
1052 1472 1230 1554 clamavit,

237 1603 272 1662 et
280 1585 457 1660 Dominus
474 1583 655 1654 exaudivit
670 1605 764 1655 eum.
801 1579 984 1649 lntuentes
1001 1575 1228 1668 igiturPriu·

237 1691 326 1783 cipis
341 1688 490 1778 Georgii
506 1709 667 1769 cursum,
694 1695 728 1752 et
749 1680 842 1772 grati
859 1678 975 1750 Deum
998 1680 1230 1755 celebremus,

238 1808 272 1865 et
291 1807 450 1884 petamus
466 1813 531 1858 nos
548 1810 691 1881 quoqne
713 1783 925 1874 gubernari,
954 1795 988 1851 et
1008 1781 1144 1863 studia,
1175 1801 1231 1848 sc-

237 1895 423 1966 dulitatem
446 1904 481 1962 et
508 1889 728 1979 diligentiam
753 1887 846 1970 eiua,
880 1885 918 1954 in
941 1877 1231 1958 retinendisDei

668 285 828 366 nucu
867 283 943 360 uu
965 243 1320 359 “otontraru
1349 225 1605 362 rainere.
1629 285 1830 365 usuca.

2220 285 2274 361 80

1278 461 1531 532 constitutione
1555 483 1766 552 regnorum,
1797 485 1839 531 ac
1869 459 2016 554 plurimi
2045 483 2126 531 eum
2147 460 2276 532 vident

1278 561 1384 634 toties
1399 576 1531 634 mutata
1545 585 1620 632 esse
1634 586 1743 652 regna
1759 563 1798 632 in
1820 563 1974 643 mundo,
2001 575 2037 634 et
2060 563 2099 631 in
2122 561 2276 653 singulis

1278 664 1472 757 plurimum
1488 663 1608 750 fuisse,
1635 678 1668 736 et
1683 687 1757 734 esse
1772 664 2021 734 confusionum
2038 676 2073 736 et
2089 665 2279 749 scelerum,

1278 765 1523 856 imaginantur
1551 789 1634 835 casu
1664 789 1773 858 regna
1805 765 2011 851 transferri,
2043 781 2105 837 aut
2132 779 2275 837 tantum

1279 869 1355 961 rapi
1371 862 1559 936 bominum
1573 869 1737 954 andacia,
1763 881 1797 937 et
1812 870 1965 938 oderunt
1984 891 2126 937 omnem
2142 871 2275 958 guber-

1279 970 1460 1039 nationem
1478 983 1646 1064 tauquam
1666 970 1903 1064 tyrannidem,
1924 984 1957 1039 et
1974 993 2048 1039 non
2062 972 2179 1039 solum
2193 995 2277 1061 pre-

1281 1071 1456 1140 cationem
1483 1072 1672 1155 omittunt,
1695 1072 1878 1142 sedetiam
1897 1071 2074 1142 seditiosis
2097 1073 2277 1141 sermoni-

1280 1175 1348 1243 bus
1368 1171 1525 1243 alienant
1548 1167 1734 1243 hominum
1759 1175 1960 1245 voluntates
1983 1198 2002 1241 a
2025 1175 2279 1263 gubernatori-

1281 1278 1360 1358 bus,
1385 1288 1419 1344 et
1435 1298 1658 1344 communem
1677 1275 1967 1368 tranquillitatem
1983 1279 2141 1355 turbant,
2169 1277 2277 1346 obliti

1282 1376 1545 1446 saeverissimae
1561 1377 1657 1444 vocis
1672 1377 1826 1456 divinae,
1854 1401 1944 1470 qnae
1956 1373 2127 1448 inExodo
2146 1379 2278 1470 scripta

1283 1492 1349 1548 est:
1376 1477 1536 1568 Principi
1551 1477 1674 1570 populi
1693 1479 1745 1547 tui
1761 1502 1835 1546 non
1852 1479 2051 1552 maledices.

1386 1577 1507 1667 Quare
1539 1603 1640 1672 saepe
1672 1581 1896 1672 multumque
1932 1578 2278 1649 commonefaciendi

1283 1690 1366 1751 sunt
1393 1675 1576 1780 homines,
1615 1695 1655 1752 ut
1681 1680 1904 1750 considerent
1938 1683 1976 1749 in
2010 1681 2280 1770 gubernatione,

1285 1786 1378 1852 bons
1407 1796 1441 1851 et
1463 1783 1574 1867 mala,
1608 1797 1643 1853 et
1666 1784 1868 1851 discernant
1892 1807 2023 1856 causas.
2084 1781 2162 1873 lpse
2187 1785 2278 1852 ordo

1284 1884 1468 1976 politicus,
1502 1884 1613 1974 leges,
1648 1883 1886 1971 magistratus,
1920 1885 2071 1967 iudicia,
2097 1884 2280 1971 legitimae

1285 2009 1440 2080 poenae,
1467 1999 1686 2068 contractus,
1714 1985 1934 2055 conservatio
1950 1986 2124 2055 societatis
2150 1981 2280 2053 brama-

1286 2113 1353 2158 uae
1370 2101 1453 2157 sunt
1468 2085 1620 2156 illustria
1646 2087 1845 2158 testimonia
1862 2088 1906 2155 de
1920 2084 1997 2154 Deo
2025 2100 2058 2154 et
2088 2088 2131 2153 de
2155 2088 2280 2176 provi-

1286 2188 1417 2262 dentia.
1453 2185 1495 2258 ln
1512 2183 1568 2256 his
1584 2188 1669 2278 ipsis
1686 2189 1899 2258 testimoniis
1914 2189 2137 2277 agnoscimus
2154 2205 2190 2258 et
2206 2211 2280 2255 esse

1285 2291 1415 2375 Deum,
1440 2304 1476 2360 et
1492 2289 1697 2381 sapientem,
1724 2291 1872 2372 bonum,
1897 2289 2111 2374 beneficum,
2134 2289 2281 2374 iustum,

1287 2416 1468 2476 veracem,
1509 2404 1661 2476 castum,
1709 2407 1742 2462 et
1779 2391 1955 2461 vindicem
1986 2390 2157 2461 scelerum
2194 2415 2281 2465 csse.

1288 2495 1402 2586 Saepe
1417 2494 1526 2584 igitur
1541 2488 1636 2564 httnc
1653 2490 1931 2584 pulcherrimum
1950 2493 2113 2562 ordinem
2130 2493 2282 2583 aspicia-

1290 2619 1388 2675 mus,
1415 2607 1449 2664 et
1464 2597 1616 2664 sciamus
1632 2619 1712 2666 eum
1730 2593 1882 2665 vercDei
1901 2619 1990 2686 opus
2009 2617 2094 2676 esse,
2120 2609 2155 2665 et
2171 2595 2282 2664 mira-

1289 2699 1410 2768 biliter
1423 2697 1467 2767 ab
1487 2697 1563 2786 ipso
1581 2697 1783 2767 conservari
1799 2697 1894 2767 inter
1909 2696 2024 2766 varias
2044 2695 2283 2780 confusiones,

1289 2823 1380 2895 quae
1396 2800 1585 2882 accedunt,
1609 2824 1675 2868 nec
1690 2799 1858 2869 oriuntur
1875 2823 1892 2868 a
1910 2797 2005 2881 Deo,
2031 2798 2090 2866 sed
2111 2823 2130 2867 a
2146 2799 2281 2868 furori-

1290 2905 1358 2971 bus
1380 2897 1605 2968 diabolorum
1628 2914 1662 2968 et
1686 2895 1886 2974 hominum.
1937 2899 2075 2970 Harum
2096 2922 2281 2969 causarum

1291 2999 1534 3072 diversitatem
1557 3001 1669 3069 menti
1695 3001 1905 3092 proponito,
1945 3014 2115 3094 tanquam
2147 3001 2186 3069 in
2216 2995 2284 3070 bac

1291 3101 1446 3190 imagine
1459 3099 1606 3191 pictam:
1633 3100 1671 3171 Si
1689 3125 1827 3192 gregem
1845 3103 1965 3172 ovium
1981 3103 2019 3171 in
2032 3102 2163 3171 florido
2179 3117 2282 3192 prato

1292 3215 1412 3298 pastor
1433 3201 1627 3287 custodiat,
1652 3218 1686 3273 et
1708 3204 1784 3295 lupi
1809 3204 1945 3298 aliquot
1968 3207 2206 3294 irrumpentes
2225 3229 2285 3274 ra·
2342 3287 2345 3295 ,

1292 3307 1394 3399 piant
1422 3329 1462 3373 ac
1489 3305 1665 3375 dilanient
1696 3330 1779 3375 oves
1801 3305 1959 3399 aliquas,
1993 3320 2110 3376 tamen
2130 3304 2285 3395 vigilans

1294 3419 1412 3501 pastor
1429 3406 1582 3474 incitatis
1595 3407 1743 3477 canibus
1760 3407 1905 3496 depellit
1921 3409 2035 3500 lupos,
2062 3421 2096 3476 et
2113 3408 2283 3477 maiorem

1293 3523 1427 3602 partem
1454 3508 1566 3596 gregis
1592 3521 1717 3582 servat.
1783 3509 1843 3578 Sic
1866 3509 2045 3578 verissime
2068 3511 2167 3580 adest
2186 3506 2286 3580 Deus

244 3605 441 3710 Sapienler
462 3611 663 3682 institutum
678 3621 749 3692 ²⁸2,
770 3617 810 3676 ¹¹¹
825 3603 864 3672 5¹¹
882 3599 1154 3671 ῐθῦῡῐὶθῖὃῑῑθῦθ
1172 3621 1241 3689 PU·
1294 3607 1415 3702 generi
1431 3603 1604 3694 humano,
1631 3625 1664 3678 et
1679 3623 1731 3678 est
1745 3610 1922 3680 beneficus
1938 3625 1972 3680 et
1987 3607 2286 3700 vigilansPastor,

246 3720 333 3793 blici
355 3715 571 3798 testimonii,
597 3709 729 3798 singuli
745 3706 807 3801 qui
824 3701 891 3775 hoc
908 3705 988 3773 loco
1006 3702 1149 3780 dicunt,
1176 3699 1241 3767 ad·
1295 3736 1368 3782 non
1392 3709 1478 3778 sinit
1499 3711 1610 3780 deleri
1633 3725 1747 3781 totum
1777 3734 1888 3799 genus
1911 3705 2127 3791 humanum,
2171 3723 2206 3780 et
2228 3734 2286 3780 re.

248 3826 364 3894 serani
388 3813 764 3888 commonefaciltlnem
787 3809 941 3900 aliquam
970 3802 1240 3873 convenienlem
1294 3810 1418 3906 primii
1449 3825 1645 3900 grassantes
1679 3813 1841 3882 diabolos
1876 3827 1911 3882 et
1952 3814 2178 3885 turbulentos
2216 3808 2285 3882 ho.

248 3947 331 3994 snae
349 3921 428 3990 arti.
481 3915 570 3988 Cum
587 3927 702 3984 autem
721 3909 807 3980 alias
821 3929 922 3997 saepe
938 3908 982 3974 de
996 3905 1113 3994 legum
1130 3899 1242 3971 louti—
1294 3915 1419 3984 mines,
1438 3971 1441 3980 ,

250 4007 318 4098 bus
334 4036 369 4094 ei
385 4017 557 4110 dignitate
575 4013 780 4107 gravissime
802 4010 936 4078 dicium
956 4007 1019 4092 sil,
1046 4021 1080 4076 et
1100 4003 1242 4074 refutati
1395 4009 1626 4083 Considerata
1645 4025 1760 4082 aulem
1777 4007 1904 4084 harum
1923 4037 2108 4086 causarum
2133 4016 2286 4088 diversi.

250 4129 324 4198 sint
346 4125 484 4194 sutores
508 4115 695 4189 hominum
722 4113 978 4195 sflssdfiwfflffls
1009 4109 1071 4203 ‘1¹¹i
1096 4109 1190 4195 1‘808
1209 4116 1243 4173 ‘i
1295 4129 1382 4200 tate,
1408 4129 1442 4184 et
1466 4127 1584 4182 nostra
1608 4115 1871 4200 imbecillitate,
1903 4120 2168 4189 ardentioribus
2194 4122 2288 4190 votis

249 4245 364 4302 totum
382 4223 568 4318 politicum
583 4220 746 4289 ordinem
770 4217 960 4294 «latrinam,
993 4232 1056 4300 ego
1082 4231 1177 4278 nunc
1198 4209 1243 4274 de
1296 4242 1316 4287 a
1339 4215 1415 4288 Deo
1442 4229 1620 4307 petamus,
1653 4229 1692 4286 ut
1717 4241 1782 4286 nos
1805 4233 1982 4310 protegat,
2014 4234 2047 4290 et
2070 4222 2242 4292 libentius
2268 4247 2288 4291 a

251 4331 423 4422 dignitate
445 4323 674 4412 Principum,
713 4318 843 4410 quibus
866 4315 989 4385 electio
1017 4308 1244 4404 imperatoris
1296 4319 1401 4388 nobis
1418 4319 1522 4408 lupos
1539 4317 1702 4407 depellat.
1754 4318 1875 4390 Simus
1889 4322 1955 4412 ipsi
1970 4345 2113 4416 qnoque
2134 4323 2289 4394 circum-

252 4438 291 4505 in
314 4427 508 4502 Germania
532 4421 775 4494 commendata
806 4431 874 4502 ⁰⁵12
914 4417 1086 4510 quaedam
1117 4411 1244 4480 dicam·
1297 4421 1505 4512 apertiores,
1530 4443 1575 4488 ne
1588 4419 1684 4491 velut
1708 4443 1791 4489 oves
1813 4422 1954 4510 longius
1977 4439 2162 4513 vagantes,
2196 4425 2290 4494 inci-

253 4537 470 4628 Quanquam
504 4527 600 4596 enim
629 4525 705 4594 eius
734 4521 788 4590 rei
820 4517 985 4610 cogitatio
1016 4514 1160 4608 proprie
1198 4515 1242 4580 'sd
1297 4524 1423 4594 damus
1443 4523 1481 4593 in
1504 4523 1624 4614 lupos,
1659 4536 1694 4593 et
1716 4535 1836 4592 nostra
1858 4524 2010 4595 stulticia
2030 4529 2193 4596 ordinem
2212 4541 2289 4597 tur-

253 4657 409 4708 summos
434 4628 617 4718 Princlpffi
643 4626 813 4716 pssrfissssts
854 4637 971 4690 ¹³¹⁰?ss
1004 4616 1157 4709 P⁰P¹¹¹¹¹⁵
1180 4616 1246 4683 ‘¹⁰-
1299 4628 1436 4696 bemus.
1505 4623 1651 4694 Utinam
1674 4619 1760 4692 haec
1782 4647 1884 4718 saepe
1907 4628 2100 4717 cogitarent
2124 4625 2291 4700 homines

254 4740 386 4810 cendus
401 4749 451 4806 est
467 4735 512 4803 de
526 4728 733 4806 reverentia,
761 4747 850 4817 qnae
866 4734 966 4791 tanto
981 4718 1121 4808 fastigio
1139 4717 1247 4785 debe·
1298 4726 1429 4797 gummi
1449 4738 1484 4796 et
1508 4724 1631 4798 infimi,
1687 4721 1831 4794 Urinam
1855 4725 2040 4819 Principes
2059 4746 2291 4821 ,gamm-eng

254 4856 331 4922 rur,
357 4852 391 4908 et
406 4840 449 4906 de
465 4837 646 4905 voluntate
656 4829 724 4900 Dei
743 4839 1033 4912 servante'genus
1049 4817 1246 4891 humanum
1299 4853 1336 4898 se
1352 4827 1525 4896 divinitus
1539 4827 1578 4896 in
1594 4820 1688 4894 banc
1708 4827 1894 4897 stationem
1919 4832 2110 4903 collocatos
2132 4856 2225 4918 esse,
2251 4846 2292 4904 ut

256 4962 447 5031 regnorum
470 4935 699 5007 distinctione
719 4943 752 4998 et
769 4930 913 5008 ordine,
938 4939 978 4995 ut
995 4937 1029 4993 et
1045 4919 1246 4993 obedientia
1299 4924 1576 5019 gregemaDeo
1600 4931 1904 5015 commendatum,
1941 4946 2109 5026 tanquam
2136 4937 2290 5025 mapalia

257 5044 488 5115 confirmetur
519 5037 637 5107 debita
668 5031 846 5125 imperiis,
887 5042 922 5096 el
952 5025 1055 5096 multi
1084 5019 1248 5093 homines
1300 5032 1514 5115 custodiant,
1539 5043 1573 5100 et
1586 5028 1660 5098 sint
1675 5031 1804 5100 summi
1815 5029 1970 5103 Pastoris
1985 5035 2105 5105 fideles
2122 5036 2292 5121 ministri,

258 5156 486 5224 moveantur,
516 5153 559 5209 ut
577 5135 841 5206 ardentioribus
862 5130 953 5199 votis
975 5153 996 5198 a
1018 5127 1092 5198 Deo
1116 5125 1250 5196 saluta·
1302 5155 1375 5202 non
1400 5146 1441 5202 ut
1459 5134 1532 5202 suis
1555 5131 1808 5222 cupiditatibus
1829 5133 1896 5226 ipsi
1925 5137 1962 5204 in
1987 5157 2089 5228 grege
2111 5138 2292 5208 lanienam

258 5273 332 5320 rem
351 5241 645 5336 gubernationem
663 5249 800 5329 petant,
833 5255 903 5328 qua
919 5233 964 5300 de
980 5253 1020 5299 re
1037 5229 1176 5320 saepius
1192 5249 1251 5294 re-
1301 5249 1495 5306 exerceant.
1534 5231 1612 5302 Hae
1628 5237 1988 5309 commonefactiones
2003 5262 2106 5332 saepe
2121 5253 2294 5331 repetun-

259 5349 431 5446 petendae
445 5356 530 5415 suut
551 5341 631 5435 piae
651 5334 1024 5416 commonefactiones,
1055 5331 1139 5424 qnia
1161 5352 1250 5419 pau·
1302 5350 1362 5408 tur
1376 5331 1445 5405 boc
1463 5336 1561 5421 loco,
1585 5334 1726 5408 etDeus
1738 5339 1927 5431 praecepit,
1951 5354 1993 5412 ut
2005 5364 2108 5434 saepe
2123 5355 2295 5435 repetan-

260 5449 391 5523 cissimi
412 5449 452 5518 in
477 5443 610 5540 populo
632 5439 860 5513 considerant
880 5436 1101 5506 voluntatem
1124 5429 1190 5502 Dei
1211 5432 1258 5500 in
1303 5449 1372 5522 tur,
1400 5433 1484 5508 Ideo
1500 5461 1598 5508 nunc
1612 5459 1755 5533 qnoque
1767 5439 1873 5511 initio
1892 5442 2065 5516 orationis
2079 5440 2166 5516 bsec
2182 5445 2273 5522 dixi,

238 1996 344 2068 donis
365 1993 424 2088 pie
445 1991 635 2063 imitemur.
688 1985 781 2060 Dixi.

237 2235 454 2248 w—-.
465 2233 470 2240 ι
477 2233 511 2242 -ιι
518 2221 1236 2242 -mfflo—-nq———m-

1076 2415 1126 2459 en.
1140 2389 1235 2454 1554.

1063 2479 1226 2512 εον·-

240 2397 409 2472 N0.141.

252 2495 421 2526 Μ

351 2613 427 2698 De
462 2609 694 2726 dignitate
734 2603 943 2716 Princip.
973 2599 1120 2689 Elect.

308 2773 416 2828 Prodiit
430 2766 591 2893 separatim
609 2765 736 2832 „Oratio
749 2765 782 2818 de
795 2765 924 2836 dignitate
938 2761 1116 2833 Principum,
1136 2762 1235 2833 quibua

344 2843 443 2897 electio
479 2839 638 2908 mperatoris
660 2836 690 2888 in
709 2833 857 2888 Germania
877 2831 1069 2888 commendata
1088 2841 1136 2886 est.
1172 2831 1231 2884 lle-

343 2907 601 2976 citataVitebergae,
624 2924 687 2959 cum
703 2905 897 2957 decerneretur
910 2904 1010 2982 gradus
1019 2900 1138 2954 Doctori
1148 2899 1234 2952 Paulo

343 2977 493 3034 Gusebelio
513 2973 758 3094 Longinampisno.
799 2971 903 3036 Excusa
919 2990 946 3022 m
962 2969 1072 3022 officina
1086 2969 1234 3021 haeredum

344 3046 456 3116 Georgii
472 3045 563 3100 tttaw.
576 3043 659 3096 MDL
676 3042 723 3097 lll.
743 3039 839 3110 l¹lgpb
858 3040 901 3091 8.''
920 3067 954 3078 —
982 3037 1086 3092 llccusa
1100 3038 1128 3090 in
1142 3037 1237 3088 select.

344 3119 425 3172 Decl.
442 3115 476 3170 T.
491 3111 538 3168 lll.
554 3129 581 3184 p.
595 3109 646 3163 239
659 3128 719 3182 sqq.
746 3109 865 3162 Serveat.
878 3107 912 3162 T.
928 3105 974 3164 lll,
988 3123 1015 3174 p.
1030 3105 1089 3159 227.
1108 3103 1236 3158 llicbard.

347 3187 381 3240 Τ.
396 3185 428 3239 ll.
446 3199 473 3254 p.
487 3181 547 3236 536.

245 3353 374 3423 (trotio
397 3343 445 3416 de
471 3341 662 3439 dignitate
676 3342 919 3430 Principum,
948 3332 1080 3430 quidus
1095 3335 1238 3406 Electio

282 3449 591 3543 imperatoriam
615 3446 818 3516 seronato
842 3436 1106 3512 commendata
1131 3443 1201 3507 est.

224 5715 340 5774 A
