4696 5820
12 375 14 384 ,
104 297 227 409 aas

102 509 233 578 Oratio
259 499 306 574 de
326 505 480 574 Ermaso
505 497 773 594 normam,
798 504 966 570 recitato
994 519 1019 568 o
1038 499 1092 570 M.

132 603 514 682 Bartlsolosaoeo
538 601 826 676 castrenses
844 602 1053 689 crassensi,

545 704 658 782 1557.

102 855 416 962 Semper'mentes
432 881 573 940 nostrae
587 865 703 940 Deum
724 869 951 951 intueantur,
979 882 1013 939 et
1035 893 1095 938 co·

100 973 256 1062 gitautes
283 973 327 1039 de
356 971 537 1041 continuis
565 970 766 1072 beneficiis,
799 984 958 1042 autorem
985 993 1096 1062 agno·

101 1086 227 1158 scant,
252 1085 286 1142 et
303 1071 500 1157 celebrent,
527 1088 561 1144 et
582 1075 818 1159 misceantur,
844 1073 959 1143 crebri
985 1071 1096 1162 gemi-

103 1189 160 1244 tus
184 1187 332 1267 propter
352 1186 510 1244 nostram
537 1173 806 1266 indignitatem,
832 1173 866 1245 et
888 1173 1096 1244 ardentibus

102 1276 198 1346 votis
221 1270 400 1368 petamus,
426 1299 493 1345 nos
515 1277 593 1346 luce
616 1277 681 1346 filii
697 1275 784 1363 Dei,
810 1273 965 1346 Domini.
982 1276 1096 1344 nostri

102 1377 186 1448 lesu
214 1371 372 1461 Christi,
406 1391 440 1446 et
465 1375 603 1468 Spiritu
633 1393 755 1448 sancto
789 1378 999 1467 gubernari,
1031 1400 1097 1445 nos

103 1478 245 1571 protegi
268 1491 302 1546 et
327 1479 471 1548 servari.
525 1478 626 1551 Sicut
648 1480 768 1574 inquit
788 1477 904 1565 Deus,
928 1504 965 1550 se
985 1492 1099 1567 gesta-

102 1598 229 1653 turum
248 1600 322 1649 esse
338 1575 556 1668 Ecclesiam,
582 1582 674 1652 sicut
686 1596 807 1673 pastor
829 1595 969 1652 teneros
988 1603 1099 1669 agnos

100 1695 228 1773 gestat.
617 1701 619 1706 ·

212 1780 371 1852 Maxime
388 1807 471 1854 vero
490 1783 528 1852 in
544 1781 698 1874 publicis
713 1783 971 1875 congressibus,
987 1781 1100 1872 signi-

99 1885 221 1956 ficatio
244 1888 452 1954 ostendatur
473 1885 703 1974 gratitudinis
730 1899 764 1956 ct
779 1885 1017 1957 invocationis
1031 1907 1101 1953 no·

29 1987 33 1992 “
101 2003 211 2058 strae.
264 1983 408 2054 Mecum
441 1988 552 2076 igitur
580 1986 686 2055 initio
711 1987 781 2078 piis
804 1988 984 2074 mentibus
1008 1983 1100 2056 hanc

102 2089 261 2181 primam
277 2100 312 2156 et
328 2089 552 2179 praecipuam
569 2089 742 2158 orationis
756 2105 890 2182 partem
909 2091 1063 2162 recitate.

208 2204 296 2274 Tibi
320 2206 546 2298 omnipotens
561 2205 657 2276 Deus
675 2221 817 2278 aeterne
837 2222 940 2306 pater
951 2205 1101 2279 Domini

103 2304 223 2378 nostri
240 2305 318 2376 lesu
334 2302 490 2392 Christi,
515 2325 653 2380 creator
676 2309 765 2380 coeli
789 2324 823 2382 et
845 2325 958 2381 terrae
984 2324 1018 2382 et
1034 2303 1099 2377 ho-

103 2413 266 2492 minum,
291 2431 363 2477 uua
381 2433 460 2504 cum
476 2410 549 2479 lilio
572 2424 635 2482 tuo
658 2425 843 2482 coaeterno
859 2410 1016 2484 Domino
1034 2436 1101 2479 no-

101 2525 177 2581 stro
200 2507 283 2578 lesu
299 2507 463 2598 Christo,
487 2525 521 2581 et
538 2511 679 2601 Spiritu
702 2512 845 2598 sancto,
871 2514 1000 2604 gratias
1023 2512 1100 2603 agi-

103 2636 205 2696 mus,
247 2613 344 2704 quod
366 2612 540 2682 immensa
566 2615 741 2698 bonitate,
784 2639 865 2685 cum
898 2615 966 2684 alia
995 2615 1100 2682 no'bis

102 2711 386 2784 innumerabilia
405 2715 572 2782 beneficia
598 2731 770 2806 praestas,
797 2731 872 2785 tum
895 2740 978 2785 vero
1004 2717 1100 2807 quod

102 2820 200 2886 inter
218 2838 283 2882 nos
299 2827 479 2882 aeternam
496 2814 692 2886 Ecclesiam
717 2840 802 2886 voce
820 2814 1006 2904 Evangelii
1024 2815 1116 2908 col·-

670 323 834 402 nncr..
875 320 952 399 nu
981 320 1230 400 naasuo
1266 291 1574 397 noranon}

2059 321 2136 396 26⁶

1146 498 1320 588 egregias,
1345 495 1383 565 in
1410 491 1625 563 inveniendo
1654 515 1820 572 acumen,
1847 505 1882 563 et
1905 491 1944 561 iu
1959 493 2132 585 eligendis

1146 599 1363 689 argumentis
1391 609 1425 665 et
1456 592 1641 664 sententiis
1668 594 1893 684 prudentiam
1916 610 1950 666 et
1979 597 2132 666 eircum-

1148 701 1384 792 spectionem,
1410 699 1447 766 in
1473 695 1675 788 eloquendo
1696 696 1870 766 sermonis
1892 698 2052 788 copiam,
2075 698 2134 767 lu·

1149 804 1246 874 mina
1280 803 1496 890 figurarum,
1530 810 1749 867 venustatem
1779 812 1813 868 et
1842 799 2019 889 leporem,
2062 823 2133 893 quo

1146 907 1234 976 adeo
1258 902 1415 986 excellit,
1441 915 1482 970 ut
1503 899 1599 989 ipsae
1616 893 1778 969 Charites
1799 901 1959 992 undique
1982 901 2133 970 floribus

1148 1007 1382 1100 conspersisse
1400 1001 1475 1071 eius
1494 1001 1693 1070 orationem
1707 1001 1820 1069 videri
1835 1003 1982 1092 possint.

1149 1160 1153 1166 .
1249 1107 1343 1178 Sunt
1364 1117 1481 1175 autem
1503 1101 1644 1190 legendi
1668 1102 1800 1173 summi
1814 1102 1979 1188 artifices,
2003 1099 2135 1174 utilo-

1148 1233 1285 1294 merus,
1312 1207 1499 1288 lsocrates,
1525 1201 1650 1274 Cicero
1666 1205 1797 1289 etalii,
1824 1227 1901 1274 nou
1924 1206 2021 1298 quod
2046 1204 2133 1274 imi·

1147 1312 1217 1382 tari
1238 1311 1358 1382 omnia
1382 1311 1576 1399 possimus,
1604 1308 1663 1375 sed
1686 1321 1726 1377 ut
1747 1330 1806 1391 ea,
1832 1330 1924 1400 quae
1945 1308 2134 1378 transferre

1148 1414 1191 1484 ad
1222 1436 1288 1482 nos
1316 1433 1524 1504 possumus,
1557 1409 1642 1477 inde
1671 1431 1864 1483 sumamus.
1915 1409 2137 1490 Semronem‚

1148 1539 1268 1584 rerum
1294 1515 1512 1597 doctrinam,
1536 1510 1685 1579 consilia
1706 1511 1744 1578 in
1768 1511 1876 1580 rebus
1892 1511 2138 1604 disponendis,

1149 1618 1233 1688 etsi
1259 1640 1364 1710 quem
1389 1629 1514 1686 natura
1538 1614 1702 1696 adiuvat,
1733 1625 1915 1706 utcunque
1929 1614 2080 1704 vestigia·
2099 1613 2138 1682 iu

1151 1719 1352 1812 eloquendo
1366 1739 1569 1809 sequamur.
1609 1711 1854 1804 lntelligarnus
1869 1715 1964 1783 enim
1981 1715 2139 1785 dissimi-

1149 1820 1201 1889 les
1216 1843 1290 1890 esse
1305 1834 1460 1900 naturas,
1486 1831 1654 1888 ettamen
1669 1815 1894 1898 infirmiores,
1917 1817 2140 1888 adiuvandas

1150 1945 1225 1991 esse
1242 1934 1337 2007 arte,
1362 1921 1467 1988 bonis
1483 1917 1669 2008 exemplis,
1696 1930 1730 1986 et
1752 1915 1991 2010 qualicunque
2017 1940 2138 1988 essue·

1150 2025 1322 2109 factione,
1348 2037 1389 2093 nt
1402 2021 1440 2092 lit
1454 2021 1492 2089 in
1515 2017 1720 2112 pictoribus.

1253 2125 1313 2196 Sic
1338 2124 1446 2214 igitur
1467 2125 1512 2190 de
1538 2115 1683 2190 historia
1703 2115 1844 2191 Erasmi
1867 2123 2005 2204 dicam,
2029 2121 2139 2192 simul

1150 2242 1191 2298 ut
1212 2229 1256 2296 de
1277 2227 1352 2295 eius
1376 2225 1557 2308 oratione,
1589 2235 1623 2290 et
1645 2223 1690 2290 de
1712 2224 1853 2314 scriptis
1881 2224 2017 2318 aliquid
2039 2245 2139 2292 vere-

1151 2331 1266 2398 cunde
1280 2329 1472 2410 addamus,
1498 2346 1571 2394 nou
1589 2336 1628 2393 ut
1645 2323 1816 2396 iudicavit
1829 2321 1950 2396 Midas
1963 2328 2007 2396 de
2023 2319 2140 2420 Apol-

1152 2431 1244 2513 line,
1278 2431 1336 2498 sed
1360 2442 1402 2497 ut
1425 2427 1590 2495 inventus
1613 2426 1724 2514 magis
1746 2442 1840 2498 amet
1867 2442 1902 2499 et
1924 2428 2017 2518 legat
2038 2423 2140 2496 utilia

1151 2519 1292 2601 Erasmi
1307 2529 1456 2620 scripta,
1483 2549 1572 2620 quae
1587 2523 1696 2596 multa
1711 2542 1807 2598 sunt.

1190 2663 1196 2672 ·
1253 2630 1423 2703 Continet
1444 2644 1560 2700 autern
1583 2640 1618 2696 et
1634 2627 1705 2698 vita
1721 2629 1796 2698 cius
1817 2629 2009 2700 multarum
2024 2630 2142 2700 virtu·

1152 2747 1227 2805 tum
1270 2733 1448 2822 exempla,
1484 2729 1703 2816 sedulitatis,
1741 2731 1933 2821 patientiae
1964 2731 2141 2811 laborum,

1152 2833 1344 2904 modestiae
1366 2847 1401 2902 et
1419 2831 1683 2901 beneficentiae.
1736 2831 1856 2920 Quare
1882 2836 1926 2904 de
1949 2847 2024 2904 toto
2048 2833 2141 2904 vitae

101 2920 205 3008 ligis,
232 2909 268 2984 et
289 2937 407 2984 servas
432 2917 525 2986 inter
549 2941 613 2986 nos
630 2932 750 2988 coetus
766 2918 970 2988 docentium
988 2932 1022 2988 et
1036 2915 1093 2984 di-

1153 2918 1411 3018 cursu‘ilicam,
1435 2947 1607 3028 quantum
1623 2957 1663 3002 ex
1679 2932 1747 3002 fide
1764 2935 1880 3024 dignis
1894 2927 2025 3009 audivi.

103 3019 284 3090 scentiam
299 3029 395 3087 tuam
417 3019 629 3090 doctrinam.

1141 3065 1144 3072 ’
1254 3035 1444 3108 Mentiofit
1458 3033 1673 3106 Batavorum
1692 3033 1731 3102 in
1750 3031 2058 3110 multishistoriis.
2091 3033 2144 3108 Hi

209 3133 308 3206 Haec
326 3135 484 3224 ingentia
498 3140 593 3208 bona
612 3161 686 3207 non
703 3162 783 3208 casu
799 3153 1024 3230 sparguntur,
1041 3140 1098 3207 sed
1153 3164 1250 3209 nunc
1284 3137 1460 3208 Hollandi
1493 3137 1739 3211 nominantur.
1797 3136 1939 3210 Horum
1972 3141 2059 3214 urbs
2092 3139 2144 3210 es't

102 3263 187 3311 vere
213 3249 299 3307 sunt.
315 3236 383 3306 Dei
408 3249 443 3306 et
468 3261 575 3329 opera
595 3253 629 3311 et
646 3244 752 3311 dona.
806 3240 859 3310 Ac
873 3266 939 3312 uos
953 3241 1101 3334 quidem
1153 3243 1248 3311 clara
1273 3239 1575 3324 Roterodamum,
1610 3237 1649 3306 in
1671 3254 1864 3332 quanatus
1888 3254 1940 3312 est
1963 3239 2144 3328 Erasmus,

102 3346 262 3414 fatemur
279 3338 447 3428 indignos
462 3363 536 3411 esse
550 3354 647 3414 tanta
660 3341 912 3428 beneficentia,
941 3347 1102 3433 sedpro·
1152 3368 1193 3412 ae
1210 3346 1338 3413 domus
1353 3344 1475 3432 exigua
1490 3351 1678 3434 parentum
1696 3335 1805 3412 hodie
1820 3343 2031 3414 ostenditur.
2069 3339 2143 3413 Na-

101 3459 184 3536 pter
209 3455 308 3514 tuam
335 3441 506 3530 gloriam,
537 3445 582 3516 sit
611 3443 731 3539 aliqua
758 3433 916 3513 Ecclesia
947 3466 1097 3513 consen·
1153 3457 1276 3515 tuaest
1300 3457 1418 3513 autem
1443 3467 1538 3540 anno
1556 3442 1764 3528 millesimo,
1791 3444 2142 3538 quadringentesimo

102 3547 218 3624 tiens,
243 3557 279 3612 te
294 3544 606 3631 rectecelebraus,
631 3559 666 3615 te
691 3547 875 3619 invocans.
926 3543 1010 3617 Sint
1032 3540 1100 3615 ho-
1153 3546 1366 3636 sexagesimo
1383 3545 1543 3637 septimo,
1560 3544 1619 3612 die
1638 3542 1805 3614 vicesimo
1821 3558 1945 3617 octav·
1961 3542 2144 3632 Octobris,

103 3661 205 3718 nesta
222 3643 467 3714 doctrinarum
483 3649 613 3732 studia,
628 3647 742 3717 simus
756 3660 792 3717 et
807 3668 873 3715 nos
888 3647 984 3736 agni,
1009 3671 1099 3742 quos
1153 3643 1240 3718 hora
1257 3661 1380 3743 quarta
1397 3661 1480 3717 ante
1495 3647 1580 3716 solis
1596 3659 1725 3716 ortum.
1779 3645 1943 3741 Suntque
1967 3648 2006 3718 in
2024 3647 2144 3740 positu

104 3752 142 3820 iu
158 3746 300 3841 gremio
317 3761 439 3836 gestas.
492 3748 590 3820 Haec
603 3749 756 3840 petimus
770 3749 980 3819 ardentibus
995 3751 1098 3834 votis,
1152 3750 1335 3823 stellarum
1360 3748 1633 3844 significationes
1660 3747 1813 3836 ingenii,
1844 3745 2082 3844 Eloquentiae
2108 3763 2142 3820 et

103 3877 197 3945 quae
214 3862 256 3919 ut
270 3861 416 3940 propter
427 3849 542 3920 lilium
559 3850 792 3920 mediatorem
816 3867 988 3944 praestes,
1015 3875 1102 3945 sup·
1153 3853 1284 3944 leporis
1299 3875 1372 3920 non
1387 3856 1570 3924 obscurae.

104 3956 218 4046 plices
235 3975 431 4040 precamur.
1254 3953 1392 4026 Literas
1412 3952 1558 4023 Latinas
1583 3965 1619 4023 et
1640 3948 1795 4023 Graecas
1810 3949 2024 4026 Darentriae
2047 3952 2142 4023 didi-

210 4051 444 4123 Cons'uetndo
466 4065 521 4121 est
543 4065 663 4125 autem
687 4048 838 4126 honesta
860 4054 899 4126 in
928 4049 986 4125 his
1014 4081 1102 4128 con-
1153 4056 1201 4128 cit
1218 4057 1257 4126 in
1282 4050 1402 4126 schola
1422 4051 1620 4125 Alexandri
1636 4051 1761 4144 Hegii,
1785 4053 1847 4149 qui
1870 4055 2058 4125 familiaris
2074 4055 2143 4125 latit

105 4155 287 4248 gressibus
306 4154 443 4240 dicere,
468 4154 514 4223 de
527 4153 646 4248 aliqua
660 4156 904 4226 doctrinarum
920 4173 1030 4248 parte,
1042 4174 1103 4231 aut
1152 4153 1558 4249 RodolphoAgricolae.
1611 4152 1666 4225 Ac
1679 4157 1805 4227 solitus
1821 4169 1873 4226 est
1891 4153 2143 4248 ipseErasmus
2164 4151 2190 4236 ’,

106 4258 269 4347 exempla
286 4279 588 4342 commemorare,
615 4258 834 4328 discentibus
846 4260 963 4336 utilia.
1151 4283 1297 4331 narrare
1319 4259 1539 4352 praesagium
1563 4251 1748 4349 Rodolphi
1772 4255 1961 4349 Agricolae
1989 4260 2034 4326 de
2055 4260 2143 4328 ado·

208 4354 289 4429 Etsi
318 4371 436 4428 autem
462 4381 528 4449 pro
551 4381 630 4428 rues
653 4360 825 4432 tenuitate
852 4375 1100 4450 argumentum
1151 4363 1315 4433 lesccntis
1329 4363 1463 4432 studio.
1518 4358 1624 4430 Forte
1639 4363 1842 4431 ostenderat
1858 4359 1995 4450 Hagios
2010 4354 2140 4452 hospiti

104 4462 228 4533 minus
252 4460 398 4530 difficile
419 4461 549 4550 eligere
573 4461 781 4546 debueram,
806 4473 1022 4534 tamencum
1045 4461 1101 4535 his
1150 4459 1346 4556 Rodolpho
1381 4465 1419 4534 in
1454 4458 1612 4532 scholam
1648 4457 1827 4552 ingresso,
1875 4463 2141 4534 adolescentum
2196 4528 2198 4534 .

105 4563 254 4647 diebus,
279 4563 538 4646 interamieos,
564 4565 738 4656 quaedam
754 4567 799 4634 de
815 4560 944 4636 horum
962 4581 1101 4659 tempo·
1151 4568 1294 4659 scripta.
1346 4564 1508 4658 Cumque
1531 4563 1748 4660 tyrocinium
1773 4565 1864 4636 illud
1895 4565 2081 4658 probaret,
2108 4576 2144 4634 et
2176 4585 2179 4590 ·

105 4689 186 4735 rum
213 4665 342 4734 studiis
371 4665 547 4756 disputari
568 4665 746 4752 audirem,
779 4692 851 4760 qno
874 4669 914 4737 in
937 4692 1101 4740 sermone
1151 4669 1390 4760 gratularetur
1413 4667 1563 4748 studiis,
1589 4667 1757 4757 praetulit
1779 4679 1897 4738 tamen
1920 4659 2144 4738 Erasmicum

106 4780 141 4837 et
162 4763 308 4835 Erasmi
330 4764 568 4838 Roterodami
591 4770 726 4838 mentio
750 4769 873 4854 fiebat,
899 4767 1007 4842 huius
1031 4773 1101 4842 viri
1152 4773 1321 4863 scriptum
1354 4770 1518 4850 caeteris,
1553 4783 1700 4860 propter
1722 4768 1954 4838 inventionis
1981 4791 2150 4854 acumen,

105 4862 295 4938 historiam
320 4869 510 4960 praecipue
534 4864 605 4939 hue
629 4870 767 4939 adferre
784 4873 944 4959 decrevi,
969 4897 1046 4952 uon
1062 4891 1102 4946 ut
1151 4875 1325 4945 orationis
1349 4874 1562 4966 puritatem,
1588 4886 1623 4942 et
1646 4871 1793 4961 figuras,
1826 4883 1906 4961 apte
1929 4894 1992 4941 ceu
2014 4871 2144 4942 floscu-

105 4970 144 5038 in
168 4995 212 5038 eo
238 4969 439 5053 laudando,
472 4972 592 5063 inepta
623 4974 860 5042 ostentatione
891 4977 1099 5068 preconium
1150 4978 1206 5046 los
1227 4977 1472 5066 interspersos.
1530 4970 1656 5067 quue
1685 4972 1817 5062 scripto
1839 4975 1928 5042 adeo
1951 4974 2144 5046 delectatus

104 5071 282 5142 stulticiae
297 5095 396 5140 meae
411 5074 581 5158 facerem,
605 5090 645 5146 ut
660 5076 688 5143 si
710 5076 816 5144 velim
834 5073 1026 5148 Herculem
1041 5095 1101 5150 aut
1152 5096 1214 5166 est,
1240 5093 1281 5149 ut
1298 5105 1339 5150 ex
1356 5077 1581 5153 lineamentis
1599 5097 1753 5168 quoque,
1769 5077 1813 5144 de
1827 5076 1951 5148 indole
1964 5076 2146 5146 coniectu·

105 5169 240 5266 Cyrum
265 5173 429 5243 laudare:
463 5177 521 5244 sed
548 5189 590 5249 ut
614 5179 855 5249 adolescentes
881 5176 1101 5263 adhortarer,
1151 5205 1225 5250 ram
1240 5205 1378 5251 sumere
1396 5194 1548 5271 cuperet.
1576 5174 1679 5245 lohet
1695 5176 1805 5268 igitur
1819 5173 2145 5256 vocariErasmum,

90 5288 147 5344 .ut
164 5273 296 5365 scripta
314 5275 506 5346 eiusutilia
520 5277 650 5367 legant,
669 5294 702 5349 et
719 5281 868 5352 virtutes
885 5281 997 5374 ipsius
1015 5307 1100 5374 pro·
1151 5309 1255 5376 quem
1282 5309 1363 5353 cum
1387 5307 1497 5374 panca
1528 5280 1724 5349 sciscitatus
1755 5295 1864 5366 esset,
1903 5271 2145 5370 contemplans
2193 5290 2198 5298 ’

107 5376 204 5466 prias
220 5376 465 5462 considerent,
490 5379 632 5473 quasin
650 5393 745 5452 tanta
760 5383 897 5474 ingenii
922 5387 1102 5474 magnito-
1150 5387 1298 5476 liguram
1317 5385 1460 5477 capitis,
1485 5397 1519 5452 et
1543 5377 1717 5471 charopos
1743 5383 1887 5468 oculos,
1913 5377 2077 5451 hortatur
2101 5383 2146 5450 ad

106 5477 215 5564 dine,
237 5502 309 5571 qua
325 5476 439 5566 aDeo
455 5478 648 5554 instructus
663 5483 751 5570 luit,
774 5481 900 5559 habuit
922 5489 1052 5564 multas
1067 5501 1101 5559 et
1123 5527 1129 5578 :
1150 5489 1382 5573 discendnm,
1409 5487 1593 5580 inquiens:
1623 5483 1682 5554 'l‘u
1698 5485 1767 5554 eris
1780 5483 1866 5554 olim
1883 5503 2046 5570 magnus.
2128 5577 2133 5582 Ι
