4726 5828
246 277 321 356 15⁵

247 453 290 522 in
314 472 356 520 ea
385 443 539 521 lamilia,
570 436 724 532 praesidi
750 431 976 521 Thessaliae,
1008 441 1050 502 ut
1078 423 1238 500 Athenas

250 560 410 642 occupet.
462 543 516 626 lta
545 540 583 610 in
613 534 812 609 Mahometi
841 545 1048 628 potestatem
1075 525 1238 602 Athenae

251 654 410 722 redactae
433 657 535 728 suut,
561 641 624 712 ubi
646 653 765 731 postea
784 647 929 728 propter
944 633 1075 704 civium
1093 630 1238 706 seditio-

250 777 315 824 nes
337 773 452 822 arcem
468 759 503 818 et
518 765 680 831 magnam
699 755 833 830 partem
850 737 950 806 urhis
969 733 1081 805 victor
1097 731 1238 804 delevit.

250 852 355 929 Nunc
385 862 524 922 tantum
550 837 687 938 ipsimet
710 842 848 932 reliqua
872 849 974 918 sunt,
1007 857 1104 906 casae
1125 831 1240 926 pisca-

253 971 372 1028 torum
395 965 429 1021 et
453 948 622 1017 colluvies
643 944 912 1034 peregrinorum
937 932 1144 1020 hominum,
1177 932 1239 1026 qui

251 1080 293 1128 cr
306 1050 465 1124 barbaris
479 1045 641 1138 gentihus
658 1067 739 1114 casu
756 1068 796 1112 eo
813 1039 1008 1112 conlluunt.

354 1151 425 1224 Hic
448 1165 499 1222 est
524 1147 623 1219 urbis
647 1145 746 1215 bnis.
774 1166 863 1236 quae
888 1153 923 1208 et
946 1136 1103 1228 exempla
1125 1133 1241 1204 virtu-

252 1273 330 1330 tum
354 1252 490 1344 egregia
511 1245 657 1331 habuit,
681 1259 715 1316 et
738 1241 958 1314 domicilium
977 1238 1045 1308 luit
1062 1235 1242 1306 doctrina-

253 1381 355 1441 rum,
380 1368 415 1424 et
431 1374 489 1422 res
507 1346 672 1419 honestas
687 1370 727 1414 ac
742 1366 885 1433 magnas
902 1339 1079 1430 sapienter
1092 1352 1126 1408 ct
1139 1335 1243 1406 lorti-

253 1474 309 1531 ter
332 1455 438 1546 gessit
460 1463 581 1522 contra
596 1447 740 1528 Persas,
768 1462 802 1517 et
826 1445 863 1512 in
883 1440 1034 1533 imperio
1050 1437 1242 1507 modestior

253 1560 323 1629 luit
347 1551 529 1648 Spartanis
561 1562 595 1619 et
616 1543 816 1626 Thebanis,
850 1556 1002 1634 suntque
1030 1541 1102 1608 duo
1129 1537 1241 1605 millia

254 1681 431 1744 annorum
459 1678 479 1723 a
502 1650 635 1722 Solone
664 1671 777 1742 usque
806 1648 850 1717 ad
877 1639 973 1714 hunc
995 1635 1241 1710 Mahometum

256 1781 453 1832 eversorem
468 1747 704 1823 Athenarum.

641 1884 850 1902 ῳ

357 1957 454 2029 Haec
476 1977 517 2024 co
541 1944 833 2030 commemoravi,
857 1956 898 2013 ut
916 1937 1145 2012 consideratis
1161 1958 1243 2006 can-

259 2066 307 2136 sis
322 2083 411 2154 quac
425 2047 607 2127 attrahunt
621 2047 778 2140 gentium
794 2057 899 2136 atque
912 2043 1057 2112 urbium
1068 2038 1244 2120 interitus,

259 2167 371 2236 simus
386 2153 634 2234 modestiores,
657 2162 691 2220 et
704 2171 725 2217 a
739 2143 815 2216 Deo
830 2143 1120 2236 gubernationem
1136 2152 1169 2209 et
1182 2139 1246 2206 de-

259 2263 458 2336 fensionem
474 2267 645 2346 petamus.

362 2356 527 2451 Optarim
553 2366 669 2421 autern
693 2345 926 2418 Germanicos
949 2342 1126 2435 principes
1149 2351 1184 2408 et
1206 2337 1245 2404 in

260 2458 485 2557 inquirendis
508 2450 666 2525 historiis
682 2447 846 2518 Tuccicis
868 2445 1129 2532 diligentiores,
1155 2451 1189 2508 et
1206 2436 1244 2504 in

262 2563 466 2639 defensione
488 2555 621 2649 patriae
645 2547 907 2620 coniunctiores
930 2558 965 2614 et
987 2544 1139 2612 acriores
1163 2561 1247 2620 esse,

174 2711 183 2721 -
261 2693 302 2740 ac
316 2664 347 2735 si
359 2660 471 2750 magis
485 2669 630 2726 nossent
643 2675 718 2720 eam
734 2661 890 2736 gentem,
917 2656 951 2713 et
966 2646 1116 2714 formam
1134 2641 1248 2729 impe-

149 2825 151 2833 .
261 2769 308 2840 rii
331 2767 510 2857 ipsorum,
536 2768 570 2824 et
591 2750 748 2840 exempla
763 2746 952 2829 saeviciae,
975 2757 1010 2814 et
1024 2739 1171 2811 militiae
1186 2761 1247 2828 ge-

263 2889 350 2950 nus,
375 2875 410 2932 et
425 2854 623 2952 praeliandi
637 2849 941 2930 consuetudinem,
967 2843 1174 2933 magnitudo
1191 2864 1249 2909 re-

262 2990 344 3040 rum
357 2961 522 3034 excitaret
536 2975 722 3047 generosos
736 2949 872 3019 animos
886 2949 929 3017 ad
947 2947 1116 3015 maiorem
1128 2964 1246 3010 curam

264 3061 478 3140 defendendi
506 3057 676 3147 patriam,
706 3047 920 3126 Ecclesiam,
953 3047 1063 3133 leges,
1096 3041 1248 3110 familias

264 3166 422 3248 nobiles,
461 3156 627 3228 honestas
661 3151 822 3244 politias,
863 3146 1089 3237 disciplinam
1120 3155 1154 3210 et
1183 3142 1250 3210 do-

266 3269 408 3342 cesinas.

368 3363 466 3436 Haec
488 3359 584 3451 ipsa,
608 3377 698 3450 quae
722 3373 818 3420 nnnc
839 3345 968 3428 recito,
992 3363 1108 3432 nuper
1122 3338 1160 3407 in
1176 3337 1250 3435 lin-

268 3491 373 3562 guam
380 3463 543 3536 Latinam
560 3450 846 3546 erChalcondyle
861 3448 937 3516 cive
945 3438 1155 3516 Atheniensi
1165 3459 1250 3507 con-

267 3592 369 3643 versa
391 3577 490 3649 sunt,
515 3560 578 3654 qui
599 3569 772 3649 spectator
793 3565 828 3622 et
842 3569 923 3638 pars
939 3545 1057 3636 aliqua
1072 3542 1141 3611 fuit
1156 3539 1250 3606 mul-

269 3687 385 3743 tarum
410 3661 647 3736 calamitatum
672 3679 759 3749 quas
781 3660 923 3728 narrat.
951 3645 1073 3738 quiin
1094 3639 1248 3730 gentium

270 3766 525 3858 descriptione,
553 3762 598 3829 de
621 3754 810 3827 Germanis
831 3747 965 3841 inquit:
997 3742 1141 3813 Nullam
1166 3738 1252 3808 novi

270 3882 409 3962 gentem
436 3863 535 3936 cuius
557 3879 673 3928 mores
694 3856 766 3923 sint
777 3847 1016 3926 honestiores,
1043 3840 1149 3936 quisi
1166 3862 1264 3932 corn·

270 3970 393 4042 cordes
409 3976 541 4045 essent,
565 3969 682 4028 essent
697 3951 860 4023 invincti.

372 4065 498 4135 Videte
518 4083 624 4154 quam
639 4055 846 4148 opinionem
861 4051 906 4118 de
923 4045 1116 4115 maioribus
1128 4039 1253 4109 vestris

272 4166 388 4243 adhuc
418 4187 540 4235 recens
561 4157 753 4229 habuerint
778 4149 889 4224 exteri
912 4143 1075 4216 homines
1100 4139 1253 4220 bonesti,

271 4293 423 4367 quorum
447 4262 589 4334 iudiciis
604 4259 742 4331 utinam
757 4269 793 4328 et
808 4250 915 4324 huius
929 4245 1051 4320 aetatis
1066 4263 1182 4313 mores
1197 4265 1254 4310 re-

271 4372 497 4468 sponderent.

654 4488 863 4513 m

374 4573 446 4648 Sed
468 4593 539 4664 qno
560 4587 618 4636 me
639 4560 746 4633 dolor
768 4555 913 4628 abducit
930 4555 1126 4648 ingressum
1143 4549 1183 4618 in
1196 4542 1256 4615 hi-

271 4677 397 4753 storias
420 4663 615 4744 Turcicas?
655 4683 735 4734 cum
764 4659 809 4726 de
829 4652 1000 4752 Byzantio
1031 4654 1148 4722 dicere
1175 4672 1255 4718 coe-

271 4779 394 4872 perim.
445 4772 656 4861 Priusquam
677 4783 761 4829 vero
783 4755 986 4844 dccxcidio
1010 4753 1124 4822 dicam
1132 4802 1144 4835 ,
1171 4773 1255 4840 pro·

272 4893 351 4973 pter
383 4873 621 4943 adolescentes
651 4883 759 4954 pauca
790 4860 835 4927 de
859 4855 1005 4926 nomine
1027 4864 1062 4923 et
1085 4863 1256 4922 vetustate

273 4981 350 5051 eins
363 4974 463 5044 urhis
480 4961 774 5042 commemorabo.
1060 5026 1064 5035 s

336 5151 340 5172 ,
376 5075 473 5147 Situs
497 5084 548 5140 est
570 5069 608 5136 in
625 5058 779 5134 Threcia
803 5059 846 5126 ad
863 5054 1136 5147 Hellespontum
1154 5051 1257 5120 valde

273 5190 495 5272 opportunus
509 5165 677 5258 imperiis,
703 5159 786 5256 quia
802 5157 854 5226 ihi
869 5156 1019 5225 minium
1035 5155 1167 5224 distant
1179 5146 1257 5222 Eu·

709 259 873 339 DBGL
905 250 980 337 ΒΕ
1011 250 1206 334 CAPTA
1230 247 1809 333 CONSTANTINOPOLI.

2203 243 2355 336 1⁶6¹

1289 423 1501 520 Byzantium
1513 419 1879 516 aCarthaginensihos
1888 427 2068 502 conditam
2080 446 2166 512 esse,
2186 431 2281 526 qno's

1290 528 1393 596 valde
1415 527 1606 596 instructos
1623 526 1750 612 fuisse,
1778 527 1930 600 navibus
1954 543 1990 600 et
2011 531 2137 622 procul
2162 545 2284 605 trans-

1290 629 1423 698 vexisse
1447 649 1597 712 merces,
1629 629 1763 698 multae
1788 625 1957 702 historiae
1977 645 2162 706 testantur.
2224 633 2282 706 Ac

1290 725 1380 798 mihi
1395 727 1539 822 quidem
1556 728 1699 798 videtur
1715 731 1871 800 nominis
1888 732 1988 820 origo
2006 756 2080 802 esse
2097 759 2139 803 ex
2154 734 2283 824 lingua

1292 826 1529 913 Phoenicum,
1565 831 1779 900 conveniens
1810 854 1903 901 novo
1927 829 2101 924 Emporio
2130 836 2170 904 in
2199 837 2282 906 loco

1292 931 1532 1022 voluptatibus
1556 944 1777 1022 opportuno,
1802 929 1894 1002 Beth
1915 933 2033 1014 Zona,
2060 935 2186 1022 idest,
2214 939 2285 1006 do-

1292 1057 1370 1103 mus
1388 1054 1585 1121 cauponae,
1611 1045 1646 1101 et
1662 1055 1855 1121 congruere
1870 1035 2144 1126 appellationem
2163 1061 2284 1108 mores

1292 1132 1420 1203 vetusti
1435 1133 1677 1200 ostenderunt.
2086 1201 2092 1212 ,

1396 1231 1643 1332 Scribitenim
1659 1228 1880 1327 Phylarchus
1895 1231 2088 1328 Byzantios
2103 1237 2227 1308 solitos
2243 1239 2285 1308 in

1294 1333 1464 1424 cauponis
1481 1333 1606 1402 disset
1621 1349 1740 1405 noctes
1756 1336 1980 1420 commorari,
2004 1350 2038 1406 et
2053 1351 2178 1429 portus
2191 1339 2286 1410 alter

1294 1435 1498 1505 nominatus
1515 1447 1567 1503 est
1582 1434 1772 1504 mulierum
1793 1447 1927 1526 portus.

1396 1535 1539 1606 Deinde
1555 1533 1819 1624 Megarensium
1837 1536 1976 1606 colonia
1997 1561 2038 1607 eo
2054 1538 2203 1610 deducta
2221 1555 2286 1612 est.

1296 1634 1348 1707 Ita
1371 1635 1488 1706 illatae
1510 1648 1593 1705 sunt
1614 1659 1655 1702 eo
1670 1633 1805 1706 Graeca
1821 1637 1940 1726 lingua
1956 1651 1989 1708 et
2007 1636 2164 1708 Graecae
2179 1640 2287 1730 leges,

1296 1751 1330 1808 et
1360 1749 1439 1828 post
1463 1735 1597 1804 bellum
1626 1735 1753 1805 Xerxis
1779 1737 1958 1807 interdum
1980 1737 2287 1812 Lacedaemonio-

1296 1861 1396 1922 rum,
1418 1836 1600 1906 interdum
1616 1832 1888 1906 Atheniensium
1904 1839 1998 1908 socia
2013 1839 2093 1912 fuit.
2144 1839 2287 1914 Deinde

1296 1939 1371 2027 regi
1394 1934 1627 2006 Macedonico
1652 1932 1822 2029 Philippo
1852 1952 1931 2028 post
1954 1940 2162 2009 diuturnam
2185 1944 2287 2013 ohsi-

1297 2039 1440 2109 dionem
1455 2059 1491 2105 se
1506 2035 1653 2110 dedidit.

1316 2183 1329 2208 .
1398 2135 1572 2208 Romanis
1596 2137 1834 2224 temporibus,
1860 2158 1940 2205 curn
1963 2139 2008 2206 de
2023 2138 2175 2228 imperio
2191 2143 2289 2216 inter

1298 2263 1334 2310 se
1359 2250 1534 2308 certarent
1548 2235 1761 2306 Pesceninus
1776 2249 1810 2305 et
1824 2235 1994 2322 Severus,
2019 2251 2053 2308 et
2069 2238 2287 2319 Pesceninus

1297 2339 1511 2434 Byzantium
1534 2337 1633 2426 prior
1653 2349 1873 2428 occupasset,
1897 2336 2048 2408 Severus
2065 2363 2143 2410 eam
2158 2347 2288 2417 urbem

1299 2439 1486 2511 obsidione
1509 2439 1619 2507 cinxit
1638 2451 1753 2508 totum
1774 2437 1968 2508 triennium
1987 2453 2021 2510 et
2037 2458 2221 2530 semestre,
2247 2472 2289 2520 ac

1300 2543 1442 2613 tandem
1461 2561 1541 2608 cum
1559 2559 1684 2625 magna
1700 2539 1890 2607 multitudo
1909 2534 2095 2610 hominurn
2109 2543 2160 2612 ihi
2178 2549 2289 2620 variis

1301 2642 1439 2712 casibus
1461 2639 1639 2730 periisset,
1664 2640 1757 2708 lame
1779 2638 1892 2730 coligit
1915 2642 1958 2710 ad
1983 2642 2221 2732 deditionem,
2248 2675 2289 2722 ac

1300 2765 1425 2831 magna
1457 2750 1623 2831 er'parte
1648 2740 1780 2809 delevit
1802 2740 1914 2808 muris
1936 2741 2083 2826 dirutis,
2121 2769 2213 2838 quos
2239 2751 2290 2822 ait

1301 2841 1544 2923 Herodianus,
1571 2853 1668 2910 tanta
1697 2853 1772 2909 arte
1801 2840 1912 2909 factos
1934 2843 2060 2928 luisse,
2091 2859 2132 2918 ut
2153 2850 2288 2920 mirum
2319 2896 2322 2900 -

1300 2942 1408 3012 inerit
1423 2939 1558 3010 destrui
1571 2963 1683 3030 posse.

1401 3034 1582 3111 ASevero
1605 3064 1717 3133 usquc
1738 3042 1781 3113 ad
1798 3039 2075 3116 Constantinum
2098 3050 2184 3118 anni
2205 3069 2291 3126 sunt

1302 3154 1455 3261 centum.
1478 3239 1487 3258 ⁸
1506 3136 1643 3211 Interea
1656 3165 1721 3212 nec
1739 3144 1824 3214 urbs
1840 3145 2000 3215 restituta
2015 3159 2087 3232 est,
2113 3171 2178 3220 nec
2193 3155 2291 3226 muri

1302 3253 1488 3328 instauratr
1504 3255 1597 3311 sunt.

1404 3340 1473 3412 Sed
1496 3337 1750 3413 Constantinus
1778 3345 2043 3437 opportunitate
2068 3346 2138 3418 loci
2161 3366 2294 3443 motus,

1303 3443 1427 3513 urbem
1450 3465 1523 3510 non
1546 3443 1660 3512 solum
1676 3445 1848 3529 restituit,
1872 3447 2055 3517 sedetiam
2074 3449 2293 3541 splendidis-

1303 3543 1402 3613 simis
1423 3542 1588 3633 operibus
1605 3556 1641 3614 et
1654 3544 1825 3632 dignitate
1841 3547 2000 3632 ornavit,
2026 3571 2067 3619 ac
2083 3549 2197 3623 voluit
2211 3579 2291 3626 eam

1294 3665 1448 3736 prorsus
1466 3665 1584 3732 parem
1600 3666 1673 3713 esse
1689 3644 1773 3713 urbi
1789 3643 1937 3720 Romae.

1405 3741 1530 3812 Postea
1553 3743 1662 3832 igitur
1683 3744 1735 3812 ibi
1749 3757 1783 3814 et
1796 3740 1953 3816 Ecclesia
1967 3749 2052 3834 luit,
2081 3751 2119 3820 in
2135 3775 2204 3846 qna
2220 3756 2295 3828 fuit

1305 3841 1585 3913 eruditissimum
1602 3845 1808 3935 collegium,
1835 3858 1869 3915 et
1886 3847 2085 3942 plerunque
2099 3867 2192 3922 recte
2207 3879 2296 3926 sen-

1305 3945 1431 4016 tientes
1449 3938 1616 4035 Episcopi
1629 3969 1641 4030 ;‘
1670 3959 1705 4016 et
1729 3960 1809 4036 post
1830 3942 2109 4021 Alexandrinam
2130 3947 2296 4028 scholam

1305 4067 1479 4137 nusquam
1496 4044 1576 4134 plus
1591 4047 1720 4116 artium
1732 4047 1803 4117 fuit
1817 4071 1921 4141 quam
1939 4048 2102 4144 Byzantii
2116 4075 2228 4147 usqne
2244 4063 2296 4129 sd

1305 4142 1373 4216 hoc
1388 4157 1602 4236 postremum
1617 4146 1804 4216 excidium.

1409 4241 1463 4316 Ac
1485 4247 1569 4316 inde
1589 4271 1667 4317 cum
1686 4243 1723 4315 in
1739 4243 1876 4318 Italiam
1899 4250 2102 4323 intulissent
2116 4251 2292 4328 Graecam

1306 4348 1464 4438 lingnam
1490 4359 1524 4418 et
1545 4343 1812 4437 Philosophiam
1828 4350 2093 4446 Argyropylus,
2118 4353 2291 4444 Lascaris,
2354 4369 2355 4374 ’

1308 4442 1520 4519 Theodorus
1546 4446 1660 4533 Gaza,
1692 4447 1967 4542 Trapezontius,
1998 4448 2232 4547 Chrysoloras
2258 4475 2292 4530 et

1306 4549 1388 4630 alii,
1412 4544 1470 4618 hic
1485 4547 1638 4643 primum
1654 4547 1774 4634 ltalia,
1797 4574 1878 4620 curn
1893 4549 2050 4622 Graecae
2063 4554 2206 4646 linguae
2218 4559 2294 4630 ele-

1307 4649 1461 4740 gantiam
1486 4652 1716 4736 degustasset,
1740 4647 1905 4721 Latinam
1928 4675 2070 4747 quoque
2086 4659 2215 4728 rectius
2233 4662 2293 4730 di-

1307 4773 1402 4820 scere
1425 4747 1559 4840 cocpit,
1592 4761 1627 4818 et
1651 4745 1787 4820 Graeca
1806 4751 1928 4842 lingua
1949 4754 2086 4826 aditum
2107 4760 2154 4829 ad
2175 4759 2293 4833 fontes

1306 4843 1558 4940 Philosophiae
1574 4849 1748 4941 patefecit.

1408 4945 1532 5021 Bivnli
1554 4951 1659 5021 etiam
1676 4946 1832 5021 Graecae
1846 4952 2028 5024 doctrinae
2042 4970 2127 5027 tunc
2143 4959 2181 5028 in
2195 4958 2292 5032 Ger-

1308 5049 1463 5120 maniam
1479 5051 1622 5121 deducti
1634 5065 1728 5122 sunt.
1778 5049 1870 5122 Nam
1883 5051 2058 5127 lohannes
2070 5056 2292 5150 Regiomon-

1308 5165 1411 5224 tanus
1442 5175 1522 5221 cnm
1546 5149 1703 5221 Graecae
1732 5151 1929 5238 didicisset,
1959 5155 2180 5230 Ptolemeum
2205 5163 2292 5232 illu-

272 5304 359 5372 ropa
381 5288 416 5347 et
430 5267 528 5345 Asia.
578 5263 653 5338 Nec
675 5265 714 5332 in
730 5255 888 5332 Alcicam
910 5257 1136 5327 incommoda
1153 5252 1257 5322 navi·
1307 5251 1443 5324 stravit.
1491 5246 1706 5343 Rodolphus
1719 5250 1885 5346 Agricola
1899 5255 2080 5340 Ferrarius
2097 5255 2290 5334 Theodoro

272 5381 368 5476 gatio
399 5386 469 5462 cst,
509 5383 544 5468 et
574 5363 719 5462 quidem
750 5359 919 5434 scribitur
946 5369 1098 5428 veterem
1131 5353 1256 5424 urbem

1309 5348 1442 5434 Gazae,
1474 5351 1713 5426 eruditissimo
1742 5367 1779 5427 ct
1808 5354 2065 5431 modestissimo
2086 5363 2164 5432 seni
2186 5364 2291 5436 lami-
