4604 5804
245 285 320 396 aar
485 309 696 389 sennua
719 312 797 390 eu.
821 309 944 390 uun.
967 308 1040 388 An
1064 310 1192 388 uisu.
1217 309 1362 388 anor.
1383 309 1451 388 nr
1476 309 1669 394 eureos.
1694 315 2017 396 conmanunt.
2137 317 2140 328 ·
2167 323 2224 398 uc
2270 411 2271 414 Ν

67 526 73 541 ·
183 495 186 505 ‘
235 518 328 576 esse,
363 503 399 564 et
419 485 626 558 ardentibus
647 485 741 560 votis
761 498 942 578 petamus,
974 499 1015 557 nt
1036 487 1131 557 filins
1151 482 1221 556 Dei
1249 488 1428 562 ,secundo
1453 487 1608 582 proximi
1633 488 1740 571 anni,
1766 491 1825 560 die
1848 493 1997 582 septimo
2020 505 2053 563 et
2074 494 2223 566 vicesimo.

236 588 424 668 nosinhac
439 588 599 692 squalida
615 602 752 660 senecta
770 589 952 677 gubernet,
974 585 1220 660 utEsaiacssb.
1272 587 1363 658 Nam
1398 589 1444 658 ad
1486 611 1625 660 menses
1664 591 1807 662 lunares
1849 595 2036 663 duodecim
2072 598 2224 668 addendae

236 700 382 772 dicitur:
407 689 527 764 Etiam
543 691 583 758 in
598 703 736 761 senecta
751 714 814 760 vos
827 690 981 782 gestabo.
1272 705 1356 763 sunt
1377 691 1499 762 decem
1520 693 1613 776 dies,
1639 694 1701 786 qrsr
1726 695 1959 767 nominantur
1981 691 2134 787 Epactae.
2183 697 2224 768 lta

338 795 470 868 Scribit
493 793 600 864 etiam
623 787 814 884 Iosephus,
836 785 993 860 Adam
1017 792 1105 862 duas
1128 787 1221 880 lapi-
1272 793 1437 884 congruit
1454 795 1544 864 ratio
1563 795 1711 878 adanni
1727 795 1853 864 solaris
1875 799 2070 888 periodum.
2116 795 2159 870 Et
2171 823 2225 870 uo·
2270 873 2271 884 ¹

238 907 319 977 deas
339 897 479 970 tabulas
499 895 705 980 collocasse,
739 895 930 988 inquibus
958 894 1097 986 scripsit
1116 891 1168 960 ini
1188 891 1223 968 “a
1271 912 1390 968 ruerus
1423 897 1599 967 mensium
1641 912 1675 967 ct
1708 897 1847 967 dicrum
1882 899 1922 967 in
1957 895 2021 970 hac
2053 903 2226 970 narratione
2270 971 2271 986 ,

138 1007 141 1017 ’
238 999 440 1083 creationis,
471 997 610 1088 lapsum
631 989 844 1092 hominum,
879 1009 915 1065 ct
936 994 1220 1087 promissionem.
1272 997 1446 1082 ostendit,
1479 1020 1614 1069 annum
1644 999 1794 1068 solarem
1823 1002 2044 1092 complexum
2066 1026 2133 1072 csse
2154 1005 2227 1072 duo·
2270 997 2271 1082 J

221 1108 309 1179 llas
323 1102 460 1175 tabulas
483 1098 644 1168 existimo
659 1110 828 1191 tanquam
843 1099 1014 1188 templum
1034 1097 1161 1181 inisse,
1187 1109 1221 1167 et
1272 1100 1385 1170 decim
1410 1122 1548 1168 meuses
1570 1100 1732 1185 lunares,
1758 1115 1794 1172 et
1816 1101 1892 1170 dies
1914 1089 2045 1174 decern.
2095 1103 2226 1174 ldeodi·
2270 1111 2271 1181 j

237 1206 324 1284 certi
344 1203 415 1275 loci
437 1201 596 1291 signum,
627 1199 665 1268 in
689 1225 794 1292 quem
819 1200 944 1270 solitus
960 1215 1012 1270 est
1026 1222 1221 1268 convocare
1272 1201 1382 1286 citur,
1418 1195 1521 1272 Noha
1548 1225 1705 1288 egressus
1729 1225 1803 1272 esse
1822 1189 1876 1272 ¹err
1902 1207 1985 1274 arca
2010 1205 2102 1277 anno
2129 1205 2226 1275 aetatis
2270 1215 2271 1256 3

148 1299 153 1312 ’
239 1333 337 1383 snam
359 1303 567 1387 Ecclesiam,
598 1315 632 1373 et
652 1302 717 1370 ubi
747 1302 914 1372 sacrificia
936 1303 1027 1372 iacta
1052 1314 1155 1386 sunt,
1188 1314 1222 1371 et
1272 1327 1354 1374 suae
1370 1303 1622 1372 sexcentesimo
1641 1303 1775 1396 primo,
1801 1305 1966 1376 videlicet
1985 1299 2226 1376 an'noscon'di·
2270 1375 2271 1378 ,

237 1411 382 1486 recitata
394 1405 567 1478 doctriua.
606 1401 762 1497 Fuitque
778 1427 846 1474 vox
862 1403 1109 1494 promissionis
1124 1403 1223 1472 testi·
1272 1419 1310 1478 to
1331 1405 1488 1491 mundo,
1520 1405 1710 1476 millesimo
1733 1407 1982 1478 sexcentesimo
2005 1406 2227 1502 quinquagesi-

237 1512 397 1586 monium
412 1507 615 1580 discernens
629 1529 747 1575 veram
763 1503 957 1576 Ecclesiam
974 1529 993 1574 a
1010 1503 1222 1588 coetuCain,
1273 1531 1330 1576 mo
1347 1504 1511 1598 septimo.
2012 1545 2017 1559 ι
2270 1489 2271 1494 ¹

115 1611 119 1619 ’
238 1616 302 1713 qui
317 1620 662 1697 secesseratapatre,
685 1622 718 1678 et
734 1603 954 1678 hahuitsuos
969 1609 1058 1677 ritus
1074 1621 1107 1677 ct
1123 1629 1222 1676 suam
1376 1596 1513 1678 lnterea
1537 1609 1623 1679 dum
1645 1609 1684 1677 in
1706 1633 1784 1682 arca
1804 1605 1948 1682 vehitur
1970 1605 2228 1708 iqmlliaNohac,
2270 1635 2271 1643 ¹

157 1727 162 1732 ’
239 1731 378 1790 sectam.
405 1709 484 1808 ¹lta
507 1709 625 1780 statim
649 1709 755 1780 initio
776 1733 880 1780 verae
902 1710 1083 1779 doctrinae
1100 1732 1223 1777 vocem
1274 1723 1386 1779 totum
1411 1733 1521 1800 genus
1546 1707 1745 1783 humanum
1768 1713 1962 1786 universali
1986 1712 2226 1803 diluvioperiit.
2270 1691 2271 1774 l

104 1895 118 1906 ,
171 1896 174 1902 ,
238 1835 274 1894 et
290 1839 410 1888 veram
427 1809 622 1882 Ecclesiam
641 1835 721 1900 pars
737 1808 886 1882 humani
901 1812 1037 1901 generis
1060 1809 1225 1894 deseruit,
1273 1811 1370 1882 Haec
1384 1835 1499 1903 poena
1513 1813 1668 1905 primum
1684 1815 1866 1902 significat,
1889 1811 2067 1887 conditam
2084 1809 2228 1886 cssehanc
2270 1795 2271 1880 l

201 1974 205 1984 ,
239 1937 273 1994 et
291 1916 562 2014 promissionem
585 1913 696 1983 oblita
718 1928 784 1984 est:
812 1927 847 1984 et
867 1926 986 1983 tamen
1009 1913 1149 1982 condita
1174 1913 1225 1982 ci·
1274 1937 1393 1984 rerum
1409 1927 1593 1998 catinam,
1621 1929 1662 1986 ut
1678 1917 1807 1989 serviat
1824 1919 1942 1990 electis
1956 1933 1990 1988 et
2011 1916 2118 1990 iustis.
2163 1913 2228 1982 ldco
2270 1979 2271 1984 ,

188 2043 192 2048 ·
236 2023 345 2095 vitate
366 2039 506 2090 necesse
535 2027 606 2104 est,
637 2038 697 2086 cos
721 2017 878 2110 aliquam
903 2015 1223 2119 legisparticulam
1274 2029 1509 2108 sequuturum
1523 2041 1595 2087 esse
1605 2018 1842 2088 universalem
1858 2019 2041 2090 interitum
2057 2017 2229 2110 impiomn,

239 2123 440 2200 retinuisse.
1275 2132 1310 2187 et
1340 2117 1450 2187 iustos
1484 2141 1670 2190 mansuros
1701 2142 1774 2188 esse
1809 2120 1848 2189 in
1874 2121 2090 2212 possessione
2114 2131 2227 2187 aeterna
2270 2117 2271 2124 '

340 2223 466 2295 Postea
490 2221 530 2292 in
552 2218 671 2291 Moisc
693 2214 848 2287 breviter
866 2231 1101 2290 annotataest
1118 2218 1224 2288 series
1275 2222 1590 2309 operummundi.
1650 2221 1794 2292 Deinde
1824 2213 1892 2292 hoc
1920 2223 2079 2314 exemplo
2112 2233 2228 2290 testatur
2270 2267 2271 2306 ι

240 2349 419 2406 annorum
450 2347 562 2418 usque
591 2324 635 2393 ad
665 2319 853 2394 diluvium.
914 2318 1026 2409 Quia,
1059 2335 1224 2410 utsupra
1274 2321 1382 2406 Deus,
1409 2343 1444 2390 se
1460 2323 1626 2414 deinceps
1642 2347 1784 2416 quoque
1798 2339 1938 2413 peccata
1952 2326 2154 2417 puniturum
2167 2341 2228 2399 esse,

155 2501 158 2508 ,
200 2495 204 2502 .
242 2435 460 2513 dictumest,
486 2427 563 2497 vult
585 2421 777 2494 Deussciri
801 2421 1060 2509 initiatorum,
1086 2437 1226 2493 ettem-
1276 2447 1480 2516 quanquam
1507 2425 1556 2492 sic
1580 2425 1721 2514 mitigat
1743 2425 1851 2511 iram,
1877 2439 1917 2496 ut
1942 2419 2228 2514 promittatcondi-
2270 2395 2271 2462 i

241 2558 329 2629 pora
344 2553 486 2602 suarum
502 2525 785 2619 patefactionum.
820 2521 894 2626 ¹Ac
915 2525 1226 2621 resxmirandare·
1275 2541 1311 2596 ta
1325 2523 1440 2606 lride,
1473 2549 1511 2596 se
1533 2527 1698 2617 deinceps
1722 2551 1796 2596 non
1819 2529 2030 2618 puniturum
2056 2550 2125 2597 esse
2145 2541 2228 2612 mnus
2270 2517 2271 2542 ¹

130 2651 135 2660 “
242 2626 470 2710 citaturhaec
492 2631 566 2700 sola
588 2631 632 2698 de
653 2617 863 2707 Henoch,
890 2628 1043 2720 quinon
1063 2643 1226 2696 cstmor—
1277 2622 1473 2696 hermanum
1493 2629 1690 2700 universali
1710 2629 1859 2706 diluvio.
1910 2628 1984 2702 Sed
2007 2621 2229 2714 simulsignifi·
2270 2639 2271 2646 ’

240 2755 345 2822 tuus,
370 2735 431 2804 sed
445 2733 569 2803 vivens
583 2731 624 2799 iu
646 2729 783 2799 coelum
800 2730 989 2798 translatus
1004 2741 1066 2806 est.
1118 2726 1225 2817 Quod
1276 2743 1350 2810 cat,
1385 2729 1424 2798 in
1444 2723 1734 2821 extrema-poena
1765 2731 1841 2820 igni
1869 2732 2158 2824 conflagraturom
2177 2744 2230 2792 esse
2270 2707 2271 2724 ¹

240 2851 319 2913 non
341 2835 578 2907 existimemus
597 2833 687 2904 clam
718 2831 861 2900 nemine
890 2843 1067 2924 spectante
1094 2831 1225 2901 facturn
1275 2834 1482 2916 mundum,
1508 2844 1543 2903 et
1565 2855 1602 2902 sc
1623 2855 1665 2901 er
1691 2856 1731 2902 ea
1752 2855 1865 2902 massa
1887 2857 2018 2903 novam
2032 2831 2157 2902 mundi
2174 2827 2231 2894 ior·

242 2965 335 3026 esse,
365 2940 425 3010 scd
440 2936 495 3005 vel
509 2935 548 3004 in
563 2933 740 3006 Ecclesiae
757 2933 1046 3022 congregatione,
1073 2933 1128 3001 vel
1148 2955 1227 3024 spe·
1276 2957 1371 3002 mam
1394 2923 1568 3005 faciurum
1594 2957 1677 3004 esse.
1731 2930 1816 3005 ldeo
1841 2935 1979 3006 colores
2003 2948 2085 3007 suut
2105 2933 2138 3001 in
2158 2925 2230 2998 lridc

241 3043 419 3118 etantibus
433 3038 568 3132 aliquot
585 3036 746 3127 patribus
764 3034 832 3104 fide
849 3035 977 3122 dignis.
1024 3031 1119 3122 Quia
1135 3027 1227 3104 hanc
1276 3036 1362 3105 duo.
1418 3031 1589 3106 Ceruleus
1612 3036 1785 3126 significat
1807 3059 1916 3126 genus
1941 3031 2135 3108 humanum
2154 3025 2231 3120 aquis

240 3143 512 3221 translationem
528 3139 641 3208 voluit
655 3134 752 3206 Deus
767 3135 1010 3204 testimonium
1026 3158 1099 3206 esse
1114 3137 1158 3204 de
1172 3135 1228 3204 vi·
1277 3137 1433 3225 periisse.
1491 3135 1617 3225 lgneus
1648 3161 1710 3207 seu
1741 3161 1941 3228 purpureus
1979 3153 2098 3230 postea
2125 3131 2232 3226 peritn-

210 3330 212 3338 ,
242 3265 279 3324 ta
306 3260 340 3316 et
360 3245 473 3317 salute
494 3253 654 3323 aeterna,
686 3237 802 3306 danda
820 3231 898 3321 his,
922 3238 985 3330 qui
1000 3237 1120 3306 Deum
1136 3251 1229 3306 recte
1277 3259 1358 3308 rum
1384 3259 1457 3327 esse
1478 3237 1570 3327 igni,
1595 3237 1695 3307 utin
1719 3241 1873 3310 secunda
1896 3240 2046 3332 epistola
2065 3235 2153 3310 Petri
2165 3226 2232 3302 scri·
2270 3299 2271 3318 2

113 3401 118 3412 ,
241 3348 457 3422 invocabant
489 3341 527 3412 in
555 3339 735 3432 agnitione
767 3340 930 3430 promissi
960 3339 1116 3410 seminis.
1175 3335 1229 3410 Ac
1277 3352 1379 3432 ptum
1399 3351 1461 3413 est.
1482 3361 1498 3384 ¹
2270 3349 2271 3352 ’

243 3456 316 3526 dno
351 3446 483 3520 similia
517 3443 716 3514 testimonia
752 3441 872 3530 generi
907 3435 1064 3512 humano
1091 3455 1229 3512 ostensa
1359 3436 1518 3512 Eodem
1542 3464 1637 3510 anno
1667 3465 1688 3512 a
1715 3442 1852 3513 mundo
1874 3443 2020 3514 condito
2049 3434 2150 3516 165⁷.
2165 3428 2232 3502 'tum

243 3564 442 3630 contante
470 3547 661 3640 adventum
691 3542 857 3614 Messiae:
898 3544 1048 3613 alterum
1078 3539 1228 3614 Henoch
1279 3535 1381 3612 Nohe
1398 3565 1554 3632 egressus
1569 3554 1658 3613 esset
1673 3567 1714 3614 cx
1729 3567 1826 3630 arca,
1850 3568 1974 3615 rursus
1991 3540 2159 3615 Ecclesiae
2171 3535 2233 3604 data
2270 3527 2271 3532 ’

243 3672 326 3730 ante
363 3651 562 3734 diluvium,
610 3649 760 3716 alterum
794 3642 895 3715 Eliae
928 3659 1007 3736 post
1041 3645 1229 3718 diluvium.
1279 3645 1598 3730 sunttestimonia,
1624 3669 1705 3716 cunr
1728 3647 1938 3718 sacrificinm
1958 3648 2003 3716 de
2026 3641 2232 3717 coeloinccn·

241 3759 295 3830 Hi
310 3750 507 3846 Prophetae
524 3751 640 3822 testati
657 3762 757 3828 suut,
784 3745 951 3816 Messinm
968 3746 1098 3817 abolita
1115 3760 1230 3816 morte
1281 3769 1361 3816 sum
1376 3760 1455 3830 cst,
1472 3758 1508 3816 et
1529 3746 1732 3816 testimonio
1747 3743 1926 3818 Ecclesiae
1948 3748 2041 3818 duae
2053 3769 2107 3818 res
2120 3737 2233 3812 additae

245 3859 470 3932 redditurum
491 3871 565 3921 esse
585 3853 694 3920 vitum
717 3863 915 3934 aeternam,
947 3862 982 3921 et
1004 3849 1232 3920 conculcatu—
1280 3860 1382 3918 sunt:
1414 3847 1607 3918 Promissio
1631 3849 1674 3918 de
1695 3872 1864 3922 mansuro
1886 3863 2037 3920 naturae
2058 3845 2184 3919 ordine:
2209 3843 2235 3902 cl

246 3984 330 4034 rum
348 3969 453 4046 caput
468 3955 650 4046 serpentis.
758 4037 759 4042 ἵ
1037 3992 1046 4002 -
1281 3949 1458 4019 institutio
1492 3949 1658 4039 politicae
1690 3951 1970 4040 gubernationis.
2032 3950 2133 4020 Tunc
2161 3937 2235 4009 enin
2270 3945 2271 3984 ³

348 4059 489 4132 Citatur
515 4069 549 4125 et
568 4048 756 4147 prophetia
780 4048 950 4137 Henoch,
983 4053 1028 4123 dc
1053 4067 1230 4148 postremo
1281 4073 1440 4142 expresse
1467 4050 1539 4121 lata
1562 4063 1612 4120 est
1632 4052 1709 4136 lex,
1741 4066 1784 4124 ut
1815 4046 2058 4122 homicida
2085 4044 2235 4121 occidatur
2270 4067 2271 4080 ι

246 4164 380 4239 iudicio
404 4155 624 4250 inEpistola
646 4157 770 4226 Iudae:
798 4149 915 4224 Ecce
938 4150 1244 4225 oenit‘dcmi-
1280 4153 1327 4223 ab
1342 4147 1499 4232 homine,
1525 4152 1588 4246 qui
1602 4169 1737 4244 praeest
1750 4156 1896 4224 caeteris
1909 4151 2127 4226 hominibus.
2163 4141 2237 4212 Haec
2270 4235 2271 4244 ἵ

247 4283 331 4340 nris
355 4287 435 4336 cum
459 4275 579 4332 sancto
597 4259 751 4330 exercitu
772 4279 857 4342 suo,
881 4270 921 4329 ut
937 4258 1043 4330 faciat
1060 4258 1232 4328 iudicium
1280 4255 1340 4326 lex
1371 4254 1559 4347 praecipua
1582 4255 1621 4324 in
1645 4257 1772 4327 ordine
1803 4256 1949 4346 politico
1973 4269 2045 4343 est,
2077 4265 2111 4323 ct
2132 4258 2236 4319 nervus

246 4385 369 4445 contra
384 4364 522 4448 omues,
547 4375 581 4432 et
597 4373 722 4450 arguat
735 4381 858 4430 omnes
874 4359 1004 4452 impios
1018 4375 1081 4434 etc.
1134 4359 1176 4431 ln
1192 4384 1233 4433 ea
1282 4351 1459 4429 hnmanae
1481 4356 1667 4428 societatis.
1719 4356 1772 4428 lta
1793 4359 1907 4429 cernis
1925 4380 2049 4429 rursus
2069 4352 2164 4427 initia
2183 4339 2236 4413 Ec·

246 4467 433 4568 prophetia
450 4463 672 4536 hauddubie
693 4455 946 4554 comprehensa
968 4461 1036 4552 fnit
1056 4463 1234 4555 copiosior
1282 4459 1408 4530 clesiae
1425 4471 1460 4529 et
1473 4457 1628 4549 politiae.
1650 4493 1653 4500 ·
1679 4455 1819 4534 Deinde
1834 4461 2031 4532 recitantur
2044 4453 2180 4528 nomina
2192 4465 2236 4512 θῦ-

248 4575 413 4648 doctrina
428 4571 472 4640 de
485 4565 740 4657 promissione,
767 4565 812 4634 dc
832 4557 891 4632 M
894 4561 1039 4646 essia,
1066 4578 1101 4636 et
1116 4567 1160 4637 de
1175 4566 1234 4637 iu·
1282 4585 1386 4646 rum,
1412 4559 1475 4652 qui
1500 4582 1542 4630 er
1563 4560 1647 4631 liliis
1668 4555 1793 4632 Nubae
1809 4563 1992 4654 propagati
2005 4572 2107 4643 suut,
2131 4566 2162 4624 et
2175 4544 2237 4617 stir-

247 4678 338 4750 turis
351 4665 608 4747 mutationibus
625 4668 763 4758 generis
778 4660 939 4740 humani.
1228 4675 1233 4683 '
1282 4685 1346 4757 pes
1366 4652 1587 4733 diversarum
1606 4663 1778 4752 gentium.
1829 4662 1956 4734 Voluit
1969 4675 2088 4734 autem
2106 4654 2187 4730 hauc
2198 4667 2237 4715 κ·

347 4768 352 4776 ”
675 4842 683 4860 ,
766 4841 775 4860 ‚
1283 4765 1373 4836 ricm
1386 4760 1484 4835 Deus
1497 4777 1619 4838 notam
1635 4786 1724 4849 esse,
1748 4779 1789 4838 ut
1802 4765 1990 4852 sciremus,
2018 4788 2060 4833 cx
2074 4783 2139 4856 qua
2153 4751 2237 4836 stille

442 4965 447 4974 ι
596 4907 600 4918 «
627 4841 866 4968 mmmmc
1282 4866 1438 4938 voluerit
1453 4865 1550 4938 Deus
1564 4867 1662 4938 nasci
1680 4861 1741 4936 M
1744 4863 1934 4949 assiam,
1957 4880 1992 4939 et
2005 4865 2071 4938 ubi
2084 4857 2239 4932 luerit&-

248 5069 250 5076 .
351 4969 501 5045 Annos
522 4969 667 5042 condito
688 4967 826 5039 mundo
848 4965 1038 5037 millesimo
1053 4978 1234 5038 sexcente-
1282 4971 1476 5062 pectendos
1492 4981 1529 5040 et
1542 4968 1824 5062 conspiciendos.
1873 4967 1988 5040 Nobis
2010 4969 2055 5038 ad
2071 4961 2137 5036 hoc
2155 4953 2239 5027 attan

251 5077 341 5152 simo
356 5073 649 5171 quinquagesimo
669 5081 785 5156 serto,
810 5091 891 5144 cum
908 5063 1011 5139 Naba
1034 5063 1236 5144 inchoasset
1283 5071 1429 5164 prodest
1440 5091 1543 5144 nosse
1557 5083 1700 5163 patrm
1714 5072 1873 5160 nomina,
1894 5084 1936 5141 nt
1947 5069 2100 5140 sciamus
2109 5054 2239 5158 gentium

253 5203 388 5254 annum
399 5175 707 5259 sexcentesimum,
730 5193 853 5244 mense
875 5171 1029 5243 secundo
1045 5170 1122 5243 eius
1136 5172 1235 5260 anni,
1283 5172 1459 5265 origines,
1489 5173 1589 5267 qood
1616 5195 1692 5244 nun
1723 5174 1840 5248 solum
1865 5173 2064 5246 iucundum
2096 5177 2161 5247 est,
2193 5147 2239 5222 ⁵0³
2270 5183 2271 5226 t

155 5367 162 5376 .
253 5285 311 5356 die
325 5279 476 5376 septimo
491 5275 629 5348 decimo
639 5273 661 5362 ,¹
674 5273 854 5366 ingressus
866 5288 919 5348 est
931 5268 1035 5346 Naba
1050 5296 1132 5346 cum
1144 5266 1254 5346 con-'
1283 5275 1390 5347 etiam
1400 5277 1504 5368 utile.
1542 5271 1661 5348 Series
1674 5275 1946 5363 enimtestatnr,
1968 5268 2240 5365 primamdoctrt·
2270 5295 2271 5312 ι

253 5387 334 5478 iuge
349 5401 383 5458 ct
397 5381 481 5454 filiis
504 5379 543 5450 in
565 5399 703 5458 arcam,
730 5373 765 5447 e‘t
788 5377 828 5448 in
848 5401 890 5449 ea
910 5377 1042 5450 mansit
1055 5377 1250 5469 integrum·
1284 5401 1368 5456 narn
1384 5380 1428 5452 de
1445 5375 1522 5448 Deo
1535 5401 1611 5450 esse
1627 5373 1740 5466 bruc,
1766 5401 1856 5475 quae
1873 5377 1913 5450 in
1930 5373 2074 5467 scripsi·
2095 5361 2195 5442 Moisi
2215 5363 2240 5420 tl
2270 5367 2271 5412 l

255 5507 390 5568 annom
404 5486 564 5557 solarem.
615 5475 756 5574 Rursus
768 5480 864 5574 enim
872 5469 1036 5573 ,egressus
1049 5492 1101 5552 est
1111 5503 1235 5552 mense
1285 5483 1450 5576 deinceps
1468 5476 1782 5574 in.Prophetorum
1795 5481 1937 5575 scriptis
1951 5477 2083 5552 tradita
2105 5484 2164 5543 est.
2204 5451 2240 5528 Et
