4696 5820
88 343 166 421 esa
486 429 489 434 λ
556 343 717 422 ouon
757 343 833 421 on
864 287 1110 438 sonans-
1141 337 1268 416 van.
1299 335 1656 468 ruinosoaa.
2044 339 2123 420 ese

90 521 200 612 quam
223 513 489 607 mancianum
510 540 655 590 marum
678 517 870 594 terminum
893 541 959 589 suu
982 539 1084 588 exos·-
1135 511 1369 610 Mycenarum
1391 535 1529 602 regem,
1562 527 1597 584 et
1618 509 1763 583 Nelidae
1784 508 1944 584 Nestoris
1962 525 2124 604 posteros

89 641 194 690 nasse
210 607 377 703 nomine,
401 620 498 712 quod
514 634 633 691 ιιιιιιιι
647 620 876 694 verisimilius
889 633 943 692 est
959 620 1006 690 ab
1019 639 1085 688 au-
1133 615 1245 706 partis
1267 611 1505 716 Messenioeae
1525 614 1710 700 dominos,
1733 627 1811 684 tom
1832 607 1898 700 hos
1918 608 2124 719 Aesculapii

90 721 302 814 tiquisaimis
331 718 461 790 Baltioi
489 721 622 793 littoris
650 723 779 795 accolis
810 720 1002 792 Germanis
1029 719 1084 790 illi
1134 729 1279 806 nepotes
1308 716 1462 786 deiectos
1490 719 1533 786 ds
1555 716 1699 814 fastigio
1721 717 1987 806 gubernationis
2010 729 2044 790 et
2066 715 2124 792 sli-

90 824 270 893 tributum
292 844 383 907 esse,
408 821 510 908 inde,
535 826 632 915 quod
655 823 764 895 fuerit
785 824 885 893 limes
907 821 1085 912 vergentis
1134 818 1232 887 tione
1252 841 1293 888 ιι
1315 817 1458 888 sedibus
1479 831 1603 892 erutos
1625 829 1698 888 tota
1714 817 1929 910 pepulerunt
1943 817 2123 910 Pelopon-

90 924 129 993 in
153 921 308 992 Boream
329 924 451 1014 plagae
473 925 613 999 mundi.
681 924 845 996 Limitem
869 925 966 992 enim
991 923 1084 994 Ger·
1134 941 1231 991 neso.
1282 915 1442 988 Transiit
1466 918 1673 988 Tisamenus
1693 920 1733 989 in
1757 914 1949 1001 Achaiam,
1974 943 2123 1013 eantque
2181 989 2190 1000 ,

89 1025 192 1095 mani
204 1019 480 1110 voeautThuel,
504 1026 616 1098 veteri
630 1025 811 1098 Saxonum
827 1025 959 1116 lingua.
1013 1023 1085 1094 Nec
1134 1029 1339 1110 occupatam
1363 1020 1546 1092 comitatui
1562 1043 1626 1091 suo
1642 1021 1844 1101 distribuit,
1868 1021 2007 1092 colonis
2022 1017 2124 1096 loni·

88 1127 198 1196 video
221 1126 261 1194 in
280 1150 386 1219 quem
401 1127 513 1197 aliurn
529 1151 633 1198 usum
647 1128 835 1200 inusitatae
849 1126 1084 1218 acprodigio-
1133 1122 1201 1192 bus
1223 1120 1352 1214 partim
1375 1121 1501 1207 caesis,
1527 1121 1655 1212 partim
1677 1123 1806 1216 pulsis,
1832 1123 1961 1213 partim
1977 1120 2123 1194 servatis

88 1250 149 1297 sac
172 1227 392 1313 altitudinis,
417 1253 457 1298 ac
478 1230 795 1325 molispyramides
811 1229 919 1300 tantis
933 1227 1085 1319 sumpti-
1134 1223 1298 1316 quidem,
1330 1222 1392 1292 sed
1415 1224 1553 1317 aequali
1574 1223 1755 1296 sortitiani
1778 1224 1956 1298 subiectis.
2021 1221 2122 1296 Neli-

90 1331 160 1400 bus
183 1351 281 1418 reges
296 1324 464 1423 Aegyptii
487 1331 769 1416 construxerint,
794 1331 865 1401 nisi
885 1344 926 1400 ιιι
947 1354 989 1401 cx
1011 1329 1084 1398 illis
1134 1329 1200 1394 dae
1214 1319 1374 1396 Athenas
1389 1325 1684 1416 commigratum,
1709 1340 1743 1398 et
1757 1327 1890 1418 recepti
1904 1349 2018 1420 aequo
2033 1325 2123 1408 iure,

89 1431 132 1500 iu
146 1428 291 1522 regium
304 1431 409 1522 plana
424 1431 585 1525 alloquin
600 1457 640 1504 ιι
654 1447 816 1524 patente,
841 1433 978 1504 coelum
993 1453 1084 1530 quo·
1134 1426 1195 1496 scd
1209 1427 1255 1494 ab
1269 1425 1370 1496 omni
1385 1425 1587 1520 principatu
1596 1427 1727 1497 exclusi
1736 1427 1774 1496 in
1785 1428 1855 1497 vita
1864 1428 2001 1518 privata
2009 1425 2122 1502 Paeo·

87 1555 165 1626 qno
183 1553 306 1602 versus
322 1532 472 1602 liberius
487 1536 769 1629 conspiceretur,
792 1547 827 1605 et
842 1533 1085 1603 considerare·
1135 1527 1301 1598 uidarum
1331 1541 1368 1598 et
1395 1522 1733 1600 Alcmaeonidarum
1768 1527 1923 1600 familias
1953 1527 2124 1602 condida-

88 1646 151 1703 tur
172 1633 347 1702 artificum
368 1633 553 1728 diligentia
572 1635 744 1721 exactius,
769 1657 984 1725 organorum
996 1657 1082 1703 con·
1135 1642 1236 1713 runt,
1268 1628 1360 1700 sicut
1382 1629 1564 1724 aliquanto
1585 1644 1667 1702 ante
1690 1628 1810 1702 Aiacis
1832 1630 1963 1721 posteri
1988 1629 2122 1704 ibidem

89 1732 417 1827 venientiumope.
468 1734 557 1806 lnde
578 1736 809 1829 Aesculapius
832 1736 1003 1806 medicam
1026 1757 1084 1804 ar·
1134 1731 1386 1816 conetense,
1417 1755 1437 1802 a
1463 1733 1598 1827 quibus
1623 1729 1754 1804 Cimon
1781 1746 1818 1804 et
1840 1731 2023 1802 Miltiades
2053 1732 2122 1805 orti

88 1849 164 1907 tem
181 1835 221 1903 in
232 1831 418 1905 Graeciam
435 1838 585 1929 invexit,
610 1838 710 1908 cuius
723 1838 857 1930 posteri
871 1837 985 1908 avitae
1000 1859 1084 1928 pro-
1133 1833 1245 1905 fuere.
1309 1827 1514 1924 Aesculapii
1540 1846 1685 1925 nepotes
1711 1832 1974 1904 contaminatis
1996 1833 2122 1915 avitae,

87 1936 256 2006 fessionis
278 1938 532 2028 possessionem
549 1939 653 2034 quasi
668 1962 870 2030 permeans
884 1933 1084 2008 haeredita·
1135 1929 1352 2005 haereditate
1373 1927 1513 2004 scholas
1534 1949 1606 2006 tres
1628 1935 1782 2006 modicas
1797 1950 2013 2028 aperuerunt
2031 1936 2122 2004 sele-

89 2039 143 2108 ria
167 2039 362 2108 traditione
383 2053 580 2129 acceptam,
603 2041 833 2111 amaioribus
849 2041 1085 2124 retinuerunt,
1134 2035 1324 2120 berrimas,
1349 2035 1389 2104 in
1410 2029 1486 2107 Coo
1509 2060 1637 2121 unam,
1663 2037 1809 2108 alteram
1829 2037 1868 2106 in
1888 2034 2025 2121 Cnido,
2050 2049 2122 2108 ter-

87 2137 364 2213 succedentibus
388 2140 427 2209 in
448 2141 592 2230 vestigia
614 2156 804 2244 parentum
830 2141 953 2212 liberis
980 2140 1084 2212 aunis
1134 2136 1221 2208 tiam
1247 2136 1286 2206 in
1308 2160 1371 2207 ora
1393 2135 1517 2210 intima
1532 2137 1673 2225 ltaliae,
1701 2161 1811 2232 quam
1836 2134 2024 2210 Graeciam
2046 2159 2122 2210 ma-

88 2239 247 2329 amplius
269 2241 368 2309 mille
387 2243 572 2325 ducentis,
596 2243 760 2316 instituto
783 2243 1033 2335 proculdubio
1048 2254 1084 2312 et
1134 2259 1237 2330 gnam
1252 2252 1435 2311 vocarunt.

87 2341 244 2412 consilio
273 2338 495 2433 Aesculapii,
529 2344 591 2438 qui
622 2340 714 2416 hanc
747 2369 812 2416 ceu
844 2343 1083 2436 alligationem
1236 2337 1373 2409 Harum
1397 2340 1498 2410 tertia
1515 2341 1711 2412 minusdin
1725 2341 1866 2426 floruit,
1891 2341 2050 2413 fortassis
2064 2365 2123 2414 ar·

88 2442 292 2514 studiorum
308 2443 352 2512 ad
370 2467 455 2514 suae
468 2445 624 2517 familiae
637 2460 794 2538 posteros
807 2447 907 2518 velut
918 2445 957 2518 in
966 2440 1085 2539 Aegy·
1134 2440 1202 2510 mis
1219 2441 1406 2512 crmcentis
1419 2439 1579 2514 Romani
1591 2442 1735 2535 imperii
1751 2442 1928 2534 dissipata.
1981 2442 2024 2514 ln
2038 2445 2124 2514 reli·

88 2555 154 2636 pto
179 2545 224 2614 ad
236 2540 397 2634 Collegia
414 2548 636 2619 sacerdotum
658 2547 839 2646 prospexit
860 2549 1084 2640 profuturam
1134 2543 1214 2636 quis
1234 2545 1390 2629 duabus,
1412 2556 1453 2613 ut
1472 2544 1547 2612 dixi
1562 2543 1715 2637 amplius
1728 2544 1828 2624 mille
1841 2545 2004 2616 ducentis
2018 2546 2123 2618 anuis

90 2667 187 2730 esse,
218 2645 454 2716 vindicandae
477 2649 698 2742 tuendaeque
719 2649 866 2740 puritati
889 2649 1085 2732 doctrinae,
1134 2645 1250 2715 studia
1271 2644 1408 2714 medica
1428 2659 1464 2716 et
1478 2640 1725 2716 mathematica
1744 2645 1952 2735 riguerunt,
1974 2647 2123 2738 posteris

89 2761 123 2818 et
153 2745 319 2816 arcendis
345 2760 450 2840 atque
475 2748 686 2820 amoliendis
709 2750 954 2820 occasionibus
974 2773 1085 2818 nova-
1134 2745 1336 2837 Aesculapii
1350 2770 1389 2815 ea
1404 2747 1735 2836 gubernantibuset
1748 2747 1912 2837 religiosa
1926 2748 2123 2820 fidemaio-

91 2872 173 2918 rum
204 2849 497 2939 corruptelarum.
566 2847 704 2919 Nomen
735 2846 938 2942 Aesculapii
968 2848 1085 2942 Aegy-
1133 2869 1214 2916 rum
1236 2848 1398 2936 dogmata
1423 2861 1459 2919 et
1481 2849 1621 2919 decreta
1637 2849 1820 2920 tuentibus
1835 2849 2123 2922 accustodieuti-

90 2949 209 3038 ptium
223 2970 369 3038 prorsus
384 2963 456 3035 est,
480 2950 657 3044 quidquid
669 2947 796 3022 Graeci
810 2950 1085 3022 comminiscan-
1133 2948 1212 3020 bus.
1264 2945 1307 3018 ln
1321 2944 1397 3019 Coo
1417 2962 1542 3018 natam
1557 2947 1810 3042 Hippocratem
1833 2950 2009 3021 decimum
2024 2963 2123 3026 oeta·

89 3064 168 3135 tur,
194 3062 232 3120 et
245 3050 302 3118 vel
317 3074 357 3120 ex
373 3049 585 3144 oezKeleph
599 3053 812 3134 conflatum,
839 3053 895 3123 vel
910 3077 952 3122 ex
970 3049 1085 3126 nosch
1133 3073 1218 3118 vum
1240 3051 1286 3120 ab
1306 3044 1517 3141 Aesculapio
1539 3052 1707 3123 referunt.
1762 3049 1847 3124 Post
1869 3049 2123 3143 Hippocratem

90 3145 252 3242 Keleph,
284 3151 414 3222 alludit
441 3156 486 3223 ad
516 3177 577 3238 ea,
608 3178 701 3248 quae
730 3157 775 3224 de
800 3178 903 3246 capra
928 3167 963 3224 et
987 3178 1085 3239 cane,
1134 3173 1225 3240 pene
1246 3151 1394 3221 ultimos
1414 3151 1554 3244 reperio
1573 3151 1807 3244 Praxagoram
1827 3168 1866 3227 et
1885 3150 2123 3238 Aristotelem,

91 3276 248 3345 quorum
271 3250 334 3323 illa
357 3255 531 3340 nutritus,
557 3251 626 3325 hoc
648 3257 843 3328 custoditus
862 3257 1024 3347 lingitur,
1051 3269 1085 3325 ct
1133 3253 1173 3320 in
1201 3251 1333 3346 quibus
1362 3254 1518 3325 familiae
1546 3254 1746 3341 desierunt,
1780 3256 1837 3328 vel
1864 3256 2124 3339 deficientibus,

90 3356 136 3423 de
156 3353 302 3422 flamma
321 3379 412 3447 quae
429 3379 470 3426 ex
486 3379 528 3427 eo
544 3357 691 3427 invento
709 3357 865 3448 primurn
880 3381 920 3427 ιι
936 3381 1084 3446 conspe-
1133 3344 1191 3424 vel
1214 3355 1511 3445 degenerantibus
1531 3357 1700 3447 posteris,
1723 3371 1759 3429 et
1779 3358 1904 3428 alienis
1928 3359 1966 3427 in
1984 3353 2123 3428 scholas

89 3470 146 3525 cto
170 3454 310 3546 erupit,
341 3455 382 3524 in
405 3455 623 3528 Graecorum
644 3481 708 3528 seu
727 3459 919 3541 fabulosis,
942 3480 1005 3529 seu
1027 3454 1084 3528 hi·
1133 3456 1230 3542 illas,
1263 3480 1303 3526 ac
1332 3456 1530 3528 societatem
1558 3457 1757 3532 studiorum
1788 3459 1924 3543 ascitis,
1955 3459 2121 3552 quicum

89 3555 232 3626 storicis
261 3559 441 3631 annotatis
472 3574 810 3632 commemorantur.
879 3557 966 3629 Filii
993 3560 1083 3629 cele·
1134 3583 1208 3628 uon
1232 3570 1348 3628 essem
1369 3558 1414 3627 ab
1439 3557 1584 3628 ineunte
1605 3573 1716 3630 aetate
1735 3559 1776 3629 in
1798 3556 1855 3630 his
1876 3559 2015 3632 educati
2034 3559 2123 3629 arti·

89 3660 245 3727 hrautur
255 3658 334 3728 eius
348 3661 420 3729 duo
436 3657 650 3754 Podalyrius
663 3673 698 3730 et
707 3655 906 3748 Machaon,
930 3685 1084 3754 qnorum
1133 3662 1221 3747 hus,
1244 3683 1310 3730 nec
1333 3659 1508 3752 principia
1530 3661 1730 3732 seleucum
1753 3660 1845 3733 lacte
1864 3659 2044 3733 nutricum
2059 3683 2124 3732 su-

89 3771 244 3852 uterque
267 3761 486 3851 expeditioni
507 3761 686 3833 Troianae
709 3761 890 3848 interfuit,
911 3765 971 3831 sed
995 3761 1085 3834 alter
1133 3763 1282 3847 sissent,
1305 3761 1500 3831 rectissime
1515 3761 1722 3853 explicatam
1736 3761 1953 3849 doctrinam,
1977 3763 2124 3833 velnon

89 3859 309 3954 Podalyrius
326 3883 405 3931 cnm
423 3859 493 3932 llio
507 3865 625 3934 deleto
639 3863 800 3935 redirent
816 3861 969 3953 Graeci,
993 3879 1084 3936 tem·
1133 3862 1313 3957 asseqmti
1342 3863 1487 3932 inventa
1517 3863 1693 3934 maiorum
1721 3863 1863 3936 inscitia
1891 3889 1932 3935 oc
1959 3864 2125 3949 ruditate,

89 3974 225 4053 pestate
241 3959 378 4056 Syron,
402 3987 495 4058 quae
513 3965 552 4035 in
570 3966 770 4037 continenti
785 3962 910 4037 Cariae
924 3965 1086 4050 ssrbsest,
1134 3967 1191 4036 vel
1214 3979 1255 4036 ut
1278 3963 1399 4055 potins
1420 3988 1522 4050 reor,
1552 3978 1589 4036 ct
1609 3980 1650 4038 ut
1672 3989 1770 4038 nunc
1787 3968 1845 4052 fit,
1869 3967 2064 4039 ambitione
2083 3989 2124 4036 ac

89 4062 284 4135 incolumis
300 4065 458 4150 delatus,
482 4066 534 4136 ihi
549 4066 748 4138 consedisse
764 4070 928 4140 traditur.
983 4065 1086 4140 Alter
1132 4067 1272 4138 malicia
1297 4080 1545 4158 corruperunt.
1613 4067 1663 4138 lta
1683 4069 1835 4154 factum,
1865 4083 1906 4140 nt
1928 4093 2007 4140 enm
2031 4067 2120 4139 esei-

90 4156 273 4233 Machaon
290 4165 330 4235 in
345 4167 459 4256 prelio
476 4168 520 4238 ah
530 4165 705 4264 Euripylo
716 4166 867 4266 Telephi
882 4171 957 4240 tilio
972 4172 1085 4241 inter·
1132 4170 1243 4240 disset
1263 4167 1402 4239 cultura
1425 4181 1459 4239 et
1482 4169 1656 4258 professio
1674 4170 1761 4240 artis
1777 4155 1936 4242 medicae
1950 4168 2124 4240 limitibus

87 4266 202 4334 fectus
224 4279 288 4336 est.
335 4263 425 4338 Eius
447 4268 551 4340 liberi
570 4272 645 4340 nati
669 4285 784 4342 matre
804 4269 968 4344 Anticlea
994 4269 1085 4340 llio-
1132 4272 1288 4342 familiae
1302 4265 1503 4361 Aesculapii
1521 4284 1554 4342 et
1568 4271 1725 4342 cessisset
1741 4271 1888 4358 alienis,
1911 4295 1993 4342 utos
2010 4269 2123 4340 indi·
2272 4293 2274 4298 ·

87 4366 154 4436 clis
179 4364 276 4452 lilia,
307 4369 371 4462 *qni
395 4364 531 4440 Pharas
552 4371 591 4440 in
615 4369 832 4444 Messeniam
853 4373 989 4458 tenuit,
1019 4371 1084 4442 nt.
1133 4387 1251 4444 versas
1273 4372 1347 4441 imo
1370 4371 1565 4444 contrarias
1579 4373 1746 4444 distracta
1761 4374 1970 4466 opiniones,
1993 4395 2033 4442 ac
2048 4371 2122 4442 dis·

87 4461 298 4552 eumachus,
323 4467 522 4560 tinxeram,
547 4467 747 4563 Alexanor,
772 4470 954 4569 Sphyrus‚
979 4473 1082 4566 potiti
1132 4474 1299 4546 sensione
1320 4487 1353 4544 et
1375 4473 1607 4572 discrepantia
1628 4477 1832 4545 decerninus
1855 4476 1958 4546 foede
1971 4475 2121 4544 lacerata

86 4569 195 4639 avitis
229 4570 491 4662 principatibus
529 4575 568 4644 in
599 4571 835 4660 Messeniam,
885 4571 1082 4666 Epidauria
1133 4600 1224 4669 pene
1251 4573 1456 4649 conciderit.
1520 4570 1655 4669 llistque
1685 4576 1832 4647 incertis
1862 4578 1986 4649 iactata
2014 4588 2121 4667 atque

86 4668 316 4762 Aesculapii,
348 4668 520 4745 Pharensi
543 4673 697 4762 Dioclis,
727 4689 838 4748 artem
870 4677 909 4746 ln
931 4675 1087 4748 Graecia·
1132 4679 1260 4770 aginta
1277 4675 1469 4772 dubiisque
1482 4678 1666 4748 sententiis
1680 4703 1737 4749 ars
1749 4678 1970 4750 nobilissima
1984 4678 2029 4746 ad
2044 4673 2121 4748 Ga-

88 4771 224 4865 aritam
253 4785 288 4842 et
312 4775 475 4846 docendo
501 4791 538 4849 et
561 4778 770 4849 medicando
796 4780 1002 4851 factitarunt
1023 4801 1084 4848 us-
1132 4782 1252 4852 lenum
1274 4801 1387 4873 sasque
1407 4779 1470 4873 qui
1491 4780 1656 4851 dimnssis
1680 4803 1720 4850 ac
1735 4779 1894 4850 refutatis
1908 4778 2122 4850 delirantes·

86 4898 158 4966 que
182 4875 228 4942 ad
253 4875 409 4947 reditum
431 4875 702 4952 Heraclidamm
723 4877 763 4949 in
786 4877 1083 4974 Peloponnesum.
1131 4883 1178 4952 tis
1198 4883 1318 4975 inepte
1339 4880 1612 4963 medicantium,
1642 4879 1914 4974 Hippocraticae
1936 4879 2120 4954 doctrinae

86 4973 303 5046 Heraclidae
338 4977 438 5092 pnim
478 4982 631 5072 repetito
670 4995 704 5052 et
740 4997 947 5074 rmssperato
987 4982 1081 5052 avito
1131 4983 1286 5056 nativam
1317 4984 1433 5053 ideam
1461 5007 1504 5056 ex
1535 4982 1632 5052 tricis
1659 5005 1879 5076 asperserum
1912 4998 1946 5055 et
1968 4985 2122 5058 circum-

88 5099 222 5168 rcguo,
266 5101 307 5148 ex
338 5103 410 5171 quo
438 5082 579 5156 fuerant
610 5085 655 5158 ab
686 5079 887 5178 Eurystheo
917 5086 1083 5178 primum,
1131 5087 1287 5156 lasarum
1303 5083 1515 5177 opinionum
1532 5084 1709 5154 evolutam
1725 5098 1831 5177 atque
1849 5087 2045 5175 expeditam
2063 5107 2121 5154 re-

87 5179 282 5258 ettdeinde
311 5174 380 5252 hoc
408 5182 454 5252 ab
481 5183 578 5256 lolao
608 5188 651 5255 in
673 5180 790 5257 Attica
814 5187 1006 5271 trascidato,
1037 5186 1082 5254 ab
1131 5188 1257 5258 stituit.
1306 5186 1376 5260 Sed
1400 5189 1443 5256 ad
1461 5181 1660 5281 Aegyptum
1685 5202 1864 5276 revertor,
1888 5189 1927 5258 in
1940 5211 2011 5283 qua
2024 5187 2121 5256 anti·

86 5277 230 5353 Atridis
261 5294 301 5352 nt
329 5280 581 5358 invadentibus
610 5313 652 5360 ac
683 5287 902 5383 rapientibus
933 5307 1080 5381 regnum
1130 5289 1251 5380 quitus
1274 5289 1538 5377 angustioribus
1559 5287 1736 5358 inclusum
1761 5291 1935 5362 limitibus
1958 5288 2043 5360 solis
2064 5309 2121 5356 sa-

89 5380 307 5472 Argivosum
336 5387 491 5476 ιιιιιιιιὶ,
524 5414 605 5463 eum
637 5389 726 5458 alios
748 5389 986 5484 Peloponnesi
1014 5390 1081 5460 do·
1130 5393 1312 5464 cardetum
1336 5390 1481 5462 familiis
1496 5403 1532 5462 et
1546 5389 1704 5481 collegiis
1717 5391 1948 5464 incumbebat
1962 5387 2124 5461 audium

86 5486 226 5571 minos,
258 5499 299 5560 ut
320 5484 547 5563 Tisamenem
569 5487 711 5564 Orestis
739 5491 853 5562 lilium
875 5493 1023 5588 Spartae
1045 5504 1079 5563 et
1129 5515 1246 5563 rerum
1264 5497 1439 5566 bonarum
1454 5491 1793 5588 aedissipliuarum.
