4696 5820
85 329 167 405 aas
429 289 440 371 ’-
650 281 812 404 nucu
845 321 924 402 un
956 317 1264 401 ouoovtco
1288 310 1558 402 ‘aavaau
2047 339 2125 416 auo

192 499 359 572 Pontifex
381 496 558 572 lohannes
575 497 774 573 Vicesimus
794 495 971 574 secundus
991 521 1079 569 con·
1131 495 1226 566 tibus
1246 493 1379 568 bellum
1400 511 1487 570 arat.
1539 497 1621 570 Non
1643 499 1753 592 igitur
1773 515 1939 576 contstur
1959 507 2122 584 Ludovl-

87 603 205 678 tendit
228 625 265 673 se
290 603 444 673 iudicem
465 625 539 676 esse
561 598 670 674 buius
691 600 963 678 controversiae.
1026 597 1081 672 -Ut
1130 615 1208 684 cus,
1233 613 1275 670 ut
1286 612 1410 684 autea,
1434 603 1497 669 sed
1512 615 1684 694 quantum
1702 615 1833 696 potest,
1856 625 2040 700 pauperat,
2062 638 2120 687 ae.

87 706 193 778 Luns
208 704 325 776 aSole
339 705 461 794 lumen
474 705 619 796 accipit,
644 706 693 776 ita
710 707 910 776 ordinatam
926 727 1001 773 esse
1014 697 1080 772 ho-
1130 700 1234 771 cersit
1257 700 1386 770 auxilia
1410 701 1544 787 vicina,
1571 719 1605 775 et
1626 719 1740 777 armat
1756 728 1846 778 suos.
1898 713 2059 787 Veniunt
2073 714 2118 786 sd

88 808 231 878 minum
264 807 576 898 gubernationem,
615 820 656 878 ut
682 829 702 877 a
733 829 873 878 summo
901 807 1081 876 sacerdote
1130 825 1210 872 eum
1241 797 1417 872 lohannes
1439 801 1517 875 Rea
1538 803 1738 893 Boiemiae,
1776 807 1980 884 Friderieus
2001 813 2119 908 Burg-

89 908 292 1001 lmperator
311 909 535 980 autoritatem
554 901 716 999 accipiat.
768 904 1000 1002 Velie-Deum
1022 929 1081 976 ca-
1130 903 1271 992 gravius
1292 899 1562 994 Noribergensis
1585 920 1619 978 et
1638 903 1815 983 Haurieus
1829 909 1958 985 Comes
1972 913 2119 990 Henne-

89 1025 155 1104 put
188 1034 263 1080 esse
291 1032 467 1080 summum
499 1010 682 1094 interris,
714 1008 813 1080 Petri
834 1031 1080 1092 successorem,
1130 1004 1311 1094 bergensis
1339 1027 1420 1100 cum
1449 1008 1587 1098 magnis
1615 1011 1775 1101 equitum
1799 1009 1913 1104 copiis
1936 1041 1977 1087 es
2000 1020 2118 1092 vicina

89 1113 149 1183 cui
171 1111 308 1182 dictum
328 1124 396 1183 est:
423 1107 509 1182 Tibi
529 1113 623 1182 dabo
640 1111 756 1181 claves
771 1110 872 1201 regni
887 1109 1080 1183 coelorum.
1131 1105 1279 1176 Francia
1296 1119 1330 1176 et
1345 1103 1520 1178 Rbeuana
1536 1132 1598 1179 ora
1613 1111 1786 1194 collectis,
1814 1109 1909 1186 hunc
1926 1121 2118 1191 exercitum

90 1213 199 1285 Item:
226 1210 334 1284 Pare
356 1235 440 1282 oves
462 1235 568 1285 meas.
619 1210 717 1284 Haec
735 1211 910 1305 pontificii
923 1224 1081 1283 oratores
1130 1209 1228 1278 ducit
1243 1205 1448 1280 [rudovicus
1470 1212 1512 1280 ad
1532 1210 1777 1304 reprimendos
1794 1211 2002 1309 Huugaros,
2028 1247 2118 1318 quo-

89 1318 130 1384 in
144 1313 290 1404 Regum
302 1327 337 1384 et
351 1315 391 1384 in
406 1313 614 1407 Principum
628 1313 787 1386 consiliis
800 1311 958 1384 Periclea
973 1331 1078 1403 gran·
1131 1331 1211 1378 rum
1227 1307 1416 1380 crudelitas
1433 1312 1583 1382 maxime
1599 1314 1768 1386 terribilis
1783 1331 1869 1391 erat.
2083 1320 2087 1328 ’

88 1413 311 1510 diloquentia
326 1416 507 1486 tonabant.
1230 1406 1448 1504 Expectabo
1465 1427 1582 1486 autern
1598 1415 1806 1488 Austriacus
1820 1420 1966 1493 fratrem
1980 1421 2117 1516 Lupol-

193 1515 295 1589 Abiit
316 1517 502 1587 biennium
521 1531 599 1609 post
616 1515 823 1588 electionem
838 1514 915 1584 sine
931 1513 1080 1583 dimice-
1130 1512 1218 1580 dum
1244 1514 1477 1584 adducentem
1501 1508 1640 1588 Rhetos
1660 1531 1693 1589 et
1714 1517 1861 1595 Suevos.
1928 1522 1985 1596 Eo
2005 1527 2119 1617 magis

87 1621 205 1690 tione:
229 1622 291 1688 sed
313 1641 410 1688 anuo
435 1619 624 1690 millesimo
642 1615 889 1688 trecentesimo
904 1609 1079 1686 sedecimo
1132 1615 1343 1704 properabat
1361 1613 1564 1687 Ludovicus
1587 1643 1662 1687 nou
1685 1643 1726 1688 eo
1749 1634 1906 1708 tanturn,
1932 1623 2015 1719 quia
2041 1649 2118 1699 tna-

87 1720 293 1809 Fridericus
322 1738 488 1810 magnum
513 1720 704 1790 exercitum
727 1719 772 1786 ad
796 1718 967 1810 oppidum
990 1713 1080 1790 Sue-
1130 1715 1397 1806 iusperieulum
1414 1718 1573 1791 futurum
1588 1734 1681 1800 erat,
1707 1721 1736 1788 si
1750 1720 1937 1814 Lupoldus
1952 1721 2010 1796 sir
2021 1731 2118 1821 peri.

88 1823 168 1890 viae
184 1819 368 1910 Relingam
392 1820 558 1906 adducit,
585 1822 680 1915 quod
705 1833 745 1889 ut
760 1819 849 1887 aliae
864 1821 970 1889 urbes
987 1819 1080 1888 inira
1131 1831 1189 1888 tus
1200 1817 1253 1887 rei
1267 1817 1430 1896 militaris
1444 1819 1645 1891 adduxisset
1653 1817 1791 1893 Rhetos
1803 1838 1839 1894 et
1846 1825 2001 1913 Suevos,
2026 1855 2118 1924 quo-

90 1917 235 1994 Ulmam
259 1923 364 2007 sitae,
397 1925 544 2014 parebat
567 1917 758 1992 budovico.
812 1917 957 1991 Accedit
981 1943 1026 1990 eo
1046 1935 1080 1990 et
1131 1941 1210 1988 rum
1239 1941 1313 1988 non
1340 1932 1415 1989 erat
1443 1924 1741 1992 contemnendum
1764 1926 1890 1996 robur:
1925 1932 2117 2000 sedetiam

88 2023 297 2094 Ludovicus
319 2024 512 2094 instructus
526 2022 637 2114 copiis
656 2023 854 2092 vicinorum
871 2021 1079 2112 Principum
1131 2019 1214 2113 quia
1230 2017 1393 2109 Hungari
1413 2018 1530 2092 adltuc
1550 2024 1665 2094 mauri
1696 2025 1791 2095 iuter
1812 2023 2058 2121 populationes
2083 2047 2119 2103 et

88 2140 124 2197 et
154 2125 297 2194 auxiliis
319 2120 533 2194 Bohemicis.
592 2122 648 2194 lbi
672 2145 751 2193 curn
775 2123 918 2217 utrique
938 2125 983 2191 ad
1008 2122 1079 2193 Ne·
1131 2117 1249 2192 adbuc
1270 2135 1536 2194 contemnentes
1558 2119 1694 2196 bostem
1718 2126 1857 2199 facilius
1879 2132 2034 2223 opprimi
2052 2135 2119 2226 pd-

89 2223 238 2297 cbarum
259 2229 430 2297 accedunt
447 2239 633 2318 aquatum,
658 2225 832 2316 praelium
847 2225 964 2294 subita
979 2245 1081 2294 ocea-
1132 2237 1261 2298 terant.
1308 2222 1399 2294 Cum
1421 2226 1530 2314 igitur
1550 2227 1749 2298 accessisset
1764 2232 1809 2300 ad
1826 2225 1943 2302 hostes
1958 2233 2119 2304 Lndosi-

89 2331 192 2400 sione
213 2329 465 2414 committitur,
491 2329 530 2396 in
552 2350 624 2434 quo
646 2326 769 2396 multis
789 2326 970 2396 nobilibus
993 2320 1081 2396 viris
1132 2345 1210 2410 rus,
1244 2347 1308 2394 nec
1338 2327 1475 2398 cederet
1502 2323 1708 2398 Austriacus
1736 2333 1888 2404 conlisus
1910 2332 2118 2424 liungarico

90 2431 262 2522 utrinque
286 2429 414 2521 partim
435 2430 563 2522 captis,
589 2429 717 2520 partim
732 2427 943 2510 interiectis,
968 2445 1080 2521 aequo
1131 2425 1277 2509 robure,
1301 2425 1897 2522 opponitLudosicusHungarieis
1919 2437 2119 2526 legionibus
2256 2431 2260 2438 ’

90 2547 204 2602 marte
219 2530 410 2611 discessum
428 2547 491 2606 est.
540 2529 638 2600 Haec
650 2530 764 2622 prima
780 2522 950 2622 σύρῥαξις
965 2543 1000 2599 et
1014 2531 1081 2599 do-
1131 2526 1330 2598 Boiernicas
1364 2543 1398 2599 et
1433 2529 1614 2622 ecpritibus
1649 2527 1864 2623 Hungaricis
1896 2535 2118 2610 Fridericum

91 2637 205 2704 loram
227 2633 448 2724 sapientibus
469 2634 585 2716 auxit,
610 2633 672 2722 qui
689 2629 880 2701 Cadmeam
895 2631 1079 2702 victoriam
1131 2627 1389 2719 Rurggravium
1413 2645 1446 2701 et
1469 2629 1758 2722 Hennebergium
1780 2657 1861 2705 cum
1883 2634 2063 2710 Franciels
2084 2655 2121 2710 et

89 2735 316 2820 metuebant,
341 2735 372 2803 si
389 2734 527 2824 saepius
541 2732 790 2812 dimicaretur,
814 2745 848 2800 et
861 2728 979 2802 Duces
994 2753 1080 2802 con-
1131 2727 1317 2803 Rhenanis
1339 2733 1530 2824 equitibus.
1582 2732 1714 2824 Magus
1735 2739 1858 2807 caedas
1880 2740 2051 2834 utrinque
2064 2741 2121 2810 is-

89 2836 264 2907 tantiores
281 2837 324 2904 ad
343 2836 588 2928 praeliandum
601 2833 694 2905 iecit
746 2829 870 2926 ltaque
885 2833 1000 2904 soluta
1015 2834 1083 2902 ob-
1133 2845 1186 2901 cta
1215 2844 1286 2917 est,
1319 2835 1433 2902 donec
1456 2832 1618 2923 Hungari
1650 2837 1744 2928 pulsi
1773 2852 1807 2908 et
1830 2840 1990 2932 dissipati
2023 2856 2117 2915 sunt.

89 2939 231 3008 sidione
253 2932 457 3026 Eslinqeusi
484 2929 720 3030 quadriennio
748 2935 890 3004 nullum
913 2955 1080 3024 maguum
1132 2929 1257 3002 Postea
1272 2934 1407 3026 equites
1421 2931 1599 3005 Austriaci
1615 2935 1871 3031 aliquantisper
1884 2941 2119 3015 deiedd'erudt

88 3039 266 3133 praelium
280 3035 411 3110 iactum
428 3051 494 3128 est.
543 3035 613 3108 Sed
629 3055 724 3106 anno
738 3029 930 3106 millesimo
944 3049 1083 3106 trecen·
1133 3029 1375 3119 Fridericum,
1398 3039 1460 3106 sed
1479 3057 1521 3106 eo
1539 3053 1639 3128 capto
1656 3029 1794 3134 reliqua
1810 3043 2003 3114 multitudo
2018 3045 2120 3138 equi-

88 3141 217 3214 tesimo
233 3152 269 3210 et
285 3135 452 3211 vicesimo
468 3137 670 3208 Fridericus
687 3133 895 3208 Austriacus
910 3129 1081 3210 maiorem
1134 3149 1209 3206 tum
1224 3149 1258 3206 et
1273 3135 1431 3227 peditum
1447 3137 1548 3228 sugit.
1600 3136 1741 3211 Fratres
1756 3144 1829 3213 duo
1844 3141 2028 3237 Principes
2042 3143 2121 3216 Au·

90 3244 284 3314 exercitum
312 3243 357 3311 ad
380 3237 609 3331 Argentorati
631 3238 799 3308 viciniam
821 3241 986 3324 adducit,
1018 3239 1085 3310 ubi·
1132 3237 1269 3322 striaci,
1295 3235 1498 3310 Fridericus
1517 3233 1717 3331 imperator
1745 3257 1779 3314 et
1799 3242 1993 3334 Henricus,
2027 3249 2117 3339 capti

3 3417 10 3424 ,
90 3345 265 3415 dissensio
287 3357 362 3414 erat
385 3343 478 3412 inter
491 3337 707 3434 Episcopum
726 3353 762 3410 et
776 3341 880 3413 cives.
932 3339 1082 3434 Episco·
1133 3353 1227 3410 sunt.
1259 3335 1480 3410 Fridericum
1490 3341 2121 3443 Austriacumcepissedicitureques,

89 3469 158 3539 pus
172 3443 360 3516 Austriaco
382 3465 419 3514 se
438 3445 652 3525 adauxerat,
676 3441 769 3510 cives
785 3439 1007 3512 Ludovicum
1025 3465 1082 3512 re·
1134 3440 1196 3533 qui
1218 3459 1297 3508 eum
1321 3463 1404 3510 mox
1426 3444 1469 3510 ad
1493 3441 1751 3532 Burggraviutn
1774 3450 1932 3520 adduxit.
1983 3449 2120 3542 Lupol-

90 3562 276 3641 ceperaut,
301 3545 365 3639 qui
386 3568 432 3615 ne
454 3545 527 3615 suis
546 3545 697 3626 deesset,
724 3541 822 3612 ducit
839 3551 874 3613 et
892 3543 966 3634 ipse
983 3564 1083 3614 exer-
1133 3544 1201 3612 dus
1220 3541 1340 3612 audita
1365 3544 1457 3614 sama
1479 3545 1590 3614 cladis
1610 3561 1737 3636 magno
1754 3565 1833 3618 cum
1851 3550 1974 3620 dolore
1991 3566 2025 3623 et
2039 3572 2123 3620 suas

89 3651 203 3721 citum
225 3649 270 3718 ad
294 3647 371 3716 loca
393 3647 510 3717 vicina
531 3645 653 3716 castris
675 3644 844 3718 bostium.
902 3642 974 3716 Ubi
997 3646 1081 3738 quia
1133 3642 1252 3733 copisa
1273 3656 1307 3713 et
1326 3644 1512 3738 reliquias,
1538 3669 1628 3738 quae
1650 3649 1695 3716 ad
1720 3662 1799 3718 eum
1817 3647 2120 3730 confluxeruut‘iu

89 3755 199 3822 duces
227 3749 396 3842 utrinque
421 3749 592 3818 uolebant
622 3741 765 3816 haurire
788 3759 975 3836 cognatum
998 3763 1081 3816 san·
1132 3746 1210 3814 loca
1231 3754 1306 3815 tuta
1332 3747 1482 3819 reduxit.
1537 3745 1683 3818 Factum
1707 3763 1761 3820 est
1781 3743 1848 3822 boc
1872 3747 2046 3844 praelium
2062 3753 2122 3823 die

89 3855 253 3944 guinem,
278 3865 407 3922 neutra
426 3871 509 3942 pars
530 3850 575 3919 ad
598 3847 841 3917 dimicandum
861 3849 1081 3938 properabat.
1133 3846 1300 3915 vicesimo
1323 3861 1447 3918 octavo
1470 3847 1706 3940 Septembris,
1739 3875 1834 3923 anno
1851 3849 2122 3928 Mcccxxtlt.
2170 3861 2171 3864 ’

91 3954 135 4025 ln
160 3949 218 4024 bis
241 3953 342 4048 quasi
359 3951 514 4022 induciis
530 3950 785 4043 colloquuntur
799 3949 904 4018 etiam
919 3950 1025 4020 multi
1041 3971 1081 4020 ex
1134 3971 1229 4016 anno
1259 3962 1337 4038 post
1365 3949 1573 4021 electionem
1594 3953 1780 4047 utriusque
1802 3969 1938 4027 octauo.
1987 3955 2121 4028 Hauri-

90 4071 244 4149 utraqne
265 4068 385 4144 parte,
406 4067 440 4124 et
460 4055 504 4122 dc
524 4073 610 4143 pace
636 4052 735 4120 etde
758 4045 933 4140 coniugiis
947 4053 1082 4122 delibe-
1133 4071 1196 4118 cus
1209 4049 1289 4120 Dux
1303 4046 1470 4120 Austriae
1488 4047 1639 4123 iohanni
1654 4049 1745 4144 Regi
1760 4055 1941 4127 Boiemiae
1956 4057 2124 4132 traditur,

91 4173 202 4230 ratur.
255 4151 327 4227 Sed
342 4153 545 4226 Ludovicus
562 4153 776 4223 confirmatis
792 4175 936 4221 suorum
953 4155 1082 4223 animis
1134 4148 1338 4221 Fridericus
1365 4154 1519 4224 triennio
1543 4155 1701 4244 captivus
1723 4173 1880 4230 retentus
1903 4173 1955 4230 est
1978 4157 2016 4228 in
2041 4183 2120 4230 arce

91 4241 356 4350 Argentorati,'
378 4256 525 4327 adducit
549 4255 740 4324 exercitum
768 4275 832 4344 per
856 4255 984 4324 saltum
1006 4253 1082 4324 Ha·
1133 4253 1249 4322 vicina
1264 4254 1395 4344 oppido
1410 4256 1539 4324 celebri
1555 4253 1712 4346 Naburg'.
2237 4337 2240 4346 ι

92 4383 302 4451 gaoensem,
331 4369 367 4429 et
388 4357 547 4429 civitates
577 4357 622 4425 ad
646 4349 816 4426 Rhenum
838 4351 956 4426 munit
977 4377 1082 4448 prae-
1235 4351 1320 4424 Post
1341 4354 1525 4425 victoriam
1545 4355 1889 4450 Ludovicuspaeem
1912 4362 1950 4431 iu
1967 4360 2121 4433 Germa·
2187 4385 2188 4390 ’

92 4463 207 4532 cidiis.
806 4499 816 4520 s
1030 4475 1038 4494 ·
1134 4457 1194 4524 nia
1215 4455 1428 4527 constituere
1450 4471 1596 4526 conatus
1617 4473 1685 4543 est,
1710 4461 1894 4532 confirmat
1915 4465 2040 4534 eorum
2055 4466 2119 4534 be·

196 4561 337 4634 Rursus
363 4559 549 4630 biennium
572 4557 648 4627 sine
668 4555 804 4649 praelio
830 4558 963 4628 maiore
981 4555 1083 4630 abiit.
1134 4556 1391 4650 nesoleutiam,
1416 4555 1478 4650 qui
1500 4574 1602 4630 antea
1625 4579 1705 4629 curn
1727 4585 1768 4630 eo
1784 4561 1963 4635 coniuncti
1979 4567 2119 4638 fuerant

92 4665 163 4737 Sed
188 4687 284 4734 anno
307 4661 496 4731 millesimo
517 4661 760 4730 trecentesimo
779 4673 814 4729 et
828 4659 995 4729 vicesimo
1012 4673 1082 4728 ter·
1134 4672 1169 4728 et
1196 4657 1322 4749 recipit
1351 4659 1588 4746 adversarios,
1621 4662 1684 4754 qui
1713 4684 1750 4732 se
1779 4665 1974 4751 dedebant,
2008 4669 2118 4737 sancit
2260 4745 2268 4750 ,

91 4769 144 4837 tio
168 4761 372 4835 Fridericus
393 4763 599 4834 Austriacus
622 4761 742 4830 decem
764 4761 876 4830 millia
891 4760 1082 4850 Hungaro-
1134 4753 1345 4852 ἀμνηστίαν
1359 4761 1522 4831 omnium
1538 4763 1772 4850 iniuriarum,
1796 4777 1832 4834 et
1847 4766 1960 4837 edicta
1975 4769 2020 4838 ds
2036 4793 2120 4860 pace

93 4889 174 4938 rum
197 4881 234 4937 et
253 4865 381 4957 viginti
405 4864 518 4932 millia
536 4858 805 4934 Austriacorum
830 4862 870 4932 in
894 4861 1082 4933 Bavariam
1133 4862 1314 4958 proponit.
1364 4858 1445 4933 Etsi
1460 4879 1576 4936 autern
1592 4863 1777 4956 Lupoldus
1794 4885 1859 4936 nec
1877 4868 2036 4939 anianum
2052 4867 2120 4941 lto-

92 4972 136 5038 ad
161 4965 345 5038 Muldorff
372 4979 408 5036 et
429 4961 615 5054 Ottingam
638 4964 756 5047 ducit,
789 4964 854 5034 ubi
877 4965 1083 5056 peregrinae
1133 4961 1248 5032 stilem
1272 4963 1438 5053 deponit,
1463 4990 1528 5036 nec
1551 4966 1717 5059 quiescit,
1741 4951 1858 5037 tamen
1875 4974 2049 5063 compesci
2067 4970 2120 5043 ia-

93 5084 215 5161 gentes
232 5069 364 5162 oppida
384 5081 417 5137 et
431 5087 538 5160 pagos
553 5065 770 5156 diripiebant
787 5079 823 5136 et
835 5065 1082 5149 incendebant,
1133 5062 1198 5132 cile
1219 5077 1378 5153 poterat,
1410 5087 1490 5135 cum
1515 5064 1728 5136 Germaniae
1750 5089 1831 5158 pars
1856 5073 1971 5142 maior
1991 5076 2059 5144 iam
2086 5091 2119 5146 et

94 5186 129 5242 et
150 5173 323 5242 inermem
346 5169 486 5240 turbam
502 5168 745 5252 trucidabant,
771 5179 805 5236 et
821 5162 985 5236 honestas
1001 5189 1081 5236 rnn-
1133 5165 1325 5256 tranquilla
1340 5179 1441 5252 esset,
1467 5181 1503 5237 et
1516 5166 1788 5238 cumLudovico
1804 5174 2003 5244 coniuncta.
2047 5175 2117 5246 Sed

94 5273 199 5343 lieres
219 5297 260 5343 ac
281 5272 436 5361 virgines
458 5269 650 5360 rapiebant.
705 5265 777 5336 larn
800 5288 873 5337 non
896 5291 976 5337 cum
994 5269 1082 5337 civi·
1132 5265 1246 5334 iuriae
1274 5267 1474 5357 pontificiae
1501 5291 1582 5336 mox
1610 5291 1652 5338 eo
1683 5293 1778 5342 auno
1811 5287 1914 5364 capto
1936 5274 2117 5346 Friderico

95 5377 164 5446 bus
189 5397 266 5444 non
294 5373 419 5464 procul
447 5370 622 5461 apatria,
656 5369 715 5438 sed
738 5391 818 5438 curu
840 5367 1022 5460 Hungaris
1049 5383 1083 5440 et
1132 5361 1307 5437 Ecclesiae
1333 5369 1584 5441 distraxerunt.
1655 5369 1709 5443 Ea
1738 5375 1918 5444 calamitas
1947 5377 2116 5445 maiorem

95 5477 328 5547 vastationem
357 5471 577 5543 barbaricam
612 5471 649 5538 in
675 5471 792 5540 media
815 5471 927 5563 patria
949 5471 1082 5542 sacien-
1134 5469 1294 5539 dolorem
1318 5484 1352 5540 et
1367 5469 1550 5541 Ludovico
1575 5483 1610 5540 et
1633 5471 1799 5547 omnibus
1818 5469 1975 5546 honestis
1989 5476 2119 5560 attulit,

145 5583 326 5649 Msuarrn.
351 5579 454 5648 Orsa.
480 5574 656 5643 vouxlt.
1483 5614 1486 5625 ,
1558 5573 1605 5645 19
2008 5579 2018 5592 ““
