4696 5820
213 307 290 386 435

858 236 861 242 ¹
976 267 1481 381 ncoiosroionas.

2174 305 2255 382 486

318 477 522 554 Lxxxtlt.
555 473 697 553 Deinde
714 469 760 547 (ιε
771 481 941 570 potestate
955 477 1204 550 ministrorum
1222 471 1231 576 1
1255 451 1436 574 peccatum
1452 475 1618 564 mortale,
1642 467 1783 552 constat
1797 501 1838 551 ex
1851 477 1921 553 hoc
1936 467 2032 552 dieto
2043 475 2183 552 Coloss.
2200 481 2256 551 2:

215 581 405 673 Evangelii
425 580 630 677 quaeritur,
656 580 701 652 de
717 599 787 673 qua
808 573 872 651 usa
895 591 948 651 est
967 593 1121 652 vetustas
1141 576 1208 652 hae

216 685 421 780 partitione.
474 681 558 756 Alia
571 694 624 754 est
638 693 793 778 potestas
807 681 967 762 ordinis,
990 681 1128 754 aliaest
1143 706 1210 774 po-

216 801 321 861 testas
337 783 611 857 lorisdictionis.
660 782 820 855 Potestas
832 782 970 882 ordinis
984 795 1036 853 est
1058 786 1210 855 manda-

217 905 293 963 tum
308 887 461 959 docendi
468 882 666 976 Evangelii,
690 883 963 956 administrandi
972 882 1212 971 Sacramenta,

216 989 425 1064 absolvendi
440 1011 515 1058 non
532 1003 572 1060 ut
587 989 626 1056 in
639 986 787 1073 iudicio,
810 988 870 1058 sed
888 999 929 1058 ot
942 987 981 1056 in
997 985 1210 1072 ministerio,

218 1106 253 1166 et
269 1090 465 1163 ordinandi
479 1090 671 1162 ministros.
724 1086 795 1188 Sed
819 1097 970 1179 potestas
989 1086 1212 1162 lurisdictio-

216 1195 276 1266 nis
300 1207 353 1266 est
374 1191 508 1264 indicia
529 1189 763 1263 ecclesiastico
789 1213 948 1262 exercere
979 1203 1104 1262 eontra
1131 1213 1211 1262 reos

217 1296 451 1380 delictorum,
473 1294 537 1388 qui
550 1292 716 1365 convinci
730 1305 898 1384 possunt,
922 1303 959 1364 et
974 1285 1129 1364 convicti
1142 1315 1212 1386 pu·

218 1397 368 1470 niantor
390 1419 465 1466 non
487 1395 524 1464 vi
547 1393 743 1487 corporali,
764 1395 826 1464 sed
848 1394 1213 1467 excommunicatione

219 1503 334 1573 donee
347 1497 565 1589 resipiscant.
616 1490 681 1566 Est
699 1508 816 1566 autem
832 1509 867 1567 et
882 1495 1037 1586 cognitio
1053 1517 1213 1567 neeessa-

219 1601 294 1687 ria,
314 1600 406 1672 sicut
419 1599 518 1670 iubet
533 1623 601 1668 vor
617 1595 741 1668 divina
755 1592 863 1671 Deut.
882 1598 957 1670 17.:
990 1593 1090 1669 Audi
1106 1609 1140 1669 et
1154 1597 1213 1666 iu-

220 1702 323 1798 qnire
344 1700 551 1790 diligenter,
590 1711 727 1770 etcum
751 1721 874 1770 vemm
897 1700 966 1772 erit
987 1711 1121 1772 certum
1146 1721 1214 1806 pu7

222 1803 300 1874 nies
316 1815 382 1878 etc.
689 1823 692 1830 ·

323 1933 393 2008 Hic
408 1950 527 2008 antem
536 1931 696 2008 Romani
703 1929 873 2028 Episcopi
889 1951 1044 2030 quatuor
1057 1936 1214 2026 insignes

222 2062 360 2113 amores
376 2038 525 2110 addunt.
577 2035 605 2108 1.
632 2035 790 2109 Sumunt
806 2029 1097 2130 sibi'potestatem
1110 2037 1215 2110 insti-

222 2140 348 2214 tuendi
364 2162 478 2211 noros
494 2138 623 2211 cultus.
657 2135 704 2210 ll.
728 2137 817 2212 Item
833 2138 1016 2232 obligandi
1031 2139 1214 2210 conscien-

222 2243 289 2316 tias
304 2254 447 2336 peecato
464 2240 625 2326 mortali,
648 2239 681 2310 si
705 2262 775 2336 qua
795 2241 954 2332 ipsorum
977 2239 1119 2313 traditio
1135 2241 1214 2312 vio-

224 2346 328 2416 letur.
381 2338 448 2416 Ill.
475 2340 565 2414 Item
587 2354 792 2434 potestatem
814 2343 1101 2437 interpretandae
1121 2341 1215 2414 scri-

224 2459 351 2539 pturae
367 2442 554 2516 autoritate
571 2444 678 2533 regia.
730 2442 792 2516 lV.
820 2441 908 2516 Item
926 2459 1132 2536 potestatem
1149 2469 1215 2538 po-

223 2547 358 2618 liticam
372 2545 607 2618 transferendi
620 2545 880 2636 ragnemundi.
919 2545 998 2618 Hae
1012 2547 1119 2618 falsae
1134 2569 1216 2636 per·

226 2647 407 2746 suasiones
421 2646 618 2718 necessario
635 2648 805 2718 taxandae
821 2659 915 2718 sunt.

328 2827 533 2903 LXXXIV.
559 2827 667 2919 Quod
680 2853 755 2902 non
769 2825 924 2904 habeant
936 2843 1142 2926 potestatem
1159 2833 1216 2901 in-

227 2933 399 3007 stituendi
412 2954 526 3005 novos
541 2931 657 3003 cultus
671 2931 739 3002 ulli
753 2925 929 3021 homines,
948 2934 1133 3005 manifesta
1148 2957 1218 3002 vor

226 3033 542 3206 {mmmm
560 3031 634 3104 ta:
665 3031 813 3106 Frustra
826 3035 949 3106 colunt
966 3059 1024 3106 me
1039 3033 1217 3106 mandatis

296 3275 300 3282 v
323 3310 508 3388 Lxxxv.
549 3309 658 3403 Quod
677 3313 886 3386 traditiones
905 3313 1063 3387 bumana
1081 3321 1218 3391 autori-

228 3429 298 3492 tate
325 3416 436 3492 lactas
464 3414 598 3498 violare
623 3428 720 3490 extra
748 3439 871 3504 casum
892 3419 1048 3492 scandali
1073 3423 1216 3496 nonsit

1261 577 1376 650 Nemo
1391 601 1457 650 nos
1472 592 1597 670 arguat
1610 579 1650 652 iu
1666 581 1746 654 cibo
1762 595 1823 654 aut
1838 597 1939 676 poto.

1371 677 1572 756 LXXXVI.
1626 677 1681 753 De
1727 682 2018 778 interpretatione
2058 683 2259 775 scripturae

1262 781 1446 852 sciendum
1468 796 1541 868 est,
1566 779 1741 875 Magnum
1757 785 1948 859 discrimen
1962 808 2036 860 esse
2052 785 2147 860 inter
2162 784 2260 876 poli-

1262 884 1372 955 ticum
1395 883 1568 970 iudicem,
1594 898 1631 959 et
1644 886 1779 958 iudices
1793 889 1832 958 in
1845 886 2004 961 Ecclesia
2021 891 2066 960 de
2079 884 2261 960 doctrina.

1263 983 1419 1074 Quando
1440 985 1496 1056 lex
1520 999 1572 1058 est
1590 987 1763 1078 generalis
1778 1013 1840 1062 sen
1853 983 2036 1082 ambigua,
2061 1003 2178 1082 potest
2195 1009 2259 1057 rex

1264 1107 1326 1158 seu
1340 1100 1484 1182 praetor
1494 1087 1608 1161 iacere
1622 1089 1967 1184 interpretationem,
1991 1105 2028 1166 et
2042 1087 2127 1164 haec
2141 1090 2262 1160 inter·-
2331 1183 2332 1190 ἵ

1263 1191 1415 1281 pretatio
1432 1189 1525 1262 valet
1546 1203 1692 1283 propter
1712 1193 1820 1265 officii
1841 1217 1903 1266 seu
1923 1195 1994 1266 loci
2017 1193 2259 1274 autoritatem,

1264 1289 1360 1380 Quia
1384 1287 1482 1362 Deus
1509 1295 1662 1364 armavit
1692 1295 1937 1386 magistratum
1966 1291 2032 1368 hac
2062 1295 2257 1370 autoritate

1264 1391 1402 1463 ferendi
1429 1413 1511 1464 suas
1542 1393 1655 1486 leges,
1695 1408 1730 1465 et
1755 1397 1912 1468 addendi
1933 1397 2258 1490 interpretationes,

1265 1517 1346 1565 cum
1378 1517 1469 1589 opus
1499 1507 1561 1566 est.
1625 1493 1697 1568 Sed
1719 1496 1853 1569 indices
1878 1500 1917 1570 in
1938 1495 2098 1570 Ecclesia
2119 1493 2257 1568 habent

1265 1596 1515 1687 praescriptam
1529 1619 1651 1668 vocem
1671 1597 1847 1671 divinam:
1874 1603 1920 1672 ab
1940 1596 2010 1672 hac
2028 1620 2259 1696 nequaquam

1265 1693 1520 1769 discedendum
1534 1711 1605 1785 est,
1627 1699 1724 1772 iuxta
1741 1701 1876 1772 dictum
1895 1701 2013 1773 Galat.
2033 1705 2084 1774 1.·:
2117 1699 2260 1792 siquis

1266 1799 1365 1872 aliud
1380 1795 1632 1890 Evangelium,
1655 1801 1776 1884 docet,
1797 1799 1983 1876 anathema
1999 1805 2056 1878 sit.
2105 1801 2257 1891 Semper

1266 1913 1383 1971 antem
1400 1900 1439 1968 iu
1455 1897 1613 1973 Ecclesia
1627 1916 1711 1976 sunt
1723 1904 1835 1999 aliqui
1849 1928 1909 1977 sen
1924 1905 2040 1990 multi,
2065 1925 2126 1974 seu
2137 1901 2260 1994 pauci,

1266 2001 1329 2096 qui
1359 2001 1514 2073 retinent
1546 2003 1748 2092 veritatem,
1788 2017 1828 2076 ut
1851 2001 2057 2090 Zacharias,
2094 2003 2261 2085 Simeon,

1265 2101 1406 2188 Maria,
1430 2099 1629 2177 Elizabetlr.
1681 2101 1773 2176 Com
1790 2105 1900 2196 igitur
1919 2106 2138 2178 conveniunt
2159 2103 2261 2174 indi-

1266 2228 1323 2277 ces
1351 2203 1462 2299 aliqui
1492 2204 1563 2296 pii,
1601 2206 1751 2278 recitant
1776 2206 2103 2302 interpretationem
2136 2225 2262 2275 veram
2331 2221 2332 2224 ’

1267 2319 1438 2402 praeest
1468 2306 1625 2398 ipsorum
1658 2307 1842 2382 confessio.
1898 2309 2009 2382 Multi
2039 2331 2123 2380 vero
2153 2305 2260 2396 impii

1266 2431 1368 2500 saepe
1391 2407 1604 2479 contrariam
1626 2407 1784 2500 lingunt,
1817 2433 1882 2482 nee
1903 2412 2065 2503 obligant
2090 2405 2158 2482 hae
2175 2429 2262 2476 sen-

1266 2510 1398 2582 tentiae
1410 2521 1566 2580 caeteros
1580 2523 1726 2602 propter
1746 2513 1816 2583 loci
1832 2515 2078 2598 autoritatem,
2107 2513 2169 2583 sed
2187 2511 2260 2582 ali-

1267 2611 1330 2706 qui
1344 2610 1477 2682 doeiles
1490 2611 1758 2684 commonefacti
1780 2636 1801 2683 a
1825 2613 1912 2706 piis,
1938 2625 2127 2688 moventur
2149 2615 2259 2684 dictis
2331 2613 2332 2680 ἶ

1267 2708 1486 2805 propheticis
1514 2724 1551 2782 et
1578 2712 1802 2803 apostolicis,
1842 2725 1882 2785 nt
1903 2739 2022 2786 veram
2044 2715 2259 2808 interpreta-

1266 2813 1401 2887 tionem
1425 2813 1706 2904 amplectantur,
1739 2839 1813 2886 non
1837 2829 1983 2910 propter
2002 2837 2170 2910 personas
2193 2831 2260 2890 aut

1267 2915 1338 2986 loci
1367 2913 1610 2998 autoritatem,
1648 2927 1690 2986 ot
1708 2914 1750 2985 in
1772 2918 2011 2988 controversia
2033 2916 2262 2990 samosateni

1267 3025 1458 3086 moventur
1471 3013 1541 3106 pii,
1566 3025 1607 3084 ut
1622 3019 1939 3089 statuantverbum
1963 3041 2037 3090 esre
2058 3041 2261 3111 personam,

1268 3116 1352 3210 quia
1367 3115 1519 3186 andiunt
1533 3129 1626 3186 recte
1640 3119 1871 3208 congruentia
1885 3121 2087 3193 testimonia
2102 3121 2181 3192 sine
2198 3145 2261 3193 so·

1267 3213 1429 3312 phistiea.
1479 3213 1639 3288 Credunt
1654 3217 1764 3310 igitur
1779 3234 1924 3314 propter
1938 3245 2059 3296 vocem
2081 3223 2262 3312 divinam,

1268 3343 1343 3392 non
1358 3328 1503 3412 propter
1517 3317 1664 3395 iudices.

1555 3453 1704 3512 Hortense
1720 3453 1888 3526 Pttttppes,
1908 3459 1963 3515 etr.
