4604 5804
59 288 127 362 777
276 337 281 348 ·
353 347 359 356 .
414 333 417 349 ι
739 275 770 358 1.
818 269 1120 356 mottmtt
1141 267 1394 350 catttoms.
1440 281 1445 289 '
1660 335 1664 352 .
2005 275 2083 352 778

58 458 229 536 tamenin
245 467 351 530 tanta
361 455 569 530 iffirmitate
591 449 750 526 barnam
764 449 997 545 experiuntur
1007 442 1047 520 bi
1100 443 1159 520 bis
1171 445 1241 518 luit
1255 459 1290 518 et
1303 443 1438 518 familia
1449 437 1569 530 Iulis,
1584 441 1720 520 eblulo
1733 385 1932 544 omtquae
1943 469 2092 542 mgnum

59 563 141 656 ipsi,
165 555 326 634 hamana
340 559 491 630 eonsil'm
505 571 541 630 et
558 557 653 628 virm
667 551 842 626 homnae
857 575 932 623 nou
948 549 1048 624 suffi—
1100 546 1216 622 Albae
1230 560 1403 621 tenuerat.
1443 545 1531 620 Ideo
1544 547 1641 622 dixit
1651 546 1845 632 Homerus,
1869 545 2011 624 Anteae
2027 579 2094 647 po·

58 688 134 738 cece
154 665 202 738 ad
229 661 477 736 constituenda
497 673 535 732 et
556 659 746 731 retinenda
764 655 924 750 isapecia.
974 651 1047 726 Sed
1101 651 1295 724 steritatem
1312 663 1539 741 regnaturam
1554 675 1638 726 esses
1684 649 1735 726 Et
1755 652 2036 743 natinatorum,
2060 669 2095 728 ct

50 767 212 842 iatentu
240 773 366 837 omnes
392 784 470 834 aun
500 762 647 844 terion,
680 765 799 832 reram
828 779 903 830 esse
924 777 1048 828 soum
1101 753 1164 850 qui
1180 765 1374 824 metantur
1386 753 1435 823 ab
1447 753 1533 826 illia.
2121 777 2127 789 ·

58 868 237 942 Danielis:
264 863 363 938 Deua
378 866 546 938 masters
560 877 598 936 et
610 861 748 935 stabilit
762 859 923 954 imperia.
1203 850 1239 924 Α
1248 877 1362 926 neus
1381 847 1442 926 M
1444 851 1601 928 artius
1625 877 1740 928 anos
1756 854 1887 948 viginti
1906 872 2073 953 quatuor.
2171 917 2175 926 .

153 968 300 1042 Persica
326 967 487 1062 potentia
514 965 698 1058 complexa
731 977 808 1036 erat
835 957 1048 1032 llormtissi-
1202 950 1510 1058 Tarquinius
1549 949 1747 1030 Priscus
1793 981 1908 1032 annos
1950 961 2096 1056 triginta

59 1097 148 1144 nam
163 1086 305 1166 partem
323 1070 423 1142 orbis
437 1082 633 1155 temanum,
656 1079 693 1140 et
712 1079 788 1138 erat
802 1063 1049 1140 iustruetain-
1101 1073 1247 1155 septen.
1313 1117 1319 1130 .

60 1173 405 1266 pentimnltitudine
423 1183 460 1242 st
481 1164 839 1256 mhtsebontm,
863 1180 898 1239 et
912 1163 1050 1236 divitiis
1204 1156 1236 1234 S
1242 1159 1338 1232 ervi
1345 1184 1399 1232 us
1430 1155 1637 1234 Tullius
1659 1162 1897 1258 quadraginta
1931 1167 2098 1260 quatuor.

61 1275 275 1370 ingentibus.
325 1271 432 1344 lianc
451 1283 587 1344 tantam
607 1271 804 1367 potentiam
819 1267 948 1342 mnis
961 1267 1049 1340 ado-
1100 1257 1265 1338 lnhuius
1278 1277 1458 1366 'meeum
1475 1265 1603 1338 incidit
1615 1279 1761 1336 aurnum
1772 1263 1935 1339 Persicae
1949 1288 2098 1339 monar-

60 1377 208 1463 lescens,
233 1383 341 1448 natus
363 1375 404 1446 in
421 1370 580 1446 horridis
602 1373 787 1447 montibus
803 1367 1050 1456 Macedoniae,
1101 1362 1222 1456 cbiae,
1247 1381 1289 1440 ut
1301 1391 1384 1438 mox
1400 1367 1572 1440 dicemus.
1619 1363 1692 1439 Sed
1712 1367 1900 1442 brevitatis
1913 1391 2018 1442 causa
2038 1365 2099 1442 bic

58 1479 150 1576 qaod
175 1479 259 1552 irari
277 1501 355 1550 non
375 1476 512 1572 potuit,
544 1475 618 1548 nisi
632 1473 712 1550 lleo
734 1489 772 1550 et
791 1485 955 1548 armenta
977 1471 1049 1544 du·
1101 1466 1266 1541 omnium
1278 1491 1401 1560 repom
1417 1465 1668 1542 Romanorum
1682 1470 1831 1542 numism
1845 1471 2047 1548 nummos.

62 1603 151 1668 een,
175 1581 629 1673 ugubemmteeveutus.
1203 1565 1765 1670 TarquininsSuperbus
1779 1570 1909 1664 viginti
1926 1575 2098 1670 quinque.

153 1681 260 1772 Quid
272 1682 548 1764 mirabiliorem,
570 1701 678 1778 quesn
691 1678 821 1752 urbem
832 1671 1049 1758 Romanae,
1101 1671 1172 1746 Hic
1186 1675 1351 1768 expulsus
1368 1686 1422 1745 est
1434 1696 1543 1764 regno
1559 1687 1706 1766 propter
1718 1673 1785 1744 tilii
1800 1675 1928 1761 scelus,
1944 1677 2009 1770 qui
2022 1673 2098 1748 Lu-

53 1805 135 1857 -curn
151 1797 246 1858 esset
261 1783 574 1866 tantumdem,
598 1797 635 1857 et
655 1792 884 1878 quassarem
896 1777 1049 1852 subinde
1100 1776 1247 1848 oratiam
1262 1776 1415 1870 pervim
1433 1787 1699 1870 compresserat.
1752 1773 1796 1848 ld
1812 1778 2013 1870 exemplum
2030 1802 2098 1850 no-

64 1885 265 1959 donesticis
284 1884 494 1968 discordiis,
520 1898 557 1957 et
576 1905 679 1978 saepe
702 1884 750 1955 ab
763 1881 918 1954 externis
933 1875 1049 1952 bosti-
1101 1892 1181 1954 tum
1198 1877 1245 1952 sit
1260 1877 1356 1951 inter
1368 1875 1565 1950 libidinum
1580 1901 1726 1972 menas.

53 1985 125 2064 ‚bue
146 1987 371 2073 vinceretm
403 1999 523 2058 tanten
543 1981 752 2058 monarchia
780 1983 930 2077 potitam
951 1980 1050 2053 essa?
1531 2033 1535 2044 .
1865 2056 1874 2076 ⁸

62 2085 257 2164 annm
285 2087 608 2182 spumantique·
638 2089 747 2158 aueo
769 2085 889 2172 aaa,
918 2084 1050 2156 amu
1276 2049 1345 2123 ¹²⁶
1378 2047 1589 2150 securta
1624 2047 1917 2128 manassem.

64 2204 297 2280 praestantes,
330 2203 543 2264 stercutus
577 2187 810 2278 gubernavit,
842 2183 1050 2272 Camillum,
1166 2181 1211 2256 ln
1225 2185 1296 2256 line
1310 2184 1445 2280 primae
1458 2182 1686 2259 monarchiae
1696 2185 1970 2268 Deusetiaanin
1985 2209 2097 2281 reguo

65 2286 212 2381 Fabios,
246 2291 436 2385 Scipiones
453 2305 520 2364 etc.
579 2290 704 2364 Voluit
726 2287 822 2362 anim
844 2311 969 2382 regum
992 2300 1050 2384 ty·
1100 2281 1325 2382 Babylonico
1352 2309 1511 2360 summos
1537 2311 1637 2380 ceges
1657 2287 1934 2364 Nebucaduezar
1965 2305 2001 2366 et
2022 2292 2100 2366 eius

63 2393 227 2470 nunides
260 2394 410 2488 punire,
441 2407 478 2466 et
499 2393 540 2463 in
568 2415 609 2464 ea
630 2393 721 2466 urbe
740 2391 916 2464 collocare
934 2391 1050 2482 imps-
1101 2387 1215 2491 lilium
1240 2391 1285 2462 ad
1306 2387 1484 2462 Ecclesiae
1510 2391 1713 2466 societatem
1725 2392 1931 2484 ingentibus
1944 2395 2099 2471 miracu·

64 2493 106 2564 sii
129 2519 269 2584 amem,
301 2496 395 2568 sicut
414 2495 588 2588 mripturn
609 2508 678 2568 est:
708 2492 860 2588 Propter
879 2491 1050 2565 iniuriam
1101 2489 1147 2561 lis
1163 2491 1313 2566 vocavit.
1366 2487 1464 2582 Quia
1492 2493 1636 2566 volebat
1661 2489 1719 2566 bis
1742 2495 1955 2569 testimoniis
1977 2510 2098 2570 osten-

65 2615 207 2687 reguum
243 2621 266 2670 a
299 2610 405 2689 pente
437 2597 478 2666 iu
519 2609 660 2688 gentem
702 2597 927 2670 translertur.
1002 2587 1051 2666 Et
1101 2592 1205 2676 dere,
1228 2615 1321 2690 ursae
1335 2592 1449 2668 etubi
1472 2607 1558 2671 tune
1579 2607 1657 2668 erat
1674 2617 1756 2666 vera
1777 2595 1823 2668 de
1841 2593 1919 2668 Deo
1933 2599 2097 2670 doctrina

65 2717 229 2790 magnam.
248 2699 469 2793 opulentiam
489 2721 531 2769 ac
544 2697 740 2790 potentiam
755 2697 973 2769 comitantur
992 2695 1051 2766 lu-
1100 2705 1137 2766 et
1152 2718 1235 2768 vera
1250 2693 1419 2769 Ecclesia.
1469 2694 1563 2772 Cum
1586 2709 1704 2770 autem
1723 2695 1849 2774 tertius
1869 2695 2097 2790 aNabogdo·

65 2819 143 2886 xus,
167 2802 358 2898 superbia,
384 2799 604 2882 discordiae,
630 2811 666 2872 et
686 2797 757 2872 alia
781 2798 932 2886 salem,
959 2817 1051 2892 quse
1101 2817 1212 2868 nosos
1222 2797 1423 2870 restitueret
1433 2796 1542 2888 idola,
1556 2794 1840 2892 etblasplsemiss
1853 2814 1995 2872 canent
2008 2823 2097 2874 con·

66 2921 191 2990 peenas
204 2917 244 2978 et
256 2903 470 2975 mutationes
484 2901 717 2994 imperiorum
730 2894 936 2988 attrahunt,
959 2897 1051 2971 sicut
1102 2911 1159 2970 tra
1179 2921 1306 2980 verum
1321 2897 1460 2988 Deum,
1485 2919 1650 2976 excnuus
1664 2915 1717 2976 est
1738 2925 1781 2974 ex
1804 2925 1936 2994 mgna,
1957 2915 1994 2976 et
2012 2926 2096 2974 sno·

67 3000 195 3078 dotum
226 3018 299 3078 est:
331 3003 429 3076 Nam
454 3015 590 3076 csetem
609 3025 736 3094 mgna,
770 3002 929 3074 lusuries
950 3000 1052 3072 viciis
1102 2995 1250 3072 narchia
1265 3023 1286 3072 a
1304 2995 1553 3077 Chaldaeisasl
1567 3001 1695 3076 Persas
1706 3005 1877 3077 translata
1893 3017 1958 3079 est.
2033 3033 2036 3043 ¹

68 3101 224 3201 odiisque
237 3099 405 3201 snperbia
419 3105 536 3178 vetit.
587 3102 1053 3198 lntuentssigiturinrperia
1204 3100 1282 3174 Hac
1296 3103 1530 3178 translatione
1544 3102 1642 3178 Deus
1662 3105 1769 3176 simul
1785 3119 1821 3180 et
1843 3106 1987 3200 punivit
2000 3099 2096 3180 blat-

69 3206 256 3296 ememus
276 3211 321 3280 de
346 3206 486 3284 iusticia
509 3203 598 3294 Dei,
629 3208 813 3300 punientis
837 3205 986 3288 melosa,
1017 3217 1054 3276 et
1103 3197 1273 3296 plresmm
1290 3205 1705 3298 nemausensem
1733 3208 1932 3282 exulantem
1955 3209 2098 3282 reduxit

69 3303 110 3376 da
123 3309 390 3392 bonitateeius,
416 3309 661 3380 conaemnatis
676 3307 833 3403 aliquam
849 3308 1052 3380 societatem
1104 3305 1145 3376 in
1172 3306 1347 3400 patriam,
1376 3331 1423 3380 ne
1451 3310 1481 3380 si
1509 3310 1593 3381 linis
1619 3333 1695 3380 non
1723 3323 1815 3384 esset
1843 3310 2097 3402 dissipationis,

6 3437 7 3442 ¹
70 3412 198 3496 teneris
230 3407 381 3484 bumani
409 3423 445 3482 et
472 3409 657 3496 ordinem,
690 3421 731 3480 art
752 3407 873 3498 colligi
894 3403 1053 3478 Ecclesia
1104 3403 1348 3496 genslndaea
1367 3409 1531 3480 tunetms
1554 3409 1705 3502 periret,
1736 3435 1843 3511 quam
1866 3412 1980 3484 voluit
1999 3409 2097 3484 Deus
2135 3447 2139 3453 ·

70 3512 191 3600 pouit,
215 3525 253 3585 et
273 3513 368 3584 seris
387 3511 579 3604 gemitibm
598 3523 782 3604 petamus,
805 3524 847 3583 ut
869 3509 932 3580 det
947 3506 1053 3580 nobis
1104 3501 1237 3580 habere
1253 3521 1386 3582 cerum
1399 3511 1518 3582 sedam
1531 3523 1569 3582 et
1583 3510 1756 3602 politiam,
1777 3525 1817 3584 ut
1830 3512 1992 3596 sciretur,
2005 3535 2096 3608 quae

70 3610 231 3688 ulubris
254 3614 425 3708 imperia,
452 3627 489 3685 st
511 3635 716 3701 mamus,
739 3635 786 3684 ne
807 3609 939 3684 nostris
952 3610 1054 3682 irno-
1104 3622 1140 3684 et
1157 3609 1222 3682 ubi
1246 3622 1336 3682 esset
1355 3635 1440 3684 vera
1458 3613 1503 3684 de
1518 3607 1596 3686 Deo
1621 3611 1783 3686 doctrina
1805 3626 1840 3685 et
1859 3611 2035 3697 Ecclesia,
2060 3628 2097 3687 et

71 3710 164 3788 tibus
177 3718 381 3794 turbentur.
1103 3711 1168 3784 ubi
1183 3711 1291 3794 vellet
1312 3713 1431 3800 nasci,
1453 3713 1611 3807 conspici
1636 3727 1671 3786 et
1697 3713 1815 3786 audiri
1830 3712 2011 3790 Messinm.

163 3819 279 3891 Initio
304 3817 422 3894 Roma
448 3817 642 3908 gubernata
668 3828 721 3887 est
743 3837 765 3888 a
791 3814 955 3906 sepibus,
987 3836 1054 3886 an·
1206 3811 1362 3908 chatur
1391 3828 1510 3888 autem
1536 3817 1632 3909 apud
1657 3815 1843 3888 Danielem
1876 3812 2024 3891 historia
2050 3819 2096 3891 de

73 3935 134 3989 nos
152 3919 240 4009 244,
257 3933 349 3993 ‘teste
369 3918 493 4006 Livio,
518 3941 625 4014 quem
650 3917 691 3988 in
712 3915 877 3992 Romana
903 3912 1054 3988 historia
1105 3938 1209 3988 causa
1228 3917 1421 4016 translatap
1439 3913 1683 4005 monarchiae,
1707 3920 1752 3989 de
1767 3914 1996 4014 blasphemiis
2009 3919 2097 3994 Bal-

74 4021 412 4114 thuimtiss'enum
430 4035 495 4094 est.
546 4019 655 4114 Apud
676 4013 793 4114 ipsum
814 4019 921 4092 etiam
932 4038 1053 4090 rerum
1105 4011 1503 4106 dassari,ctde1nanu
1519 4020 1707 4098 scribentis
1726 4021 1767 4091 in
1780 4023 1914 4115 pariete
1930 4024 1999 4094 tria
2014 4046 2096 4096 vcr-

75 4133 243 4206 gestarum
266 4125 381 4197 series⁴
399 4124 547 4214 legenda
577 4136 648 4210 est,
680 4136 717 4195 et
744 4121 1055 4207 considerandum,
1104 4120 1170 4202 ba,
1195 4143 1286 4214 quae
1307 4121 1528 4216 significant,
1552 4123 1773 4194 circumactis
1792 4125 1949 4218 periodis
1967 4145 2096 4216 regno·

74 4224 217 4300 crevisse
231 4227 428 4320 potentiam
440 4225 531 4296 ioris
542 4225 690 4296 militari
705 4223 827 4296 labore
843 4236 879 4295 et
892 4221 1054 4316 discipli·
1104 4245 1185 4294 rum
1198 4222 1344 4298 deficere
1358 4224 1601 4312 autoritatem,
1625 4236 1661 4295 et
1676 4248 1759 4296 mox
1775 4227 1876 4319 sequi
1889 4225 2096 4316 discordias,

76 4339 133 4392 na:
159 4329 259 4400 domi
276 4353 361 4400 vero
378 4327 551 4400 modestia
569 4338 603 4396 et
618 4325 757 4400 iusticia
774 4324 1054 4417 gubernationis,
1105 4347 1195 4420 quae
1223 4337 1308 4398 runt
1336 4326 1502 4418 exitiosae
1524 4326 1698 4420 imperiis.
1755 4323 1946 4416 Quomodo
1976 4341 2097 4410 autem

77 4433 108 4490 et
121 4431 286 4502 ordinum
309 4455 350 4502 ac
368 4451 520 4503 onerum
534 4428 775 4504 distinctione.
827 4426 953 4498 Postea
968 4449 1054 4519 pro-
1105 4440 1305 4518 congruant
1315 4428 1570 4522 appellationes
1583 4424 1937 4520 regrrmPersicorum
1950 4427 2094 4502 aGrae-

77 4535 149 4610 lltt·
176 4532 400 4628 tyrannidem
427 4545 464 4603 et
490 4527 661 4602 libidines
687 4531 827 4623 pulsam
851 4547 925 4599 esse
947 4526 1053 4602 iami-
1105 4527 1156 4600 cis
1172 4529 1355 4613 recitatae,
1378 4531 1425 4602 ad
1438 4527 1624 4604 Danielem
1646 4527 1860 4616 effledcam,
1882 4529 1987 4604 initio
2011 4531 2094 4604 bre·

78 4618 156 4704 litut
175 4633 327 4725 regiam,
356 4631 661 4724 sicutsaepisaime
674 4655 799 4703 musae
813 4629 1055 4704 mutationum
1104 4631 1197 4702 viter
1210 4630 1339 4706 dicam.
1868 4687 1871 4694 .

79 4721 115 4794 in
135 4729 292 4826 impen‘is
312 4735 483 4808 libidines
505 4736 669 4820 fuerunt,
699 4733 950 4805 iuxtrdictum
969 4731 1055 4803 uni·
1207 4729 1337 4803 Graeci
1350 4731 1511 4806 Persicos
1525 4733 1641 4828 Reges
1657 4735 1707 4807 sic
1724 4747 1931 4807 numerant:

79 4833 219 4909 versele:
247 4833 381 4908 Omnis
394 4837 512 4909 anima
528 4859 620 4932 quae
634 4835 757 4908 iecerit
771 4833 1054 4907 abominationes
1156 4825 1312 4930 Cyrus
1331 4837 1494 4926 regnavit
1507 4847 1622 4910 annos
1638 4837 1767 4929 viginti
1784 4859 1927 4910 novem.

81 4917 156 5018 het.
180 4939 429 5017 eradicabitur.
480 4938 555 5012 Hic
576 4938 734 5010 breviter
757 4936 904 5008 nomina
926 4956 1051 5026 regum
1156 4927 1411 5032 Cambyses
1435 4963 1549 5012 annos
1569 4954 1721 5034 septem,
1745 4937 2066 5036 mensesqnins'pna.

82 5029 322 5117 adserimus,
1154 5032 1359 5128 Darius,
1386 5039 1482 5113 filins
1495 5040 1691 5135 Histaspis,
1724 5063 1845 5116 annos·
1857 5042 2003 5136 triginta
2022 5065 2092 5116 sex.

172 5133 403 5214 Romulus
423 5140 585 5231 regnavit
597 5162 712 5214 annos
725 5135 872 5232 triginta
885 5151 977 5211 octo.
1154 5132 1336 5213 Xernes
1360 5165 1474 5214 annos
1496 5141 1636 5234 viginti.

172 5235 223 5318 N
222 5267 324 5316 uma
338 5265 453 5317 annos
467 5240 700 5336 quadraginta
715 5255 799 5317 tres.
1157 5237 1454 5318 Artaxerxes
1475 5244 1720 5336 [longimanus
1737 5245 1983 5342 quadraginta

168 5337 370 5430 Tullius
392 5339 643 5414 Hostilius
666 5342 813 5434 triginta
831 5341 933 5415 dnos.
984 5339 1056 5414 llic
1156 5339 1347 5418 Durius
1371 5341 1562 5420 Nullius
1584 5335 1832 5422 novendecim.

77 5427 353 5534 licissimum,
374 5442 672 5518 moisesRomam
681 5444 971 5538 migrarecoigit.
1010 5443 1055 5515 ln
1159 5441 1458 5524 Artaxerxes
1483 5451 1658 5528 Mnemon
1671 5451 1919 5548 quadraginta·

119 5533 308 5622 Macares.
335 5553 442 5668 (lara.
466 5551 552 5620 vos.
577 5549 657 5620 ΧΠ.
1406 5549 1458 5627 50
