4706 5818
135 241 232 318 aoso
558 189 562 204 '
691 227 722 306 1.
770 213 1063 306 cunomcos
1096 221 1344 312 cantoms.
1396 227 1523 306 rans
1547 227 1597 302 ιι.
2007 263 2009 270 >
2050 230 2147 305 1090

133 416 210 486 eius
231 405 313 482 liliis
338 404 460 480 oculos
492 399 625 474 effodit.
675 392 918 472 Patriarcham'
941 397 1118 472 verberari
1169 398 1273 472 etin
1302 397 1496 472 Germania
1524 400 1715 472 modestiae
1745 401 1944 493 exemplum
1978 403 2147 474 ostendit.

134 513 255 600 iussit,
279 523 314 582 et
331 505 536 600 impositum
559 501 659 572 asino
683 522 851 570 conversa
871 500 1017 572 faeiead
1035 521 1119 571 cau·
1168 498 1369 572 Saronibus
1390 501 1464 573 acie
1486 501 1586 572 victis
1607 501 1712 575 etiam
1737 501 1785 573 ita
1813 515 1881 593 pax
1903 503 1983 574 data
2002 515 2073 583 est,
2107 517 2148 574 ut

134 618 235 698 dam,
259 633 365 705 qnam
381 607 547 682 manibus
561 611 706 686 teneret,
731 595 975 672 circumvehit.
1026 597 1117 671 Cum
1168 623 1232 671 suo
1253 593 1412 676 contenti
1437 597 1530 672 nihil
1549 602 1745 675 adimerent
1768 623 1877 691 reguo
1894 599 2088 688 Francicu,
2112 591 2148 672 et

113 712 299 803 -Bulgaris
323 708 422 779 varia
455 705 560 797 gessit
582 703 688 774 bella.
744 697 907 770 Tandem
932 715 1118 796 postquam
1167 700 1240 772 suis
1261 700 1398 791 legibus
1420 703 1598 788 viverent,
1628 715 1766 774 tantum
1787 704 1979 796 quotannis
1993 705 2148 774 adduce.

134 813 269 884 variam
284 807 528 882 crudelitatem
544 801 716 882 exercuit,
742 801 867 872 morbo
881 815 1042 874 mortuus
1057 813 1118 873 est.
1168 815 1248 872 rent
1282 803 1328 873 ad
1364 825 1482 895 regern
1515 802 1725 875 Francicum
1758 815 1931 878 trecentos
1959 805 2149 877 bellatores
2178 858 2182 864 .

134 911 252 1006 Ipsius
266 926 424 1002 tempure
440 907 545 978 desiit
560 897 778 973 Exarclaatus
794 901 833 969 in
859 899 979 983 ltalia,
1006 915 1041 972 ct
1057 900 1119 971 Pi·
1168 925 1286 998 equos.

125 1015 242 1107 pinus
253 1011 349 1082 filius
363 1005 484 1079 Caroli
499 1003 659 1076 Martelli
679 1025 759 1074 curn
778 1001 903 1072 luisset
922 999 1041 1072 Maior
1053 1003 1118 1071 du·
1268 1003 1302 1072 A
1319 999 1448 1095 Pipino
1471 1003 1576 1075 etiam
1598 1005 1758 1075 scribunt
1777 1027 1954 1078 summum
1970 1001 2148 1076 ludicius„

134 1138 215 1185 mus
235 1133 349 1184 annos
371 1111 511 1194 decem,
536 1125 711 1176 consensu
732 1100 924 1174 Procerum
941 1103 1053 1174 tactus
1068 1115 1119 1172 est
1167 1102 1207 1172 in
1224 1100 1364 1196 Gallia,
1386 1106 1483 1197 quod
1500 1097 1782 1176 Parlamentum
1804 1105 2013 1190 nominant,
2036 1104 2149 1176 Lute-

133 1240 196 1284 rex
203 1212 421 1285 Francorum
436 1231 531 1278 anno
541 1200 676 1276 Christi
692 1203 998 1295 septingentesima
1011 1201 1118 1296 qnin-
1166 1204 1236 1274 tiae
1252 1202 1357 1274 initio
1375 1206 1604 1277 constitutum
1622 1228 1717 1292 esse,
1741 1208 1837 1300 quod
1859 1205 2031 1300 sapientia
2051 1206 2148 1276 iudi·
2249 1197 2252 1207 “

135 1313 338 1406 quagesima
366 1309 494 1401 primo.
551 1303 729 1378 Scribitur
757 1300 914 1375 Romani
935 1301 1119 1374 Pontificis
1167 1329 1266 1386 curn,
1301 1304 1428 1374 ordine
1456 1305 1687 1396 cognitionis,
1725 1307 1907 1378 severitate
1932 1307 2146 1379 executionis

135 1411 326 1491 Zachariae
349 1408 536 1482 autoritate
559 1425 721 1496 proceres
736 1404 935 1475 iuramento
950 1403 1118 1474 liberatos
1165 1406 1271 1493 longe
1288 1405 1465 1476 antecellit
1481 1407 1647 1478 omnibns
1661 1405 1803 1478 iudiciis
1824 1407 1862 1476 in
1877 1429 2004 1498 genere
2019 1402 2148 1479 lauma-

135 1514 290 1605 coe‘gisse
311 1509 553 1594 Hilderieum,
584 1518 624 1577 ut
646 1505 783 1594 regium
810 1527 940 1574 nornen
961 1507 1118 1594 depone-
1166 1531 1225 1576 no.
1277 1501 1374 1575 Haec
1394 1530 1478 1576 vere
1499 1502 1641 1578 heroica
1664 1521 1766 1593 sunt,
1790 1507 1881 1578 iusta
1899 1509 1999 1586 ,betta
2016 1531 2147 1598 gerere,

134 1627 199 1688 rat.
250 1609 433 1681 Hilderico
458 1608 497 1675 in
517 1605 770 1675 monasterium
792 1604 931 1674 incluso
948 1601 1117 1695 Pipinnm
1166 1619 1201 1678 et
1217 1607 1255 1676 in
1278 1607 1426 1678 victoria
1446 1608 1621 1678 iusticiam
1646 1621 1680 1679 et
1694 1607 1901 1681 modestiam
1916 1609 2087 1693 retinere,
2111 1619 2149 1677 et

134 1711 340 1784 Boniiacius
359 1707 550 1780 Suessione
567 1701 762 1774 coronavit.
812 1700 951 1774 Deinde
967 1703 1117 1796 Pipinus
1165 1707 1320 1796 legitima
1343 1707 1474 1779 indicia
1499 1710 1685 1800 profutura
1706 1708 1772 1781 toti
1795 1709 1991 1800 posteritati
2015 1709 2149 1781 eonati.

134 1813 246 1883 bisin
262 1810 398 1882 ltaliam
421 1818 566 1878 vocatus
587 1817 639 1874 est
660 1813 782 1874 contra
796 1799 1116 1894 Langobardorum
1165 1821 1274 1879 tuere.
1325 1806 1422 1879 llaec
1442 1807 1630 1901 praecipua
1652 1823 1755 1896 sunt,
1785 1832 1876 1903 quae
1897 1809 1935 1878 in
1951 1803 2149 1880 Occidente

136 1937 254 2004 regem
272 1908 465 1982 Astulium.
516 1904 561 1977 ln
582 1913 733 1996 utraque
755 1907 978 1993 expeditione
992 1906 1117 1975 mode-
1166 1899 1642 2002 Copronymitemporeacta
1661 1923 1753 1986 sunt.
1806 1904 2148 1982 interesinorien.

135 2015 202 2084 stia
227 2010 347 2104 Pipini
370 2030 453 2078 vere
480 2003 621 2078 heroica
651 2003 736 2088 suit,
768 2026 872 2094 quam
892 2003 1050 2073 fortassis
1074 2024 1116 2071 eu
1165 2017 1201 2076 te
1218 2027 1259 2075 ex
1273 2008 1392 2078 Portis
1407 2006 1544 2099 Caspiis
1560 2010 1663 2080 effusi
1676 2007 1814 2082 Turcae
1835 2011 1874 2081 in
1896 2006 2097 2083 Colchica„
2113 2021 2148 2078 et

136 2113 270 2183 maiore
293 2132 376 2182 cura
404 2106 596 2198 praestitit,
629 2100 713 2196 quia
739 2099 809 2170 luit
833 2099 999 2170 educatus
1022 2102 1117 2192 apud
1166 2100 1373 2174 Armeniam
1389 2105 1605 2197 irruperunt,
1629 2109 1693 2176 ubi
1709 2123 1742 2177 et
1760 2137 1841 2183 cum
1850 2110 2152 2202 Saneennprao

134 2235 251 2303 regem
275 2209 534 2281 Lutbrandum.
585 2199 670 2272 Ideo
690 2199 741 2272 sic
761 2197 939 2270 consuluit
956 2198 1053 2290 Paci,
1076 2211 1119 2270 ut
1167 2203 1349 2274 liatisunt.
1397 2199 1500 2273 Hanc
1522 2204 1630 2275 luisse
1644 2227 1783 2275 causam
1798 2206 1979 2288 existimo,
2003 2209 2149 2280 cursa.

135 2336 284 2404 regnum
292 2308 610 2400 Longobardurum
627 2325 703 2373 non
716 2299 899 2386 deleverit,
921 2321 961 2370 ac
975 2323 1021 2370 ne
1036 2299 1116 2392 qui·
1165 2304 1284 2373 raceni
1315 2304 1483 2374 adversus
1512 2301 1776 2398 Goprnnymnm
1803 2301 1898 2375 nihil
1918 2307 2150 2378 memorabile

135 2415 218 2484 dem
239 2409 426 2500 vestigium
449 2408 487 2476 in
516 2405 616 2477 ltalia
641 2398 876 2492 occupaverit.
927 2399 1118 2492 inpriore
1168 2403 1313 2494 egerint.
1364 2399 1442 2474 Etsi
1464 2415 1580 2474 antem
1596 2403 1766 2476 Mauricii
1786 2417 1945 2500 ternpore
1960 2407 2053 2476 bella
2069 2429 2149 2496 ges-

134 2511 358 2605 expeditione
388 2532 467 2578 cum
498 2505 680 2576 Astulium
702 2499 823 2571 Ticini
851 2499 1118 2572 circumsessum
1166 2519 1289 2576 serunt
1306 2501 1445 2574 Turcae
1467 2503 1750 2594 contraPersas:
1776 2518 1895 2577 tamen
1915 2507 1999 2600 quia
2020 2521 2148 2578 tunca
2214 2569 2217 2581 ,
2272 2569 2274 2572 .

135 2613 305 2704 coegisset
327 2607 694 2704 montanensem,
719 2599 1025 2687 dtilwbifdlbffl,
1051 2595 1118 2671 hae
1166 2605 1282 2676 Persis
1295 2604 1444 2695 repressi
1461 2618 1563 2689 sunt,
1587 2627 1629 2675 ea
1644 2607 1781 2698 eruptio
1797 2607 1917 2679 minus
1934 2606 2082 2679 celebris
2096 2621 2149 2678 est
2221 2687 2227 2700 g

134 2713 299 2806 pactione
323 2722 510 2780 contentus
531 2731 612 2775 mox
634 2706 673 2774 in
701 2701 851 2794 patriam
872 2701 989 2775 rediit.
1046 2699 1116 2773 Sed
1166 2729 1273 2800 quam
1294 2701 1380 2776 bace
1400 2707 1572 2791 secunda,
1603 2705 1643 2776 in
1667 2731 1737 2802 qua
1760 2707 1914 2799 primum
1938 2707 2148 2779 saracenica

135 2813 264 2885 Astulfi
284 2810 412 2880 ferocia
435 2807 546 2898 magis
567 2806 706 2877 irritata
728 2825 833 2896 quarn
854 2823 1010 2890 repressa
1037 2801 1116 2872 luit.
1165 2829 1263 2876 arma
1277 2807 1412 2897 experti
1424 2820 1523 2892 sunt,
1548 2806 1691 2899 quaein
1707 2819 1863 2901 tempora
1878 2806 2148 2904 Copmnymiet

134 2915 221 2985 Post
244 2909 378 2982 abitum
400 2907 522 3000 Pipini
543 2899 705 2977 Astult'us
736 2915 857 2972 eontra
881 2917 982 2994 pacta
1003 2901 1117 2972 mains
1166 2905 1285 2997 Pipini
1302 2905 1477 2980 incidunt.
1528 2904 1621 2978 Sunt
1635 2921 1751 2979 autern
1771 2923 1910 2980 montes
1923 2907 2043 3001 Caspii
2058 2910 2148 2992 vici.

134 3015 270 3084 bellum
285 3023 416 3093 movet,
439 3008 538 3078 ducit
551 3005 741 3077 exercitum
756 3003 800 3072 ad
817 3003 943 3074 urbem
951 2999 1117 3089 Romam,
1165 3007 1205 3076 ni
1227 3007 1382 3094 iberiae,
1415 3006 1480 3078 ubi
1502 3029 1599 3077 nnnc
1623 3021 1764 3102 quoque
1786 3023 1870 3080 sunt
1888 3011 2014 3081 uberes
2036 3034 2148 3086 venae

135 3129 170 3184 et
193 3112 332 3184 obsidet
347 3133 423 3180 eam
439 3123 508 3178 tres
524 3129 673 3182 menses.
724 3103 815 3176 Cum
838 3116 955 3175 autem
967 3101 1117 3194 Pipinus
1165 3107 1371 3183 metallicae.
1423 3106 1542 3196 Quare
1565 3107 1680 3176 dictos
1701 3128 1775 3176 esse
1797 3111 1958 3176 existimo
1974 3111 2074 3198 quasi
2088 3133 2148 3183 ῃ.

136 3214 297 3284 rediisset
316 3211 355 3278 in
374 3207 536 3292 ltaliam,
557 3205 727 3297 relinquit
745 3204 965 3276 obsidionem
979 3187 1117 3277 Romae
1166 3221 1327 3298 gemens,
1350 3203 1584 3300 quiaKesepb
1602 3220 1784 3297 argentum
1801 3205 1982 3295 significat.
2000 3271 2001 3274 ,
2021 3203 2148 3294 Quan-
2217 3285 2237 3297 ,ι

137 3311 300 3387 Astuiius
314 3321 474 3378 metuens
496 3327 605 3396 regno
621 3299 904 3392 Longobardico.
955 3295 1025 3367 Hic
1041 3321 1116 3366 rna·
1166 3311 1213 3371 do
1236 3321 1353 3375 summ
1370 3307 1510 3378 'l'urcae
1533 3307 1719 3379 Saracenis
1741 3307 1937 3400 eripuerint
1957 3305 2147 3399 imperium
2197 3325 2200 3330 ·
2240 3328 2247 3358 t

136 3415 190 3510 gis
212 3407 427 3502 conspicitur
450 3404 622 3476 modestia
645 3399 782 3495 Pipini:
822 3411 960 3470 tantum
982 3397 1118 3490 priores
1165 3398 1291 3487 Asiae,
1315 3411 1436 3492 postea
1450 3398 1620 3472 dicemus.

137 3511 360 3586 conditiones
379 3505 475 3600 pacis
494 3505 627 3575 servari
649 3500 823 3596 postulat,
848 3499 948 3569 iubet
969 3514 1116 3569 conten·
1362 3567 1367 3578 ,
1496 3563 1502 3582 ι

127 3630 214 3695 'lum
230 3633 304 3682 0⁸⁸²
320 3622 467 3701 Ρθῑθΐΰο
483 3614 610 3696 Νξηῡ,
636 3619 669 3674 0¹
685 3603 863 3673 abtfinere
876 3599 922 3670 ab
934 3600 1024 3670 urbe
1039 3598 1117 3672 Ro·
1209 3598 1323 3675 Anno
1340 3601 1467 3676 mundi
1482 3615 1605 3698 quater
1625 3601 1811 3676 millesimo
1834 3604 2144 3698 septingentesimo
2169 3599 2171 3606 ’

136 3735 195 3784 ma
219 3717 253 3783 el
272 3734 293 3780 a
315 3710 451 3802 reliqua
476 3706 589 3780 ltalia.
639 3700 713 3774 Nec
734 3701 851 3772 verbis
866 3712 1050 3772 contentus
1066 3714 1117 3771 est
1368 3704 1673 3780 tricesimononu.
1936 3765 1938 3772 ,

134 3809 303 3906 Ρῖρίηηε,
334 3822 375 3879 ut
399 3822 519 3893 antea,
551 3806 612 3876 sed
639 3816 758 3875 manet
786 3797 970 3887 initalia,
1004 3802 1116 3871 donec
1214 3799 1324 3877 Anno
1347 3803 1486 3878 Romae
1520 3805 1709 3875 millesimo
1734 3803 2015 3898 quingentesimo
2041 3807 2146 3878 trice·

136 3910 310 4006 praesidia
335 3909 496 3980 Astulsus
522 3931 564 3978 ex
592 3905 743 3977 urbibus
768 3899 942 3976 Ravenna
975 3914 1011 3973 et
1036 3901 1116 3972 aliis
1367 3905 1469 3977 aimo.

136 4013 292 4085 deducit·
1215 4001 1325 4078 Anno
1364 4002 1498 4080 Christi
1538 4003 1846 4100 septingentesimo
1890 4008 2144 4101 septuagesimo

239 4111 375 4183 Fabula
405 4134 489 4181 vero
521 4109 565 4178 dc
586 4107 778 4179 donatione
806 4123 912 4196 quam
942 4097 1116 4195 al’ipino
1370 4106 1534 4198 septimo.

135 4219 264 4286 tactam
281 4237 355 4283 esse
369 4211 480 4303 aliqui
496 4221 663 4292 narrant,
687 4206 871 4277 manifeste
888 4204 1061 4276 refutatur
1074 4225 1116 4272 ex

135 4313 312 4385 Luduvici
328 4311 386 4382 Pii
411 4306 579 4394 historia,
606 4308 668 4400 qui
684 4301 845 4378 distinxit
862 4302 984 4376 ltaliae
1000 4304 1118 4388 urbes,

135 4437 225 4507 quas
247 4413 355 4484 vellet
378 4433 450 4481 esse
469 4409 704 4500 imperatoris.
754 4405 967 4480 Reddidisse
990 4402 1116 4475 Ponti-
1266 4392 1346 4471 Leo
1361 4393 1529 4494 Quartus
1545 4397 1762 4497 copronymi
1786 4402 1879 4476 iilius
1901 4405 1994 4496 patri
2008 4429 2144 4479 succes.

135 4515 194 4585 lici
217 4535 291 4594 eas,
316 4535 403 4606 quas
424 4509 698 4598 eiLungubardi
719 4509 941 4586 ademerant,
966 4527 1117 4576 comen·
1164 4500 1223 4572 sit.
1274 4499 1409 4572 Tenuit
1424 4498 1615 4594 imperium
1635 4525 1749 4574 aunos
1763 4505 1932 4598 quinque.
1984 4503 2144 4580 Corona·

135 4630 279 4686 taurum
293 4625 356 4688 est.
406 4609 580 4683 Fortassis
597 4623 632 4680 et
648 4609 687 4678 in
701 4607 805 4680 Latio
820 4606 957 4700 aliquas
966 4606 1117 4688 addidit,
1164 4614 1222 4673 tus
1236 4623 1254 4672 a
1269 4597 1567 4673 Patriarchavivo
1582 4616 1697 4694 patre,
1723 4605 1786 4698 qui
1805 4605 1837 4675 ei
1853 4607 2042 4698 despondit
2056 4633 2143 4680 con-

135 4729 289 4788 caeteras
305 4713 419 4785 voluit
429 4735 502 4784 esse
517 4710 660 4786 liberas.
1164 4703 1280 4793 iugem
1295 4695 1429 4772 Irenen
1443 4695 1708 4778 Atheniensem.
1757 4704 1896 4777 Patrem
1913 4707 2071 4782 imitatus
2092 4726 2143 4783 est

120 4828 129 4848 “
238 4813 331 4888 Cum
366 4813 577 4884 discessisset
613 4833 654 4880 cx
688 4807 790 4883 Italia
819 4806 986 4901 Pipinus,
1018 4805 1118 4878 ducit
1164 4805 1204 4874 in
1231 4801 1393 4874 delendis
1422 4802 1646 4892 imaginibus.
1702 4799 1906 4879 Exercitum
1936 4807 1975 4877 in
2001 4807 2141 4903 Syriam

136 4915 328 4988 exereitum
349 4926 470 4984 contra
491 4909 648 4982 Saxones
675 4922 710 4981 et
728 4908 896 4984 Bararus.
944 4905 1023 4980 Rex
1045 4905 1119 4977 Ba·
1164 4903 1278 4986 misit,
1304 4905 1366 4998 qui
1382 4903 1495 4993 magis
1510 4903 1663 4978 irritavit
1678 4903 1870 4980 Saracenos
1885 4933 1990 5001 quom
2006 4933 2140 5002 repres-

135 5015 276 5088 varicus
294 5012 435 5084 Taaoilu
461 5012 538 5082 sine
553 5011 780 5084 dimicatione
795 5010 901 5080 rediit
914 5009 953 5078 in
968 5007 1117 5098 gratiam
1165 5007 1222 5080 sit.
1272 5003 1361 5076 Nam
1378 5005 1561 5098 aliquantu
1582 5021 1661 5096 post
1682 5005 1785 5080 lrene
1803 5033 1922 5100 paoem
1941 5035 2020 5080 cum
2036 5010 2142 5082 Sara-

137 5140 218 5186 eum
249 5113 396 5204 Pipino,
430 5111 492 5205 qui
525 5112 626 5181 iussit
662 5137 742 5182 cum
774 5110 926 5182 retinere
957 5129 1117 5198 regnum.
1165 5105 1261 5177 cenis
1277 5103 1359 5176 iecit
1375 5105 1545 5195 promisso
1559 5108 1714 5196 tributo.
1766 5107 1899 5183 Filium
1915 5135 2064 5204 puerum
2081 5137 2142 5184 cu-

133 5213 222 5286 Erat
245 5217 342 5284 enim
361 5213 494 5284 sororis
518 5209 639 5302 Pipini
667 5212 774 5282 tilius.
828 5208 928 5280 Sicut
950 5208 989 5278 in
1014 5207 1117 5281 ltalia
1164 5205 1284 5277 ronari
1306 5199 1545 5280 aPatriareha
1570 5209 1725 5299 curavit,
1749 5235 1814 5284 nec
1826 5212 1941 5292 multo
1953 5227 2031 5305 post
2044 5211 2144 5284 febre

134 5315 290 5388 ostendit
314 5329 412 5408 reges
433 5315 557 5396 decere
579 5311 754 5385 iustitiam
770 5324 805 5384 et
818 5309 1040 5384 modestiam:
1066 5309 1115 5382 ita
1139 5335 1143 5350 ·
1163 5323 1263 5403 pater
1277 5307 1449 5384 extinctus
1465 5321 1527 5386 est.

1415 4247 1418 4253 ’
1484 4257 1589 4348 Leo,
1606 4257 1828 4340 Quartus.
