4620 5808
221 232 297 308 867
456 216 668 302 SCRIPTA
693 218 770 294 PH.
794 214 913 298 rent.
937 215 1006 294 An
1030 215 1160 296 HIST.
1185 212 1332 300 PROP.
1354 214 1427 298 ET
1449 218 1642 304 PHILOS.
1667 221 1990 310 SPEC'PANTIA.
2161 238 2244 318 888

222 409 357 480 laturos
371 419 456 473 esse.
505 395 878 486 Nereontesnpseront
891 389 1049 467 Rotnani
1064 390 1203 484 pericn-
1271 405 1276 414 '
1355 388 1452 465 Haec
1484 395 1536 465 'de
1567 389 1760 472 Marcello
1787 345 1967 496 'dixissen
2015 405 2102 502 q‘uia
2136 409 2244 485 valde

225 510 321 592 lum,
345 504 406 574 sed
420 519 568 589 magnos
580 495 751 568 exercitus
766 504 1023 586 opposuerunt.
1073 491 1204 564 Curius
1253 493 1399 584 proden
1413 496 1620 568 excellentes
1633 500 1730 570 viros
1740 501 1783 576 in
1796 503 1964 580 omnibus
1978 500 2138 579 historiis
2152 533 2245 580 con-

223 625 261 681 et
275 603 473 679 Flaminius
487 597 587 672 Coss.
601 621 676 669 non
691 597 817 688 procul
832 594 1072 666 aMediolano
1092 592 1204 665 truci·
1254 594 1409 664 siderare
1426 612 1569 687 propter
1589 622 1646 670 eas
1667 625 1805 700 causas,
1839 629 1926 698 quaa
1947 608 2108 680 recitavi:
2142 609 2245 700 Quia

226 715 402 782 deserunt
417 701 649 797 quadraginta
666 697 778 766 millia
797 692 984 767 Gallorum
1000 707 1035 766 et
1049 693 1202 766 Germa·
1253 695 1462 770 discendum
1477 712 1529 768 cst
1549 699 1696 790 imperia
1719 726 1739 773 a
1757 697 1833 774 Deo
1859 709 2045 794 constitui,
2071 711 2105 783 e't
2121 707 2243 782 Deum

137 819 142 836 ¹
221 831 369 880 nomm.
418 803 559 876 Horum
583 802 656 871 dur
671 794 890 883 Ariovistus,
916 799 1013 891 quod
1028 811 1080 870 est
1094 795 1203 890 Myra:
1255 797 1340 867 dare
1365 798 1591 870 excellentem
1614 803 1779 874 virtutem
1796 819 1838 885 ¹et
1862 825 2060 895 successus,
2093 826 2129 882 et
2153 808 2244 884 baec

227 911 311 1002 aefl,
335 920 457 1001 eaptus
470 917 541 983 est,
563 915 605 974 ut
619 901 741 972 scribit
754 898 937 992 Polybius.
1116 961 1120 969 .
1255 897 1334 970 dari
1367 923 1442 968 non
1474 901 1632 989 ignavis,
1670 907 1732 974 sed
1765 906 2032 994 laborantibus,
2074 912 2167 984 sicut
2198 915 2243 988 in

328 1010 505 1102 Sequente
534 1025 629 1074 anno
656 999 754 1072 Coss.
784 999 943 1069 luerunt
958 998 1011 1073 M.
1033 997 1205 1072 Claudius
1255 994 1431 1094 Aeschylo
1451 1003 1586 1073 dictum
1611 1017 1678 1074 est:
1713 1001 2145 1105 deliberatamque
2170 1011 2244 1086 αὖ·

229 1112 442 1193 Marcellus,
475 1118 512 1177 et
534 1103 600 1178 Gn.
616 1101 801 1175 Cornelius
822 1099 954 1191 Scipio.
1013 1097 1205 1171 Marcellus
1255 1095 1337 1191 τὸς,
1359 1097 1424 1172 καὶ
1439 1099 1529 1183 θεὸς
1543 1097 1779 1180 συνάπτεται.

228 1219 262 1286 is
282 1227 353 1296 est,
385 1209 449 1304 qui
472 1207 601 1278 deinde
623 1216 701 1294 post
713 1199 938 1274 Cannensem
961 1202 1098 1272 cladem
1120 1202 1206 1271 vicit
1359 1201 1530 1296 Polybius
1547 1205 1685 1298 inquit,
1709 1202 1816 1278 huius
1829 1209 1916 1280 belli
1932 1209 2064 1284 Gallici
2082 1216 2246 1304 pericula

231 1312 459 1390 Annibalem.
502 1304 586 1380 'Cn
607 1302 796 1375 Cornelius
818 1301 940 1394 Scipio
964 1317 1111 1395 patum
1137 1302 1207 1373 soit
1257 1316 1295 1374 et
1307 1305 1442 1394 praelia
1458 1304 1565 1376 inisse
1584 1330 1659 1378 non
1675 1308 1832 1395 minora,
1854 1335 1962 1404 qnam
1978 1315 2053 1384 utta
2069 1315 2109 1384 in
2127 1329 2247 1387 caete.

229 1411 446 1510 Aphricani,
471 1431 577 1501 aquo
602 1405 641 1474 in
659 1400 815 1496 Aphrica
839 1403 951 1474 victus
971 1408 1021 1473 e'st
1036 1403 1203 1475 Annibal.
1257 1403 1306 1474 ris
1335 1405 1495 1489 fuerunt,
1533 1409 1595 1476 sed
1622 1406 1773 1480 aCeltis
1801 1413 1922 1482 omnia
1950 1416 2062 1504 magis
2092 1417 2246 1506 impetu,

229 1516 322 1592 Cum
338 1505 1204 1597 aasemdoeeviaidomar0‚qu0dconstannens,
1256 1527 1361 1598 quam
1385 1505 1535 1576 consilio
1558 1521 1633 1578 acta
1653 1530 1741 1580 esse:
1781 1510 1901 1606 θυμῷ
1922 1519 2088 1604 μᾶλλον,
2128 1513 2242 1609 silo-

230 1621 355 1700 idest,
379 1625 495 1684 custos
511 1608 622 1701 pacis,
648 1628 770 1677 rursus
789 1606 932 1694 triginta
949 1607 1061 1675 millia
1078 1604 1205 1677 Gallo·
1255 1607 1395 1703 γισμῴ,
1415 1604 1696 1702 βραβευθῆναι.
1719 1676 1720 1679 ,

233 1745 313 1793 rum
333 1731 367 1788 et
382 1712 642 1784 Germanorum
666 1709 708 1776 ad
727 1705 971 1776 Mediolanum
989 1709 1205 1788 accederent,

232 1836 269 1892 et
282 1819 381 1892 Coss.
401 1811 648 1883 Mediolanum
668 1807 888 1891 obsiderent,
913 1807 1104 1878 Marcellus
1123 1833 1206 1900 par-

229 1937 302 1994 tem
317 1915 487 1988 exercitus
501 1909 602 1986 duxit
615 1907 1063 2004 adversusl'iridomarum.
1096 1907 1206 1980 Cum-

228 2045 301 2117 que
314 2017 412 2090 hone
425 2015 599 2104 insignem
617 2009 724 2082 armis
739 2033 827 2080 auro
841 2010 975 2080 ornatis
990 2024 1072 2080 ante
1094 2011 1205 2079 aciem
1356 2003 1571 2099 Exemplum
1587 2022 1641 2086 est
1654 2002 1796 2082 Aratus
1813 2006 2010 2105 Sicyonios
2025 2014 2247 2102 gubernato.

231 2123 396 2203 vidisset,
421 2115 504 2210 quia
519 2117 643 2184 ducem
667 2133 740 2180 esse
761 2109 1039 2182 ratiocinabatur
1053 2109 1206 2181 Marcel·
1256 2109 1306 2180 ris
1319 2107 1506 2200 sapientis,
1528 2109 1633 2194 iusti,
1658 2111 1832 2190 moderati
1846 2113 1884 2181 in
1901 2114 2046 2184 victoria
2063 2117 2188 2200 civili,
2211 2135 2247 2190 et

232 2227 308 2308 lus,
332 2233 426 2291 recta
451 2217 498 2284 im
551 2237 621 2308 um
646 2211 685 2281 in
708 2235 788 2280 eum
811 2211 912 2294 facit,
943 2228 977 2282 et
1000 2210 1075 2282 lovi
1095 2211 1206 2304 spolia
1257 2210 1391 2301 experti
1410 2210 1577 2290 fortunae
1592 2211 1885 2298 inconstantiam,
1913 2227 1948 2284 et
1966 2215 2091 2286 iolidas
2118 2239 2247 2305 regum

234 2327 353 2418 opima
382 2331 498 2389 voret.
594 2336 641 2381 on
664 2311 754 2401 lugit
777 2308 907 2391 hostis,
944 2315 1008 2382 sed
1039 2313 1207 2382 acerrime
1257 2310 1522 2382 familiaritates.
1585 2309 1702 2398 Quem
1724 2335 1765 2382 eo
1790 2315 1980 2402 praeterire
1999 2315 2120 2402 nolui,
2155 2320 2247 2412 quia

234 2425 407 2496 dimicans
428 2418 570 2488 tandem
592 2413 721 2504 accipit
741 2413 844 2482 letale
871 2414 1011 2486 vulnus.
1070 2412 1207 2483 Interea
1258 2412 1380 2484 Cicero
1397 2410 1472 2482 eius
1486 2410 1701 2482 mentionem
1718 2413 1813 2484 facit.
1863 2412 1912 2484 Et
1928 2415 1967 2483 in
1990 2417 2065 2486 eius
2090 2413 2246 2490 historia

234 2542 269 2596 et
291 2522 460 2594 exercitus
483 2517 578 2586 inter
599 2535 672 2584 sese
692 2513 907 2603 confligunt,
940 2517 1000 2584 sed
1025 2515 1207 2586 interfecto
1258 2512 1492 2603 conspicitur,
1516 2535 1622 2605 quam
1637 2513 1726 2583 varii
1740 2514 1913 2586 tumultus
1929 2530 1964 2586 et
1978 2519 2101 2610 quales
2115 2535 2244 2613 tyran-

233 2629 323 2698 duce
339 2621 585 2697 Viridomaro,
610 2616 722 2706 prima
737 2614 810 2683 acie
826 2615 1069 2706 perterrefacta
1083 2629 1119 2685 ct
1132 2628 1209 2685 tur-
1260 2614 1362 2684 uides
1380 2613 1421 2682 in
1443 2611 1594 2684 Graecia
1616 2614 1875 2700 innotuerint,
1914 2641 1995 2689 curn
2025 2623 2191 2692 nondum
2223 2645 2245 2694 a

231 2731 332 2811 bata,
356 2719 512 2794 Romani
528 2717 660 2787 alacres
681 2716 815 2786 instant
838 2717 1056 2790 cedentibus.
1108 2713 1209 2788 Mar-
1258 2713 1432 2788 Romanis
1447 2713 1705 2786 defenderetur.

234 2827 345 2900 cellos
364 2822 475 2916 spolia
491 2815 587 2888 hosti
607 2811 778 2900 detrabit,
801 2839 890 2910 quae
911 2830 1033 2908 postea
1051 2839 1210 2887 reversus
1359 2809 1555 2906 Aliquanto
1586 2828 1669 2886 ante
1696 2816 1832 2887 bellum
1854 2813 2052 2904 Gallicum,
2093 2819 2134 2890 in
2166 2846 2242 2916 quo

232 2927 386 3000 Romam
402 2922 503 2993 affixa
519 2942 657 3012 querno
671 2930 798 2987 trunco
813 2931 924 3005 gestat
938 2919 977 2986 in
987 2917 1210 3010 Capitolium,
1260 2913 1451 2986 Marcellus
1468 2915 1588 2987 'victor
1607 2915 1741 2987 delevit
1760 2939 1927 3008 magnum
1952 2920 2142 2994 exercitum
2156 2921 2245 2994 Cel-

233 3027 392 3118 exemplo
407 3015 585 3100 Romuli,
611 3019 702 3089 sicut
721 3033 873 3090 voverat.
924 3016 1015 3088 Mor
1031 3042 1116 3088 vcro
1131 3032 1210 3109 post
1258 3030 1391 3101 tarum,
1414 3015 1451 3084 id
1467 3029 1520 3088 est
1534 3013 1722 3091 Gallorum
1735 3030 1771 3089 et
1786 3017 2009 3105 Teutonum,
2035 3022 2151 3094 clarus
2171 3023 2246 3094 fnit

232 3131 331 3199 illam
348 3147 502 3217 pugnam
517 3119 661 3208 triginta
676 3117 833 3187 millibus
849 3114 1003 3188 hostium
1020 3119 1210 3211 profligatis
1259 3117 1298 3186 in
1314 3114 1464 3187 Graecia
1479 3114 1610 3188 Aratus
1624 3116 1833 3211 Sicyonius,
1863 3134 1969 3201 natus
1993 3136 2092 3214 patre
2107 3122 2243 3206 Clinia,

235 3230 277 3299 ad
305 3227 527 3297 obsidionem
544 3217 742 3318 Mediolani
762 3218 874 3302 redit,
900 3219 963 3287 ubi
987 3242 1066 3288 cum
1091 3218 1210 3310 copiae
1259 3217 1320 3311 qui
1343 3217 1411 3286 luit
1428 3217 1591 3308 princeps
1605 3216 1788 3312 Sicyonis,
1804 3240 1920 3312 ¹quern
1943 3246 2022 3292 cum
2041 3225 2244 3296 interfecis-

235 3329 334 3400 Coss.
365 3345 489 3395 rursus
515 3319 723 3390 coniunctae
751 3333 883 3401 essent,
924 3319 962 3390 vi
989 3332 1128 3409 captum
1160 3333 1211 3390 est
1258 3331 1309 3388 set
1325 3317 1537 3401 Abantidas,
1562 3318 1625 3411 qui
1649 3320 1767 3411 rapuit
1783 3321 2084 3406 dominationem,
2116 3339 2241 3418 postea

234 3427 492 3500 Mediolanum.
542 3419 681 3491 Deinde
704 3413 817 3488 vicina
839 3417 970 3510 oppida
994 3420 1210 3490 deditionem
1258 3415 1637 3490 filiusCliniaeArotus
1652 3421 1746 3510 erui,
1771 3421 1912 3493 adiutus
1928 3447 1949 3493 a
1965 3425 2110 3495 caeteris
2123 3429 2242 3498 exuli-

234 3531 330 3602 ultro
351 3527 498 3596 iaciunt.
566 3518 620 3590 lta
642 3520 767 3588 deletis
791 3521 983 3610 peregrinis
1002 3521 1210 3592 exercitibus
1259 3521 1325 3592 bus
1340 3529 1443 3590 nocte
1459 3520 1657 3591 conscensis
1672 3521 1783 3590 muris
1797 3523 1946 3612 patriam
1960 3528 2088 3618 coepit.
2128 3527 2242 3598 Cum-

235 3629 337 3701 Italia
362 3623 498 3716 ingenti
517 3635 651 3694 terrore
668 3620 812 3689 liberata
835 3633 897 3690 est.
949 3621 1002 3691 Ac
1018 3621 1210 3709 plurimum
1259 3643 1327 3713 que
1344 3635 1513 3714 tyrannus
1532 3622 1614 3710 iuga
1637 3615 1820 3707 evasisset,
1844 3625 1957 3696 vetuit
1971 3621 2103 3698 Aratus
2123 3629 2242 3698 ullum

232 3730 433 3802 ‘attulerunt
449 3722 618 3793 momenti
635 3723 679 3790 ad
696 3721 898 3798 victoriam,
924 3721 1129 3808 consilinm,
1153 3746 1211 3793 ce-
1259 3721 1370 3790 civem
1403 3720 1564 3792 interfici.
1642 3716 1740 3812 Opes
1767 3724 1910 3816 tyranni
1939 3725 2038 3797 dedit
2066 3729 2244 3800 exulibus.

234 3833 374 3910 lenitas,
413 3826 586 3896 lortitudo
613 3834 647 3891 et
674 3821 844 3891 foelicitas
868 3820 1050 3906 Marcelli,
1088 3824 1211 3916 quiet
1260 3820 1354 3909 Quia
1378 3845 1463 3891 vero
1486 3822 1628 3893 exulum
1651 3823 1794 3913 praedia
1817 3825 1899 3908 iam,
1916 3829 1963 3898 ab
1992 3828 2072 3900 aliis
2100 3829 2242 3902 civibus

235 3953 331 4000 anno
353 3941 432 4020 post
455 3923 670 3995 trucidatum
691 3921 953 3991 Viridomarum
978 3945 1092 4008 nono,
1116 3948 1209 3996 anno
1259 3922 1548 4014 possidebantur,
1578 3936 1613 3994 et
1634 3925 1744 3994 multa
1767 3919 2063 4016 haereditatibus,
2094 3931 2241 4002 dotibus

234 4043 315 4122 post
329 4029 463 4098 cladem
477 4024 700 4096 Cannensem
717 4021 819 4092 tertio
836 4021 921 4092 vicit
935 4021 1161 4101 Annibalem.
1258 4037 1321 4094 aut
1341 4023 1608 4098 venditionibus
1631 4025 1798 4096 translata
1816 4042 1938 4114 erant,
1962 4029 2081 4101 eiectis
2103 4053 2243 4123 posses-

336 4125 428 4200 Cum
460 4127 540 4197 talis
569 4122 741 4195 excellens
769 4124 883 4193 virtus
913 4123 951 4192 in
982 4125 1210 4216 imperiorum
1258 4123 1400 4196 soribus
1421 4146 1516 4193 nora
1536 4124 1630 4194 bella
1648 4139 1840 4219 sequutura
1870 4143 1982 4201 erant.
2050 4130 2100 4203 Ut
2132 4133 2242 4221 igitur

235 4227 486 4302 constitutione
507 4224 740 4316 conspicitur,
773 4223 962 4313 cogitemus
977 4218 1101 4296 Deam
1126 4253 1211 4298 con·
1260 4223 1336 4316 paci
1352 4223 1502 4320 civitatis
1516 4226 1713 4298 consuleret
1728 4220 1877 4314 Aratus,
1902 4225 2072 4302 adhibitis
2088 4230 2242 4304 Senato-

235 4334 379 4404 stituere
397 4328 563 4421 imperia,
593 4339 628 4396 et
650 4325 687 4394 id
711 4349 785 4395 non
808 4325 883 4394 beri
908 4325 985 4395 sine
1003 4326 1139 4416 ingenti
1158 4330 1212 4399 la·
1258 4326 1358 4398 ribos
1372 4325 1628 4399 transactiones
1642 4325 1808 4402 institnit.
1859 4327 1983 4403 Precia
2006 4346 2171 4406 numerat
2185 4335 2240 4420 iis,

235 4434 340 4516 bore,
366 4443 401 4501 et
415 4427 532 4500 Deum
544 4427 634 4496 velle
649 4425 791 4515 agnosci
806 4449 904 4495 suam
919 4429 1152 4518 praesentiam
1170 4430 1211 4499 in
1258 4426 1322 4521 qui
1342 4427 1500 4500 volentes
1521 4427 1701 4503 cedebant.
1762 4425 1839 4502 Aut
1858 4430 1889 4500 si
1910 4432 1974 4526 qui
1993 4437 2117 4507 cedere
2137 4436 2241 4506 uole-

234 4533 298 4604 illa
315 4533 486 4604 virtutum
511 4526 735 4612 excellentia,
769 4541 804 4596 et
826 4527 959 4618 inipso
981 4527 1210 4618 imperiorum
1258 4531 1365 4612 nant,
1397 4532 1606 4601 tantundem
1628 4529 1797 4620 pecuniae
1821 4532 1881 4604 dat
1903 4535 2084 4622 exulibus,
2116 4537 2241 4630 quanti

234 4632 503 4722 constitutione,
530 4651 620 4722 quae
634 4627 682 4712 bt,
707 4639 749 4696 ut
761 4628 878 4721 aliqua
893 4649 975 4717 pars
990 4631 1128 4717 generis
1141 4626 1211 4702 hu·
1256 4628 1534 4700 aestimabantur
1556 4631 1673 4700 fundi.
1694 4673 1699 4681 ·
1728 4629 1831 4702 Hanc
1851 4635 1896 4703 ad
1929 4656 2004 4704 rem
2039 4639 2190 4727 sumpsit
2221 4663 2238 4706 a

232 4736 327 4803 rnani
346 4748 379 4803 et
393 4729 561 4802 honestae
578 4725 758 4798 societates
778 4739 1040 4800 conserventur.
1091 4729 1208 4802 Huius
1259 4727 1462 4802 Ptolemaeo
1494 4730 1627 4804 talenta
1658 4744 1800 4802 centum
1827 4747 1861 4804 et
1886 4735 2162 4830 quinquaginta,
2203 4741 2239 4808 id

232 4832 394 4903 Marcelli
410 4832 543 4903 mentio
558 4830 599 4900 lit
615 4829 655 4896 in
671 4839 766 4897 sexto
784 4829 878 4898 libro
895 4827 1091 4900 Aeneidos:
1261 4843 1331 4916 est,
1366 4829 1561 4921 nonaginta
1584 4830 1700 4901 millia
1716 4849 1985 4906 coronatorum.
2044 4838 2123 4910 Hac
2143 4863 2239 4908 com-

285 4941 398 5021 Aspice
412 4939 586 5020 arnapa
601 4937 705 5019 sponte
720 4933 879 4998 Manettoa
893 4938 1003 5016 opimis
1258 4929 1466 5021 pensatione
1490 4953 1558 5022 pas
1582 4932 1735 5002 civitatis
1757 4935 1895 5007 retenta
1916 4949 1980 5007 ast.
2022 4937 2159 5012 Postea
2183 4937 2239 5010 bic

284 5039 473 5122 Ingreditur:
498 5037 667 5122 Victorque
680 5039 761 5099 viros
778 5037 977 5120 supereminet
994 5056 1107 5102 omres.
1258 5027 1390 5102 Aratus
1404 5045 1542 5103 creatus
1557 5031 1629 5102 dux
1644 5027 1900 5118 Achaeorum,
1919 5037 2071 5109 liberare
2095 5055 2131 5111 et
2152 5042 2239 5112 viri-

283 5141 344 5205 Hie
359 5161 422 5202 rem
437 5137 604 5203 Romanam
619 5157 727 5220 magno
742 5141 878 5200 turbante
890 5141 1024 5204 tumultu
1258 5154 1326 5202 nos
1347 5131 1513 5206 instituit.
1577 5127 1631 5204 Ex
1662 5156 1742 5206 erne
1762 5131 1930 5207 Corinthi
1959 5152 1994 5211 e'l
2021 5164 2063 5210 er
2086 5136 2239 5214 ‘Athenis

280 5241 372 5308 Sistet
389 5263 496 5328 eques,
521 5253 631 5303 sternat
645 5238 780 5326 (penos,
808 5237 991 5324 Gallumque
1007 5242 1159 5322 mhellenr,
1259 5233 1360 5304 eiecit
1373 5231 1605 5306 Mnrrdnninn
1619 5235 1806 5328 praesidia.
1858 5233 1997 5310 Deinde
2012 5237 2239 5321 Cleomenem

200 5361 203 5372 '
282 5345 446 5430 Tectisque
460 5362 541 5406 nana
559 5333 809 5424 panlsbspaudet
823 5355 908 5426 capte
922 5339 1064 5425 Quirino.
1259 5355 1376 5424 regent
1401 5333 1618 5408 Laconicum
1642 5350 1790 5412 constan
1810 5351 1863 5410 nst
1884 5342 2094 5431 reprimere,
2119 5346 2239 5438 quiet

1495 1843 1566 1916 De
1590 1844 1737 1916 Arato
1764 1849 2001 1942 Sicyonio.
