4726 5828
120 241 200 320 117
770 233 930 316 DECL.
962 237 1036 312 DE
1068 230 1229 310 ARTE
1261 229 1507 312 MEDICA.
2076 253 2149 326 113

218 410 318 483 Haec
334 412 444 502 igitar
460 426 606 486 naturae
621 411 793 504 aspectio,
817 433 940 482 revera
954 424 1007 483 est
1020 433 1108 482 con·
1162 429 1259 492 ram,
1282 420 1316 479 et
1331 407 1434 500 panis
1450 409 1625 502 coquendi
1641 423 1763 482 artem.
1798 409 1854 484 Ac
1867 412 2148 496 Siracidcsrecte

111 515 285 585 sideratio
314 515 459 584 divinae
483 513 691 604 sapientiae,
724 512 893 582 bonitatis
917 526 952 582 et
974 513 1107 582 beueli-
1160 505 1325 579 adfirmat
1353 521 1564 602 utrumqne,
1597 525 1631 582 et
1659 512 1813 584 remedia
1840 515 1914 608 ipsa
1944 515 2011 588 Dei
2041 545 2148 612 opera

110 616 252 686 cantiae
275 637 358 704 erga
380 638 463 696 nos,
488 617 620 685 deinde
641 630 676 686 et
692 615 816 684 utilem
834 635 907 683 esse
923 614 1016 682 vitae
1029 637 1105 682 ma·
1159 633 1251 694 esse,
1275 624 1311 680 et
1331 624 1442 681 artem
1464 611 1573 681 aDeo
1589 629 1764 684 ostensam
1780 637 1865 687 esse.
1917 617 1977 690 Sic
1991 620 2085 692 euim
2100 623 2145 692 de

111 717 285 786 nisestum
308 729 373 788 est.
426 715 548 804 Quare
565 731 604 786 et
625 731 771 807 propter
791 713 942 803 gloriam
958 711 1044 798 Dei,
1071 726 1105 783 et
1157 712 1323 780 remediis
1341 711 1475 804 inquit:
1502 709 1678 784 Dominus
1696 717 1856 788 condidit
1871 741 1911 788 ex
1928 733 2020 790 terra
2036 717 2144 814 phar-

108 832 260 910 propter
280 833 441 888 nostram
463 818 652 886 utilitatem
676 813 767 886 haue
781 816 1020 886 dulcissimam
1039 815 1103 884 du·
1156 835 1273 896 maca,
1298 825 1332 882 et
1355 813 1411 882 vir
1439 815 1594 902 prudens
1618 839 1693 884 non
1717 817 1852 888 fastidit
1869 843 1929 902 ea,
1956 845 2045 913 quae
2060 845 2142 895 seu·

108 919 267 988 ctrinam
287 941 464 1001 amemus,
490 931 524 988 et
545 918 636 1006 grati
657 917 836 986 beneficiis
850 914 917 984 Dei
932 918 1104 998 fruamur,
1154 914 1265 982 tentia
1283 925 1318 984 et
1334 927 1493 983 autorem
1512 915 1746 986 remediorum
1761 921 1930 1006 ostendit,
1955 935 1989 992 et
2002 915 2057 992 bis
2072 923 2140 996 Dei

108 1033 146 1089 et
178 1019 253 1088 eius
280 1018 490 1108 sapientiam
522 1033 556 1088 et
582 1020 777 1090 bonitatem
804 1015 1037 1101 celebremus,
1067 1028 1104 1087 el
1154 1014 1331 1084 beneficiis
1355 1017 1427 1098 uti,
1453 1027 1487 1084 et
1512 1016 1618 1102 gratis
1641 1017 1819 1090 mentibus
1833 1016 1948 1091 Deum
1963 1023 2140 1094 celebrare

108 1121 265 1189 sciamus
286 1142 353 1188 nos
370 1120 401 1187 ei
416 1131 532 1188 tantae
547 1143 651 1189 curae
665 1142 757 1202 esse,
778 1140 852 1188 non
869 1130 909 1188 ul
923 1113 1030 1186 huius
1044 1116 1101 1186 lu·
1154 1114 1264 1186 iubet.
1315 1111 1369 1184 De
1391 1116 1527 1185 medico
1551 1129 1668 1192 autem
1690 1118 1825 1213 inquit:
1850 1120 1904 1192 Da
1926 1124 2041 1192 locum
2062 1149 2137 1194 me·

107 1219 316 1310 gacissimae,
354 1221 449 1289 sitae
485 1221 661 1290 curriculo
693 1221 873 1303 conlecto,
913 1231 1030 1309 postea
1061 1218 1100 1286 in
1152 1215 1256 1299 dico,
1280 1239 1365 1286 nam
1381 1212 1805 1308 etipsumDeuscreavit.
1855 1219 1961 1294 ltemt
1987 1222 2134 1298 Honora

104 1321 209 1392 omni
231 1321 441 1390 aeternitate
463 1316 557 1391 nihil
580 1322 707 1406 simus,
737 1323 799 1392 sed
813 1333 863 1390 ut
882 1319 921 1388 in
943 1319 1005 1388 illa
1028 1332 1099 1390 tota
1152 1319 1348 1396 medicum,
1380 1317 1464 1409 quia
1493 1331 1638 1407 propter
1658 1322 1913 1392 neccessitatem
1936 1322 2031 1394 Deus
2053 1349 2134 1396 eum

105 1423 319 1492 aeternitate
339 1421 596 1492 consuetudine
620 1423 696 1492 eiras
720 1421 897 1504 fruamur,
922 1436 958 1491 et
979 1443 1098 1489 veram
1151 1419 1300 1502 crearit,
1326 1419 1445 1489 idest:
1472 1443 1546 1492 non
1561 1421 1846 1493 remediasolum
1860 1423 2134 1512 condiditDeus,

104 1523 182 1592 eius
204 1523 415 1613 sapientiam
439 1522 632 1603 discamus,
657 1525 704 1592 ad
728 1542 834 1616 quam
850 1521 918 1591 iter
932 1521 1010 1592 vult
1025 1543 1097 1591 esse
1149 1521 1210 1586 aed
1241 1519 1345 1590 etiam
1373 1519 1471 1590 flexit
1498 1535 1633 1591 mentes
1663 1534 1838 1592 certorum
1869 1519 2056 1598 hominum
2086 1531 2133 1598 ad

102 1639 138 1696 et
154 1622 377 1717 tyrocinium
394 1619 499 1692 liuius
516 1624 635 1693 brevia
653 1624 744 1694 vitae
760 1621 930 1712 spacium.
1149 1641 1271 1690 eorum
1299 1619 1586 1715 inquisitionem,
1622 1623 1758 1694 adiuvit
1776 1625 1952 1710 studium,
1989 1641 2024 1698 et
2042 1629 2131 1717 regit

207 1723 440 1818 Nequaquam
463 1724 557 1791 enim
579 1726 669 1794 liunt
683 1724 777 1794 cives
792 1719 970 1792 Ecclesiae
983 1724 1095 1792 coele·
1148 1721 1355 1804 consilium,
1377 1737 1411 1792 et
1431 1723 1590 1794 dextram
1611 1724 1836 1808 medicantis,
1861 1750 1943 1796 nam
1963 1726 2128 1800 sineDeo

99 1825 185 1906 stis,
211 1825 276 1917 qui
291 1825 331 1892 in
349 1821 414 1894 hac
428 1825 501 1896 vita
518 1824 717 1897 doctrinam
733 1827 777 1896 de
792 1813 866 1894 lilio
880 1823 949 1894 Dei
964 1825 1097 1893 discere
1147 1843 1221 1892 nou
1243 1833 1296 1895 est
1312 1821 1418 1892 foelix
1434 1824 1632 1898 medicatio.
1684 1821 1960 1914 Ipseestenim,
1985 1830 2129 1900 utscri-

100 1927 314 1998 noluerunt.
1147 1933 1247 2010 ptum
1277 1935 1348 2006 est,
1379 1924 1449 1994 cita
1474 1939 1508 1994 et
1531 1925 1716 2014 longitudo
1736 1925 1885 1996 dierum.
1945 1927 2049 2000 ltem:
2083 1927 2128 2000 ln
2197 1955 2201 1962 ·

210 2025 317 2094 Tales
340 2039 441 2096 erant
461 2039 496 2096 et
509 2021 674 2119 physicae
688 2039 723 2097 et
740 2019 957 2114 theologicae
971 2025 1095 2118 dispu-
1147 2022 1224 2114 ipso
1255 2023 1426 2106 vivimus,
1461 2047 1580 2120 sumus
1600 2039 1636 2096 et
1655 2045 1856 2100 movemur.⁴
1915 2026 2005 2098 Vere
2029 2026 2125 2100 Deus

100 2127 259 2198 tationes
278 2149 500 2196 summorum
515 2122 724 2207 hominurn,
751 2127 947 2218 primorum
964 2129 1092 2216 par'en-
1145 2137 1196 2194 est
1220 2125 1312 2194 vitae
1333 2125 1413 2194 lons
1435 2139 1469 2196 et
1491 2126 1652 2215 largitor:
1678 2128 1739 2198 sed
1756 2128 1833 2198 vult
1846 2150 1912 2200 nos
1927 2141 2127 2200 reverenter

99 2241 193 2307 tum,
219 2242 255 2297 et
268 2222 532 2296 deiudeNohae
546 2237 581 2295 et
594 2227 761 2312 filiorum,
787 2242 822 2298 et
835 2221 1092 2317 postealoseph
1144 2224 1197 2295 uti
1227 2225 1269 2294 iis
1302 2228 1425 2312 rebus,
1458 2251 1546 2321 quas
1573 2227 1651 2298 vult
1679 2251 1753 2296 esse
1781 2229 1873 2300 vitae
1895 2231 2126 2312 adminicula,

99 2331 139 2397 in
168 2329 350 2420 Aegypto.
425 2326 549 2419 Neque
579 2328 673 2395 enim
705 2322 796 2398 hanc
831 2323 1090 2418 philosophiam
1143 2347 1234 2419 quae
1248 2326 1296 2396 ita
1313 2340 1398 2398 sunl
1413 2327 1585 2411 efficaces,
1611 2329 1777 2420 cumipse
1792 2353 1848 2399 eas
1864 2331 2018 2403 adiuvat.
2072 2328 2127 2402 lta

97 2432 145 2499 ab
161 2427 376 2517 Aesculapio
398 2428 554 2516 primum
580 2422 729 2512 inchoo,
751 2428 814 2522 qui
834 2429 992 2498 nundin
1011 2441 1091 2498 ante
1142 2427 1308 2512 volumus
1337 2429 1380 2496 ad
1405 2429 1675 2498 medicationem
1705 2429 1849 2518 adiungi
1875 2445 1910 2500 et
1931 2431 2127 2502 invocatio·

97 2528 447 2600 bellum'l'roianum
461 2540 565 2598 natus
582 2541 645 2612 eat,
669 2553 749 2598 cum
766 2529 830 2597 lilii
840 2525 1040 2598 Podalirius
1056 2541 1091 2598 et
1143 2549 1224 2596 nem
1255 2524 1342 2613 Dei,
1377 2541 1414 2598 et
1444 2529 1715 2599 celebrationem
1749 2529 2001 2602 beneficiorum
2039 2533 2126 2605 eius.

97 2627 284 2700 Machaon
313 2628 506 2699 exercitum
532 2625 708 2698 Graecum
736 2628 782 2697 ad
807 2627 955 2698 Troiam
980 2629 1089 2700 secuti
1142 2625 1237 2698 llaec
1259 2627 1374 2698 officia
1397 2625 1473 2700 Deo
1496 2643 1593 2718 grata
1615 2643 1719 2712 sunt,
1752 2653 1826 2699 non
1848 2630 1911 2699 illa
1933 2632 2125 2719 barbaries,
2251 2664 2254 2672 ·

94 2733 185 2803 sint.
237 2729 427 2801 Antecedit
445 2729 563 2800 autem
582 2729 686 2798 anuis
699 2729 773 2798 iere
789 2729 887 2798 mille
901 2751 1017 2797 annus
1032 2729 1090 2798 di·
1141 2749 1231 2819 quae
1252 2743 1287 2801 et
1301 2731 1419 2800 Deum
1440 2743 1476 2802 et
1495 2731 1643 2819 vestigia
1656 2725 1724 2800 Dei
1744 2730 1783 2800 in
1797 2743 1941 2816 natura,
1965 2744 2003 2802 et
2016 2743 2123 2806 natu-

95 2832 214 2916 luvii,
246 2831 282 2900 in
304 2854 376 2924 quo
396 2828 533 2902 familia
551 2827 678 2900 Nohae
698 2840 834 2902 servata
857 2841 926 2914 est,
951 2841 1088 2920 tempus
1141 2850 1200 2898 rae
1229 2829 1564 2914 considerationem,
1598 2831 1669 2900 imo
1701 2843 1814 2903 totum
1842 2829 1935 2904 vitae
1958 2831 2123 2902 ordinem

95 2933 187 3004 belli
206 2931 368 3002 Troiani.
1139 2930 1345 3001 contemnit.
1397 2927 1515 3020 Quam
1527 2932 1575 3002 ob
1588 2931 1752 3002 cauum?
1775 2931 1858 3026 quia
1870 2929 2020 3022 legibus,
2040 2933 2123 3004 lite-

100 3083 104 3092 ·
202 3031 328 3103 Fuisse
339 3045 458 3106 autem
475 3034 515 3102 in
528 3027 633 3102 Noha
649 3031 967 3102 considerationem
982 3041 1087 3098 natu-
1138 3029 1189 3101 ris
1211 3045 1246 3102 et
1268 3029 1449 3102 doctrinae
1470 3028 1613 3103 inimica
1636 3044 1707 3117 est,
1732 3054 1773 3103 ac
1790 3031 1917 3104 metuit
1932 3032 2122 3125 suiseupi-

94 3158 157 3206 rae
181 3134 348 3204 eximiam
374 3135 461 3204 inde
481 3131 660 3230 aestimari
681 3147 816 3224 potest,
848 3131 933 3225 quia
953 3141 987 3198 et
1008 3129 1087 3198 ani-
1139 3130 1309 3204 ditatibus
1327 3131 1468 3203 frenum
1484 3131 1584 3202 iniici
1601 3133 1717 3222 legum
1733 3145 1767 3204 et
1781 3133 2023 3204 doctrinarum
2040 3132 2123 3204 vin·

5 3323 6 3326 Ἴ
94 3236 236 3308 mantia
265 3235 510 3325 congregavit,
542 3247 576 3303 et
603 3234 643 3304 in
663 3257 745 3304 arca
767 3247 842 3304 toto
862 3230 1087 3320 anno-pavit,
1138 3231 1240 3305 culis.
1289 3227 1344 3302 Ex
1371 3228 1439 3304 boc
1467 3232 1566 3304 tonte
1589 3233 1830 3304 doctrinarum
1851 3234 1974 3306 odium
1996 3233 2147 3321 oritur,

96 3351 133 3410 et
153 3349 278 3430 postea
299 3335 381 3404 liliis
403 3337 475 3406 suis
496 3335 586 3405 vites
607 3334 779 3414 ostendit,
806 3355 894 3425 quas
915 3353 989 3400 uon
1012 3330 1085 3398 exi-
1135 3354 1213 3401 ¹non
1236 3354 1276 3402 ex
1296 3331 1487 3422 religione,
1512 3333 1577 3404 etsi
1599 3334 1742 3426 quidam
1760 3333 2121 3426 praetexuntreligio-

95 3440 205 3510 stimo
229 3449 316 3508 tunc
339 3436 640 3527 primumcreatas
654 3457 745 3520 ease,
771 3436 832 3502 sed
847 3432 1002 3524 primum
1017 3429 1085 3520 ipsi
1137 3454 1230 3500 nem.
1282 3429 1357 3500 Vos
1380 3456 1463 3502 vero
1485 3433 1548 3525 qui
1570 3433 1650 3503 ideo
1666 3435 1848 3504 doctrinae
1864 3435 1992 3509 studiis
2006 3435 2121 3507 dediti
2230 3451 2233 3457 ’

95 3541 138 3610 in
165 3538 297 3618 ultima
323 3549 461 3608 senecta
491 3550 703 3608 monstratas
732 3556 804 3604 esse
834 3531 970 3614 aDeo‚
1001 3530 1085 3624 quia
1138 3531 1237 3618 estis,
1262 3544 1303 3602 ut
1318 3528 1434 3604 Deum
1455 3547 1490 3604 et
1505 3530 1574 3603 Dei
1594 3557 1699 3627 opera
1716 3535 1855 3605 arebus
1869 3536 1971 3605 malis
1986 3534 2119 3603 discer-

92 3638 196 3712 Deus
220 3638 334 3710 foveri
352 3636 612 3727 laagueiactum
626 3657 755 3726 corpus
770 3647 899 3713 aetate,
926 3630 1085 3722 pleniore
1137 3656 1239 3714 nere,
1264 3645 1298 3702 et
1310 3629 1426 3702 Deum
1448 3646 1543 3704 recte
1562 3632 1727 3704 iuvocare
1747 3635 1907 3717 discatis,
1932 3648 1967 3704 et
1983 3633 2119 3725 ample-

92 3743 170 3812 iam
189 3749 277 3831 potu
293 3739 417 3824 soluit,
439 3760 480 3808 ac
496 3737 607 3808 simul
618 3735 827 3826 significavit
842 3745 1010 3804 venturae
1020 3755 1084 3822 po·
1137 3733 1281 3802 ctamioi
1309 3756 1364 3803 res
1390 3735 1519 3820 bonas,
1551 3735 1727 3826 agnoscite
1747 3728 1840 3804 banc
1861 3755 1935 3805 esse
1956 3755 2119 3804 normam

92 3842 272 3926 steritati,
295 3863 385 3933 quae
407 3851 482 3910 erat
502 3838 621 3914 bruma
645 3835 875 3920 imbecillior,
899 3854 989 3924 opus
1008 3833 1084 3902 iore
1136 3834 1390 3907 doctrinarum.

95 3942 458 4034 deincepstsiipotn.
551 3989 555 3997 ·
629 3996 635 4006 .
784 3982 810 4010 ,2
1238 3933 1316 4004 Hae
1334 3935 1515 4006 doctrinae
1537 3936 1749 4029 expetendae
1770 3949 1870 4022 sunt,
1897 3959 1985 4031 quae
2009 3959 2118 4030 opera

202 4039 257 4116 Ac
276 4041 340 4114 diu
362 4042 402 4114 iu
421 4039 565 4116 lanitiis
588 4035 694 4127 regiis
714 4033 877 4112 doctrina
898 4033 1033 4104 medica
1051 4043 1085 4107 el
1137 4033 1204 4104 Dei
1226 4050 1320 4107 recte
1339 4049 1554 4122 monstrant,
1579 4050 1614 4107 et
1635 4037 1673 4106 in
1689 4037 1739 4107 eis
1753 4038 1946 4110 ostendunt
1957 4039 2117 4110 testimo-

94 4157 306 4220 commata
330 4157 365 4216 ot
385 4153 577 4234 propagate
593 4153 662 4223 est,
685 4135 914 4210 ert-celebrata
928 4147 980 4207 est
996 4129 1085 4206 Chi·-
1138 4137 1197 4204 nia
1224 4137 1269 4205 de
1297 4158 1356 4220 eo,
1388 4137 1631 4208 confirmantia
1661 4129 1910 4210 adsensionem
1928 4138 1972 4207 de
1995 4139 2118 4231 provi-

93 4248 197 4320 ronis
212 4242 384 4318 Centaurl
405 4239 545 4325 uiola,
567 4239 630 4332 qui
645 4231 823 4313 Achillem
839 4235 960 4306 docuit
974 4247 1084 4306 artem
1137 4236 1276 4320 dentia,
1296 4250 1336 4308 ut
1357 4241 1551 4309 excitentur
1571 4249 1705 4309 mentes
1719 4239 1763 4308 ad
1782 4238 2026 4309 celebrandam
2042 4241 2118 4308 eius

93 4349 285 4422 medicam,
342 4341 391 4420 Et
407 4340 590 4438 Rrrypyli
613 4339 758 4411 vulnem
784 4347 883 4408 curat
903 4333 1085 4406 Patroclus
1135 4337 1364 4429 sapientiam,
1389 4337 1584 4410 bonitatem
1606 4353 1643 4410 et
1660 4339 1926 4409 beneficentiam
1944 4360 2023 4427 erga
2040 4359 2118 4422 nos,

96 4448 280 4533 remediis,
300 4453 458 4540 qu'orulu
473 4465 577 4517 usum
591 4431 980 4516 abachittsdtdleeru.
1032 4432 1086 4511 At
1136 4451 1171 4508 et
1194 4461 1344 4529 quarum
1365 4439 1607 4510 doctrinarum
1628 4463 1732 4510 urum
1754 4439 1917 4530 prodesse
1937 4435 2033 4510 Deos
2057 4461 2119 4528 ge·

94 4549 280 4624 Homerus
309 4541 447 4641 πικρὰν
475 4539 783 4638 ρίζανιῐιοωῐωῑ,
814 4559 904 4630 quae
928 4547 1085 4612 veterum
1136 4537 1214 4608 ueri
1236 4532 1391 4608 humano
1414 4539 1546 4624 voluit,
1577 4563 1642 4610 nec
1662 4539 1811 4613 delectet
1830 4562 1893 4609 vos
1913 4539 1974 4610 illa
1995 4538 2118 4634 cynica

95 4651 325 4742 scriptorum
348 4647 481 4724 iuditio
503 4634 845 4740 eatdpoorolops'esj·
874 4635 944 4714 Sed
959 4636 1084 4730 omitto
1136 4637 1326 4730 sapientia,
1349 4661 1438 4732 quac
1458 4640 1602 4736 plausus
1623 4642 1717 4731 apud
1738 4641 1863 4711 stultos
1886 4652 2002 4729 captat
2021 4639 2117 4712 vitu·

95 4753 301 4824 ontionem
321 4749 367 4824 de
388 4749 474 4822 artis
487 4742 729 4835 initiisaiquia
744 4737 1085 4829 attendebamus,
1136 4737 1318 4831 paratione
1338 4740 1580 4812 doctrinarum
1600 4754 1634 4810 et
1655 4738 1809 4824 ordinis,
1832 4760 1937 4832 quem
1958 4737 2054 4812 Deus
2077 4739 2117 4810 in

94 4855 303 4948 primorum
322 4864 461 4942 panum
482 4845 692 4939 sapientiam
713 4837 950 4924 baraeluisse,
975 4837 1087 4928 expli·
1136 4853 1208 4914 tota
1238 4854 1365 4911 natura
1391 4853 1426 4912 et
1456 4839 1495 4910 iu
1523 4839 1595 4910 vita
1619 4834 1805 4911 hominum
1829 4839 1954 4914 sanxit
2003 4839 2122 4912 Nobis·

96 4955 279 5026 tationem
300 4951 389 5042 legis
413 4937 555 5017 divinae
577 4960 614 5016 et
625 4940 870 5035 promissionis
885 4942 936 5022 da
945 4937 1087 5016 ttedia-
1136 4939 1301 5034 quidem,
1331 4939 1396 5034 qui
1414 4940 1587 5011 mediocri
1606 4940 1791 5011 sedulitate
1814 4941 2012 5012 doctrinam
2033 4966 2118 5034 pro-

97 5071 198 5140 tore,
221 5067 257 5126 et
271 5053 317 5132 de
330 5046 637 5128 marilianum,
662 5047 707 5136 tlt
720 5041 838 5137 esuris
849 5037 1085 5120 calamitatum
1136 5061 1327 5130 paganus,
1343 5051 1379 5113 at
1399 5062 1527 5129 magno
1546 5041 1667 5112 labore
1680 5038 1830 5127 aegrotis
1844 5041 2029 5125 adsumus,
2054 5043 2119 5110 da-

97 5153 359 5234 hammon,
383 5149 485 5228 atde
499 5143 723 5229 ww
734 5142 1087 5223 carcassonense
1136 5160 1216 5216 mus
1230 5139 1378 5216 omitia
1390 5153 1424 5212 st
1439 5139 1613 5226 remedia,
1639 5152 1674 5212 et
1688 5162 1763 5210 uon
1778 5139 1854 5210 sine
1869 5139 1992 5211 dolore
2005 5141 2118 5210 multa

99 5254 231 5328 adnue
262 5236 749 5338 emsldnmkemoaatm,
774 5229 1089 5330 &carminat
1137 5241 1252 5318 uisus
1274 5241 1483 5334 spument·
1519 5237 1712 5326 cemimus,
1749 5239 1973 5332 praecipuam
2004 5238 2120 5312 adlert

99 5351 164 5428 bis,
188 5353 278 5449 anui
301 5335 1095 5446 damnosenasrerimnctnsosultua.
1119 5341 1413 5422 'mordaciores
1427 5333 1603 5514 baaretipsa
1615 5365 1737 5428 cauea,
1759 5339 1857 5435 quod
1870 5339 2122 5412 acimusDeum
