4682 5826
87 311 148 392 stt

175 477 230 552 18.
267 467 318 548 111
337 471 506 549 contritio
525 485 578 556 est
597 477 681 542 rere
702 488 932 562 expavescere
944 469 1057 559 agnis

87 587 170 658 tione
181 582 249 654 irae
263 577 516 650 Ilei'adversua
533 571 692 666 peccata,
719 585 753 643 et
768 572 889 642 dolere
908 584 1056 664 propter

696 293 963 424 Putat-ert
1001 289 1452 372 MELANTHONIS.

2017 297 2152 378 642·

1105 463 1322 566 hypocritae.
1389 465 1473 540 Non
1497 467 1592 538 enim
1618 481 1702 540 sunt
1723 468 1815 540 levia
1828 463 1930 542 'mala
1949 471 2094 545 dubita·

1107 575 1243 654 tiones,
1276 570 1517 654 diffidentiae,
1549 571 1683 640 multae
1704 571 1943 660 ignorantiae,
1967 575 2094 646 multi-

87 687 186 760 ltsum
219 693 265 752 et·
285 678 400 750 filium
433 676 517 748 'eius
533 675 733 748 Dominum
753 687 917 745 nostrum
939 671 1057 745 le'sum
1105 675 1216 766 plices
1229 673 1457 757 omissiones,
1481 669 1648 761 frigidius
1670 685 1706 744 et
1727 673 1931 765 languidius
1946 676 2095 766 diligere

86 781 263 859 Christum.
293 779 295 784 ’
335 792 338 800 “

173 881 230 960 14.
251 881 311 954 Sit
321 901 427 952 verus
443 879 549 950 dolor
562 889 597 950 et
611 901 735 970 pavor,
759 901 825 948 nec
845 875 1057 969 disputetur,

86 1013 124 1060 an
137 985 177 1060 sit
189 983 373 1056 sufficiens.
426 979 521 1071 Quia
536 995 659 1052 nostra
674 979 840 1052 contritio
854 1003 929 1048 non
943 1001 1058 1050 mere-

86 1105 138 1162 tur
150 1086 411 1169 remissionem,
435 1096 470 1154 et
484 1082 514 1152 si
529 1097 702 1154 cresceret
721 1083 761 1152 in
771 1081 884 1151 'nobis
898 1105 965 1173 pro
981 1104 1058 1150 ma-

87 1189 258 1282 gnitudine
273 1186 423 1279 peccati,
449 1184 739 1274 extinguerentur
759 1178 942 1269 homines,
967 1182 1058 1253 sicut

87 1291 175 1362 multi
190 1289 293 1382 impii
308 1309 413 1358 sensu
429 1287 502 1356 irae
516 1283 584 1356 Dei
598 1286 717 1356 subito
741 1291 905 1377 pereunt.

172 1386 232 1462 16.
273 1388 328 1462 811
350 1388 460 1480 igitur
480 1387 669 1469 contritio,
701 1389 762 1456 sed
792 1388 933 1456 accedat
961 1385 1059 1470 fides,

89 1517 145 1588 qua
164 1491 412 1584 unusquisque
439 1511 521 1576 rere
542 1491 663 1560 credat
686 1503 722 1560 et
741 1499 871 1558 statuat
894 1487 964 1558 sihi
988 1487 1058 1578 ipsi

88 1594 200 1665 remitti
223 1605 366 1686 peccata
390 1591 517 1682 gratis,
556 1604 702 1684 propter
721 1591 836 1660 lilium
858 1585 946 1675 Dei,
982 1613 1057 1660 non

88 1709 215 1788 propter
229 1694 377 1787 propria
399 1694 473 1764 ulla
491 1691 628 1766 merita.

173 1797 229 1870 to.
271 1793 349 1868 Hac
370 1795 440 1866 lide
462 1807 497 1864 et
512 1792 743 1888 consequitur
755 1785 864 1863 homo
877 1791 1059 1862 remissio·

88 1919 156 1966 nem
169 1909 391 1988 peccatorum
406 1909 522 1980 certo,
549 1907 584 1966 et
609 1915 732 1966 1111111
753 1895 903 1984 erigitur
920 1918 998 1979 cor,
1023 1905 1058 1962 et

88 1997 288 2080 vivificatur,
316 1998 448 2084 idest,
471 1995 861 2087 mitiganturpavores,
887 2009 923 2067 et
938 1995 1059 2066 conci-

87 2097 168 2188 pitnr
179 2098 338 2191 Spiritus
347 2112 513 2180 sauctm,
538 2096 769 2170 senovastre
794 2110 829 2169 et
846 2097 996 2183 laeticia,
1017 2109 1060 2169 ut

86 2195 219 2274 111115.
232 2201 383 2273 dicitnr:
409 2197 592 2270 lustilicati
606 2200 676 2270 fide
689 2199 810 2290 pacem
826 2194 1009 2270 habemus.

174 2302 229 2374 17.
276 2301 385 2373 Hunc
407 2301 597 2372 articulum
621 2321 761 2390 necesse
777 2299 886 2370 estin
902 2297 1058 2370 Ecclesia

37 2485 38 2490 ¹
87 2404 221 2494 proponi
243 2416 284 2476 et
308 2402 501 2487 illustrari,
530 2401 669 2473 etiarnsi
693 2400 887 2473 reclamant
909 2400 1061 2475 Pontifi-

88 2525 148 2591 ces,
169 2503 305 2596 Reges,
332 2499 506 2576 Monachi
522 2515 556 2575 et
570 2523 693 2574 omnes
708 2497 925 2596 hypocritae.

176 2606 233 2682 18.
277 2603 351 2676 Nec
384 2605 657 2679 adsentiendum
686 2616 740 2673 est
770 2603 1060 2695 oppugnantibus

88 2699 168 2778 hunc
187 2708 400 2793 articulum,
441 2706 579 2778 etiarnsi
599 2705 755 2776 clamant
780 2729 846 2774 nos
876 2705 1061 2775 seditiosos

89 2819 138 2878 aut
157 2803 355 2881 haereticos
372 2815 459 2882 ess‘e.
511 2805 582 2878 Sed
608 2807 761 2880 tenenda
786 2818 838 2877 est
858 2807 995 2896 regula:
1021 2804 1061 2876 Si

89 2909 154 3000 quis
167 2912 268 2982 aliud
284 2907 522 3000 Evangelium
538 2910 661 2993 docet,
685 2903 872 2980 anathema
888 2909 945 2979 sit.

173 3013 229 3084 19.
269 3009 367 3082 Haec
391 3012 512 3099 regula
536 3010 620 3082 satis
638 3023 778 3083 excusat
791 3033 875 3098 nos,
900 3034 983 3081 cum
998 3009 1062 3080 ad·

88 3133 256 3185 versamur
269 3110 504 3184 Pontificibus
520 3107 721 3200 etRegibus
735 3111 795 3205 qui
812 3114 984 3182 damnant
1001 3135 1063 3180 ve-

37 3239 38 3250 *
91 3212 231 3302 ritatem,
261 3211 340 3284 lmo
356 3235 496 3284 necesse
517 3221 568 3298 111
591 3235 658 3282 nos
672 3212 817 3282 obedire
832 3210 909 3283 Deo
927 3213 1065 3302 praeci·

37 3347 38 3400 3
90 3313 204 3402 pienti,
229 3328 270 3387 ut
293 3315 547 3405 amplectamur
560 3307 819 3402 Evangelium,
841 3326 877 3385 ct
898 3315 1063 3384 adverse-

91 3416 364 3486 murerroribns.
544 3433 547 3438 '
1051 3493 1056 3504 ,

175 3517 237 3588 20.
264 3517 426 3588 Pertinet
439 3517 483 3586 ad
500 3515 800 3608 praedicationem
816 3513 1065 3606 poenitentiae,

92 3616 181 3688 etiam
203 3619 369 3691 doctriua
394 3620 438 3688 de
461 3617 620 3690 novitate
644 3618 757 3702 vitae,
780 3639 842 3686 seu
857 3619 963 3688 bonis
980 3643 1085 3709 ope·-

91 3717 194 3806 ribus,
219 3722 304 3817 quia
329 3733 531 3812 peccatum,
564 3743 644 3788 cum
666 3720 853 3790 remissum
878 3733 912 3790 et
933 3730 1064 3790 tectum

91 3817 141 3904 sit,
165 3847 235 3893 non
258 3836 383 3912 regnet
407 3821 573 3914 deinceps
594 3820 633 3888 in
654 3821 772 3891 nobis.
823 3815 871 3891 Et
888 3815 1065 3890 lohannes

92 3921 179 3992 dicit:
230 3925 366 3996 Facite
390 3921 525 3993 fructus
564 3921 691 4012 dignos
731 3921 961 4016 poenitentia.
1018 3918 1066 3994 Et

91 4016 213 4096 Esaias:
241 4015 378 4098 Discite
400 4037 494 4096 recte
516 4025 649 4106 facere,
678 4039 712 4097 et
733 4024 884 4096 desinite
897 4025 990 4096 male
1012 4025 1068 4094 11·

92 4145 167 4200 tere.

177 4227 240 4303 st.
267 4225 315 4298 Et
334 4229 373 4297 iu
388 4223 561 4302 Zacharia
577 4226 725 4299 dicitur:
751 4225 947 4301 Effundam
961 4203 1068 4321 super

92 4325 223 4400 domum
240 4325 360 4402 David
379 4331 543 4424 spiritum
570 4329 702 4421 gratim
717 4343 752 4402 et
774 4355 929 4422 precum.

177 4433 241 4504 22.
277 4429 432 4534 Accepto
449 4431 587 4525 Spiritu
610 4444 732 4502 sancto
755 4432 843 4517 lide,
869 4429 1068 4516 statuimus,

94 4533 175 4620 quod
190 4534 303 4604 simus
318 4532 357 4603 in
373 4535 498 4626 gratia,
524 4534 622 4615 iusti,
648 4533 686 4603 id
702 4547 765 4619 est,
789 4532 923 4625 accepti
939 4546 975 4604 et
989 4533 1068 4623 pla-

71 4655 73 4658 ·
93 4645 199 4704 centes
216 4631 315 4722 Deo,
339 4651 486 4728 propter
499 4637 743 4708 mediatorem.
794 4631 845 4706 Et
859 4634 942 4728 quia
958 4655 1070 4723 ogno-

1106 776 1247 860 Deum,
1285 777 1428 844 credere
1462 785 1497 844 et
1526 774 1671 861 timere,
1706 786 1740 845 et
1771 776 1905 847 multae
1937 791 2094 851 errantes
2173 809 2179 825 ¹

1106 879 1270 950 flammae
1295 873 1546 966 cupiditatum.

1209 989 1271 1067 24.
1311 990 1409 1062 Η111
1433 1017 1636 1086 quanquam
1662 1007 1746 1066 sunt
1774 1017 1902 1086 magna
1924 1009 1959 1068 et
1980 997 2096 1071 tristia

1108 1095 1220 1181 mala,
1246 1107 1364 1165 tamen
1381 1107 1550 1184 teguntur
1567 1096 1738 1167 immensa
1763 1095 2023 1184 misericordia,
2046 1100 2096 1170 si·

1109 1213 1170 1270 cut
1192 1196 1353 1267 Psalmus
1376 1196 1438 1266 82.
1461 1197 1566 1268 dicit:
1598 1193 1699 1268 Beati
1724 1223 1877 1292 quorum
1905 1212 1993 1270 tecta
2013 1215 2097 1274 sunt

1107 1313 1266 1394 peccata:
1295 1312 1328 1369 et
1345 1312 1428 1370 sunt
1442 1299 1606 1386 remissa,
1632 1299 1812 1372 conversis
1826 1303 1871 1372 ad
1885 1296 2016 1388 Deum,
2040 1325 2097 1374 re-

1109 1401 1307 1473 tinentibus
1322 1401 1441 1470 fidem.

1208 1515 1271 1591 25.
1306 1515 1372 1590 Est
1388 1541 1471 1608 ergo
1488 1533 1666 1609 peccatum
1684 1519 1724 1589 in
1742 1520 1874 1592 renatis
1890 1519 1929 1592 in
1947 1517 2013 1593 hac
2026 1523 2100 1597 vita

1109 1623 1274 1706 mortali,
1306 1622 1367 1690 sed
1398 1643 1472 1689 non
1495 1643 1661 1710 regnans.
1720 1619 1827 1692 Tune
1854 1648 1938 1694 vcro
1969 1625 2100 1699 iterum

1109 1737 1245 1813 regnat,
1272 1723 1416 1817 quando
1434 1721 1622 1811 indulgent
1638 1717 1801 1794 homines
1818 1739 1959 1815 peccato
1976 1741 2101 1800 contra

1110 1825 1374 1898 conscientiam.
1397 1821 1447 1895 Ut
1462 1826 1607 1918 quando
1621 1826 1737 1896 renati
1752 1826 1903 1898 redeunt
1918 1829 1964 1899 ad
1980 1829 2102 1921 priora

1110 1927 1227 2013 idola,
1251 1927 1387 1998 dedunt
1407 1949 1444 1994 se
1459 1921 1651 2016 prohibitis
1666 1926 1889 2014 libidinibus,
1914 1931 2102 2002 scortatio·

1110 2029 1237 2115 nibus,
1265 2024 1470 2113 adulteriis,
1501 2026 1673 2101 adficiunt
1700 2027 1790 2100 alios
1819 2029 1964 2104 iniuriis
1985 2031 2100 2104 scien·

1113 2145 1164 2202 tes
1192 2143 1257 2206 etc.

1212 2248 1274 2321 26.
1308 2245 1391 2320 Non
1415 2261 1533 2320 manet
1550 2247 1709 2342 Spiritus
1730 2263 1872 2326 sanctus
1895 2252 2101 2341 intralibus,

1111 2352 1175 2447 qni
1192 2351 1379 2440 indulgent
1395 2363 1539 2442 peceato
1553 2366 1676 2423 contra
1690 2354 1965 2441 conscientiam,
1991 2366 2025 2426 et
2040 2379 2103 2426 ex·

1114 2454 1247 2524 cutitur
1270 2453 1376 2538 fides,
1402 2475 1492 2546 quae
1517 2466 1620 2523 antea
1641 2453 1757 2526 suerat
1773 2456 1812 2524 in
1826 2457 1932 2526 corde
1946 2479 2104 2544 accensa,

1110 2579 1180 2649 qua
1197 2555 1361 2626 credebat
1373 2548 1502 2635 horno,
1526 2577 1563 2623 11
1578 2579 1597 2625 a
1613 2550 1690 2624 Deo
1704 2569 1883 2648 receptum
1903 2579 1997 2642 esse,
2020 2559 2102 2630 Deo

1110 2657 1267 2750 placere,
1291 2679 1329 2726 se
1342 2655 1523 2740 exaudiri,
1545 2679 1610 2726 nec
1626 2669 1745 2726 manet
1764 2681 1845 2730 vera
1860 2657 2053 2730 invocatio.

1113 2809 1117 2814 ·
1212 2770 1276 2848 27.
1307 2769 1491 2862 Cogitetur
1512 2795 1614 2864 ergo,
1648 2786 1781 2867 quanta
1802 2775 1850 2847 sit
1872 2768 2104 2846 1111111111-

1111 2873 1221 2944 minis
1246 2874 1503 2966 perseverantis
1525 2875 1564 2943 in
1594 2875 1748 2966 peccatis
1772 2890 1895 2950 contra
1922 2876 2106 2948 conscien-

1112 2975 1217 3061 tiam,
1244 2975 1328 3068 quia
1350 2973 1421 3045 iam
1442 2999 1516 3044 non
1540 2975 1684 3046 invocat
1697 2973 1832 3066 Deum,
1859 2990 1992 3050 etcum
2007 2977 2105 3048 vivat
2215 3047 2220 3062 ,

1111 3079 1150 3148 in
1175 3077 1337 3148 maximis
1360 3075 1544 3168 periculis,
1574 3101 1650 3148 non
1681 3082 1788 3151 audet
1809 3093 1962 3156 statuere
1984 3102 2023 3152 se
2041 3079 2106 3166 deq

1111 3181 1211 3252 iendi
1227 3193 1261 3250 ct
1277 3178 1428 3251 iuvaris
1444 3177 1532 3255 Deo.

1213 3297 1276 3371 28.
1302 3295 1381 3367 lmo
1396 3299 1624 3392 perseverans
1641 3299 1847 3393 inpeccatis
1869 3298 1992 3373 cdntra
2017 3325 2106 3374 con·

1114 3397 1319 3483 scientiam,
1354 3397 1425 3468 ruit
1450 3399 1490 3494 in
1514 3413 1674 3470 aeternas
1698 3423 1852 3492 poenas,
1881 3399 2107 3479 1111111115.

1113 3499 1260 3673 gicbiturt:
1288 3498 1362 3590 Qui
1377 3501 1462 3572 talia
1479 3501 1631 3589 faciunt,
1655 3524 1804 3594 regnum
1818 3499 1886 3573 Dei
1901 3528 1976 3574 non
1988 3504 2105 3597 possi·

1139 3626 1158 3671 e
1185 3627 1262 3675 un.

1213 3719 1275 3794 29.
1309 3715 1388 3792 Etsi
1404 3742 1530 3811 magna
1548 3721 1639 3791 mala
1665 3734 1749 3792 sunt
1764 3735 1903 3814 peccata
1922 3717 2106 3795 haerentia

1115 3820 1160 3890 in·
1170 3822 1301 3893 renatis
1324 3823 1362 3890 in
1386 3818 1454 3893 hac
1470 3823 1563 3908 vita,
1589 3823 1720 3918 quibus
1736 3822 1865 3916 spiritu
1887 3837 2104 3917 repugnant:

1115 3936 1233 3994 tamen
1264 3924 1404 3995 infinita
1436 3925 1601 3996 distantia
1626 3942 1678 3998 est
1699 3927 1794 3998 iuter
1819 3951 1858 3998 ea
1881 3941 2045 4020 peccata,
2070 3940 2106 4000 et

1115 4025 1235 4116 lapsus
1255 4040 1378 4097 contra
1399 4027 1670 4110 conscientiam,
1704 4027 1767 4122 qui
1789 4032 1972 4102 excutiunt
1986 4027 2105 4121 spiri-

1116 4139 1191 4198 tum
1209 4141 1381 4202 sauctum.
1569 4207 1573 4212 ,

1219 4229 1282 4299 80.
1324 4228 1410 4300 ldeo
1434 4229 1602 4300 omnibus
1623 4230 1730 4302 nobis
1750 4229 1919 4302 acerrime
1941 4251 2104 4324 pugnan-

1116 4331 1202 4402 dum
1227 4343 1296 4424 est,
1322 4345 1363 4402 nt
1382 4331 1597 4402 retineamus
1622 4331 1798 4423 Spiritum
1830 4342 2010 4418 sanctum,
2039 4355 2106 4404 nee

1116 4433 1280 4502 labamur
1313 4445 1437 4503 eontra
1470 4433 1742 4518 conscientiam,
1782 4433 1879 4505 iuxta
1914 4432 2020 4506 illud:
2064 4431 2106 4506 Si

1117 4536 1272 4605 actiones
1290 4534 1408 4625 cornis
1432 4534 1562 4627 spiritu
1578 4534 1855 4620 mortificabitis,
1880 4534 2018 4607 vivetis.
2117 4595 2121 4600 .

1217 4637 1281 4710 81.
1308 4635 1446 4726 Spiritu
1458 4637 1707 4728 reprimendae
1723 4650 1805 4708 sunt
1824 4637 1986 4706 flammae
1998 4636 2106 4730 cupi·

92 4729 284 4806 seimusDei
298 4761 379 4828 erga
395 4761 461 4808 nos
476 4735 755 4810 misericordiam
771 4751 806 4810 et
822 4735 1069 4828 praesentiam,
1117 4737 1277 4808 ditatum.
1335 4733 1432 4828 Ergo
1462 4761 1603 4810 necesse
1630 4739 1751 4810 estid
1775 4738 1850 4807 lieri
1875 4737 2004 4809 timore
2025 4736 2107 4826 Dei,
2178 4781 2185 4799 ι

93 4832 305 4925 invocamus,
338 4853 371 4911 et
393 4839 576 4930 diligimus
596 4863 698 4926 enm,
730 4850 765 4909 et
785 4860 860 4908 nos.
874 4837 971 4931 ipsos
990 4835 1068 4908 Deo

93 4935 298 5015 subiicimus.
350 4939 402 5012 lta
427 4942 591 5014 incoatnr
615 4941 653 5014 in
677 4941 782 5012 nobis
808 4941 959 5011 interior
981 4941 1068 5012 obe·

94 5033 211 5110 dientia
229 5056 265 5113 et
278 5056 476 5136 sequuntur
490 5044 624 5113 externi
639 5043 715 5114 veri
730 5043 864 5126 cultus,
888 5041 1068 5113 invocatio

92 5135 255 5228 11111111,
281 5145 451 5216 confessio
465 5141 672 5235 Evangelii,
697 5158 732 5216 ct
747 5142 1068 5216 obedientiaiuxta

93 5243 242 5314 mandata
260 5241 332 5315 Ilei
348 5245 387 5316 in
402 5244 571 5316 omnibus
585 5245 739 5318 externis
757 5246 938 5340 operibns.

179 5343 245 5442 26.
279 5343 328 5418 Et
341 5361 461 5420 tamen
476 5358 595 5418 manet
611 5360 792 5438 peccatum
809 5349 847 5418 in
863 5345 1006 5427 renatis,
1028 5345 1067 5416 in

93 5431 256 5534 11111111,
281 5451 378 5544 quod
395 5471 471 5522 non
489 5462 541 5524 est
553 5447 631 5524 leve
644 5448 799 5538 malum,
821 5461 862 5522 ut
875 5460 1067 5522 extenuant

1117 4839 1187 4909 lide
1197 4893 1208 4926 ,
1233 4839 1458 4910 invocatione
1481 4837 1570 4922 Dei,
1596 4853 1637 4912 ut
1658 4841 1823 4918 iuvamur
1844 4852 1878 4911 et
1899 4860 2063 4930 regamur
2084 4863 2106 4913 a

1117 4937 1214 5026 Deo,
1239 4963 1285 5012 nc
1307 4963 1483 5030 erremus,
1515 4947 1550 5015 e't
1571 4963 1716 5014 mamus
1739 4941 1869 5013 contra
1884 4942 2105 5014 voluntatem

1117 5039 1194 5114 Dei.

1219 5141 1280 5219 82.
1305 5141 1447 5217 Etcum
1460 5165 1587 5236 magna
1603 5145 1649 5217 ait
1661 5143 1849 5216 infirmitas
1868 5157 2007 5226 nostra,
2030 5167 2105 5216 me-

1117 5244 1288 5318 minerint
1303 5247 1357 5339 pii
1370 5247 1583 5348 promissum
1607 5269 1680 5319 esse
1702 5248 1893 5333 auxilium,
1918 5259 1959 5318 ut
1972 5245 2105 5322 Paulus

1117 5345 1236 5442 inquit
1257 5343 1390 5440 Philip.
1413 5351 1468 5420 2.:
1502 5348 1600 5421 Deus
1624 5363 1694 5438 est,
1719 5351 1780 5446 qui
1806 5348 1931 5431 efficit,
1955 5360 1996 5418 ut
2015 5345 2106 5416 veli·

1116 5447 1181 5539 tis,
1206 5463 1242 5522 et
1261 5463 1302 5522 ut
1314 5448 1515 5542 perficiatis.
1564 5449 1604 5526 Si
1617 5454 1728 5527 sentis
1744 5451 1846 5524 initia
1866 5444 2106 5541 poenitentiae
