4604 5804
71 215 158 344 333
293 329 297 334 .
422 363 424 368 ¹
717 213 1456 336 3313133133333333313.
1551 191 1564 206 ’
1911 293 1917 300 -
2019 261 2104 348 en

77 434 193 512 Primo
209 435 256 508 de
269 420 692 527 ’3313331113ἔ33333.
720 429 816 506 Nam
829 431 969 506 etiamsi
981 455 1063 530 per-
1113 428 1346 538 temperantis
1364 423 1407 502 ia
1423 427 1481 504 eis
1499 440 1571 520 331,
1595 432 1679 530 quii
1700 449 1737 512 et
1748 434 1912 512 venerem
1926 438 2101 530 nesciunt,
2134 465 2135 468 ’

76 540 200 625 311133,
219 535 421 632 quodDeus
431 535 633 609 condiderit
642 525 710 623 res,
729 547 849 606 tamen
860 535 993 605 3113333
1004 557 1062 606 33-
1113 543 1149 602 et
1169 525 1342 605 melta‘ad
1363 547 1526 606 nostrum
1548 557 1653 609 usum
1674 539 1877 616 conficiunt.
1938 538 1988 616 Et
2008 543 2100 616 sicut

75 641 145 726 113,
169 641 256 733 quia
269 641 309 709 in
322 640 456 710 mundo
471 651 543 710 tam
556 637 668 709 multa
681 637 811 708 iniuste
823 637 935 726 bunt,
958 649 1063 725 negat
1113 635 1162 704 ob
1185 626 1249 703 has
1268 635 1417 708 virtutes
1437 660 1513 707 non
1530 637 1699 712 dicuutur
1714 635 1943 730 christianae,
1967 645 2017 715 ita
2033 670 2099 717 nec

76 739 180 814 31133
195 763 255 810 res
268 739 472 832 gubernari,
492 740 555 811 331
566 739 730 824 somniat,
749 738 846 832 quod
856 733 954 808 11333
967 757 1064 808 nunc
1114 727 1277 804 homines
1296 747 1381 808 3331
1402 732 1588 810 christiani
1611 753 1755 834 propter
1774 744 1868 814 33133
1882 745 2005 815 civiles
2019 769 2099 818 mo·
2132 747 2134 750 ’

78 837 342 929 ociumhabeat,
361 855 395 912 et
409 840 502 912 sinat
516 863 580 912 333
592 841 746 936 quodam
755 841 889 931 impetu
899 851 1064 916 naturam
1114 857 1188 918 res,
1222 838 1281 906 sed
1311 837 1395 932 quia
1423 841 1591 928 credunt,
1623 845 1719 936 quod
1747 858 1892 936 propter
1913 839 2098 920 Christum

75 944 180 1027 ferri,
206 943 299 1014 sicut
318 943 435 1028 faber,
462 938 672 1036 quinarem
693 941 794 1022 feeit,
815 940 880 1011 ubi
898 940 1065 1024 absolvit,
1113 931 1212 1008 11333
1234 935 1340 1010 nobis
1363 953 1505 1032 peccata
1522 943 1779 1017 condonaverit
1797 959 1832 1017 et
1845 949 2017 1040 receperit
2030 973 2098 1021 nos

76 1045 225 1116 discedit
244 1047 293 1116 ab
315 1067 356 1116 33
378 1056 415 1112 31
436 1043 626 1119 committit
647 1065 723 1113 eam
744 1040 911 1113 fluctibus
932 1055 968 1112 et
988 1063 1065 1110 nou
1112 1035 1152 1107 in
1168 1039 1331 1128 gratiam,
1351 1039 1581 1134 sicptPaulus
1594 1044 1661 1116 ait:
1685 1045 1902 1120 arbitramur
1915 1048 2099 1122 iustificari

20 1125 24 1134 ⁸
78 1149 251 1236 gubernat
266 1168 355 1219 3333.
404 1141 474 1216 1113
486 1140 689 1216 Christiana
705 1142 868 1214 doctrina
883 1143 1064 1214 diversum
1113 1133 1278 1210 homines
1302 1139 1491 1234 perfidem
1513 1145 1590 1215 sine
1612 1148 1780 1241 operibus
1804 1148 1901 1239 legis.
1952 1145 2001 1224 Et
2022 1153 2099 1246 pri-

77 1252 194 1327 docet,
221 1260 258 1318 et
278 1256 401 1316 monet
424 1266 510 1333 nos,
534 1269 580 1316 ne
603 1269 667 1338 per
686 1238 950 1337 philosophiam
966 1242 1065 1314 deci-
1114 1263 1192 1311 mae
1211 1234 1483 1314 Corinthiorum
1504 1245 1647 1336 primo:
1680 1247 1753 1320 uon
1786 1249 1959 1340 glorietur
1979 1255 2098 1324 333313
2141 1347 2143 1352 Ι

77 1348 228 1442 piamur.
275 1346 374 1418 Tum
388 1347 481 1418 fallit
494 1341 735 1440 philosophia,
761 1345 905 1440 quando
920 1341 1066 1429 131133,
1114 1365 1196 1412 caro
1219 1341 1259 1412 13
1272 1355 1462 1437 conspectu
1476 1343 1571 1433 3133,
1596 1369 1638 1418 er
1654 1349 1732 1441 ipso
1748 1365 1866 1422 autem
1881 1355 2098 1426 3333311313

78 1462 139 1520 aut
155 1447 285 1520 131131
308 1447 465 1518 consiliis
485 1447 614 1540 incipit
625 1448 799 1520 iudicare:
825 1446 910 1541 quia
925 1443 1065 1518 anima·
1112 1437 1257 1515 Christo
1274 1441 1373 1531 1333,
1397 1445 1462 1540 qui
1474 1447 1589 1519 iaetus
1602 1461 1655 1520 331
1669 1451 1776 1522 nobis
1789 1453 1959 1544 sapientia
1977 1452 2118 1546 aDeo,.

77 1548 121 1620 113
140 1545 252 1620 homo
271 1573 346 1620 non
362 1548 513 1640 percipit
529 1571 588 1630 33,
611 1571 702 1643 quse
716 1547 787 1620 Dei
801 1561 895 1631 sunt.
943 1546 1067 1636 Signi·
1115 1557 1149 1616 et
1169 1543 1310 1618 iusticia
1335 1559 1370 1618 ct
1390 1547 1673 1622 33331113311331
1699 1555 1906 1647 redemptio.
1973 1555 2098 1654 Neque

77 1649 154 1722 beat
172 1664 301 1721 autem·
317 1649 484 1720 animalis
503 1645 613 1721 homo
628 1663 738 1722 totam
756 1661 919 1720 naturam
935 1671 1064 1739 corpo-
1110 1643 1199 1716 'vero
1221 1647 1319 1719 tollit
1340 1641 1534 1720 christiana
1553 1651 1714 1724 doctrina
1736 1653 1857 1726 civiles
1874 1680 2010 1744 mores,
2036 1664 2099 1731 sed

79 1751 208 1840 ralem,
235 1771 313 1820 nun
335 1745 715 1842 renovatamaspiritu
728 1762 861 1822 333313.
911 1743 979 1818 1113
995 1749 1065 1820 113-
1114 1767 1175 1820 333
1199 1747 1326 1838 erigit,
1352 1761 1388 1820 31
1410 1744 1676 1846 philosophiam
1698 1777 1759 1826 seu
1773 1755 1947 1828 rationem
1962 1763 2099 1852 praeci.
2187 1751 2200 1766 “

79 1873 143 1945 que
166 1839 300 1924 natura
322 1851 515 1944 corporalis
536 1847 630 1926 nihil
652 1864 767 1943 potest
785 1852 829 1920 de
845 1846 912 1920 Dei
933 1849 1065 1926 voluu—
1113 1849 1272 1940 piantem
1292 1851 1337 1922 de
1359 1849 1527 1924 3131111333
1547 1855 1709 1927 manlius
1728 1859 1919 1950 approbat,
1952 1861 2043 1934 sicut
2063 1877 2099 1934 et

78 1965 144 2022 133
160 1951 364 2038 adfirmare,
388 1975 478 2045 quac
491 1965 630 2026 tautum
646 1951 795 2022 discitur
810 1973 852 2020 ex
865 1951 975 2020 verbo
984 1945 1065 2034 Dei,
1113 1949 1237 2020 3131133
1256 1950 1481 2050 magistratus
1502 1957 1693 2048 approbat,
1725 1969 1946 2056 3113313133,
1970 1985 2011 2034 33
2032 1987 2099 2036 au-

79 2049 308 2124 313311133133
323 2053 393 2138 ait,
412 2054 462 2138 ad
480 2053 594 2144 legem
608 2052 700 2140 etad
715 2049 974 2137 testimonium,
1000 2051 1064 2146 qui
1113 2045 1254 2122 thorem
1275 2074 1352 2125 3333
1374 2053 1535 2124 civilium
1558 2057 1842 2146 ordinationum,
1866 2057 2099 2135 113333313-

78 2177 151 2224 uon
165 2154 299 2227 dixerit
313 2153 689 2238 secundumverbum,
712 2147 798 2224 huic
812 2173 888 2222 non
903 2151 971 2222 erit
986 2174 1065 2223 ma-
1113 2152 1206 2222 cimo
1229 2153 1351 2224 tertio:
1384 2157 1523 2243 omnia,
1553 2182 1645 2251 quae
1665 2159 1828 2232 ordinata
1851 2178 1953 2250 sunt,
1976 2189 1996 2236 3
2019 2161 2099 2238 1133

77 2254 190 2326 131133
204 2254 281 2330 lux.
332 2252 426 2326 Sunt
440 2254 548 2345 igitur
561 2253 755 2326 sententiae
770 2265 885 2324 certae
900 2265 934 2322 et
946 2253 1063 2325 mani·
1114 2253 1279 2326 33113313
1299 2269 1394 2330 3331.
1443 2253 1558 2332 Etab
1579 2254 1720 2354 hirqui
1740 2283 1815 2334 non
1836 2257 1968 2338 habent
1989 2262 2117 2360 spiri}
2150 2255 2161 2268 ’

79 2353 183 2426 133133
211 2379 261 2426 ex
287 2355 464 2446 scriptura
490 2355 688 2444 eligendae,
709 2349 849 2450 ¹quibus
876 2353 1065 2440 discamus,
1112 2366 1190 2424 tum
1212 2368 1394 2443 sanetum,
1424 2369 1544 2429 tamen
1568 2361 1695 2452 exigit,
1726 2377 1768 2455 ut
1792 2363 1977 2438 frenentur
2000 2369 2099 2440 civili

79 2477 151 2524 non
171 2457 284 2526 modo
303 2477 359 2526 res
376 2448 489 2526 31133
507 2455 667 2528 conditas
681 2476 754 2526 3333
762 2502 776 2546 ,
800 2456 862 2525 sed
879 2455 984 2526 ctiam
998 2477 1065 2546 gu·
1114 2454 1263 2526 iusticia.
1314 2455 1364 2529 Ut
1385 2455 1474 2529 dicit
1491 2457 1639 2532 Paulus:
1667 2463 1723 2532 lex
1745 2477 1796 2534 331
1817 2465 1956 2538 13133113
1973 2471 2098 2562 posita.

80 2555 240 2643 berneri,
266 2552 383 2628 Deum
403 2578 470 2627 nos
490 2554 583 2628 alere
596 2579 637 2626 33
651 2570 783 2644 tegere,
808 2553 898 2627 alios
912 2569 1065 2643 servare,'
1115 2553 1220 2626 Item:
1245 2558 1301 2626 lex
1322 2567 1375 2630 est
1396 2560 1632 2651 paedagogus.¹
1673 2561 1745 2634 Sed
1766 2565 1805 2634 in
1826 2589 1867 2636 eo
1884 2567 2098 2642 dissentiunt

81 2655 164 2728 alios
193 2657 346 2749 punire,
378 2679 445 2727 nec
471 2655 669 2728 discessisse
692 2656 813 2727 Deum
842 2671 1013 2750 tanquam
1043 2682 1064 2728 a
1114 2657 1205 2727 ratio
1224 2671 1258 2729 et
1271 2655 1527 2748 Evangelinm‚
1553 2664 1649 2756 quod
1664 2659 1899 2756 Evangelium
1919 2673 2098 2762 3333131-
2141 2699 2167 2764 sp
2240 2673 2242 2680 ’

82 2758 160 2826 navi
177 2758 342 2844 fabrum,
365 2758 425 2829 331
449 2781 569 2847 regere
586 2751 648 2827 333
660 2755 752 2830 31331
767 2758 984 2848 gubernator
998 2780 1064 2828 na·
1114 2758 1221 2828 vilem
1239 2759 1412 2830 iusticiam
1425 2763 1509 2834 satis
1524 2785 1597 2834 esse
1611 2789 1729 2836 eoram
1745 2767 1836 2839 Deo.

82 2881 157 2940 vem
179 2859 273 2950 regit
292 2860 469 2950 praesenti
485 2859 639 2951 quadam
656 2860 831 2944 motione,
854 2871 895 2928 ut
910 2857 1064 2950 probant
1216 2857 1341 2930 Tertio
1362 2861 1516 2954 13111133,
1548 2865 1579 2934 31
1602 2879 1704 2958 putat
1725 2869 1899 2940 rationem
1924 2873 2008 2946 satis
2025 2869 2101 2958 ha·¹

16 3002 22 3014 ·
82 2952 143 3030 hae
157 2960 372 3048 sententiae,
394 2953 569 3030 Matthaei
585 2971 696 3030 sexto:
722 2957 828 3030 Pater
840 2971 974 3044 vester,
999 2959 1064 3054 qui
1114 2960 1198 3029 bere
1220 2960 1350 3030 virium
1366 2985 1485 3033 ersua
1501 2977 1627 3038 natura
1643 2969 1891 3054 contrariom,
1917 2995 1982 3045 nec
2000 2975 2099 3050 videt

83 3070 131 3130 331
151 3058 190 3128 13
207 3049 343 3148 333113,
368 3059 481 3154 pascit
494 3059 569 3136 itta.
621 3053 797 3133 Matthaei
812 3057 964 3131 decimo:
990 3061 1063 3133 133
1115 3082 1204 3150 opus
1226 3083 1300 3132 esse
1320 3062 1448 3154 spiritu
1470 3080 1612 3154 sancto,
1637 3069 1748 3158 quiet
1764 3071 2013 3146 33313331131
2029 3067 2098 3170 pu-

82 3181 233 3248 33333333
256 3181 333 3246 asse
355 3175 529 3247 veneunt,
552 3173 588 3233 et
609 3184 703 3246 unus
725 3185 768 3234 ex
787 3159 860 3232 illis
875 3185 950 3232 non
965 3161 1066 3233 cadet
1114 3162 1230 3246 riora,
1254 3175 1290 3233 et
1313 3177 1410 3254 regat
1424 3187 1508 3251 nos,
1533 3191 1580 3238 ne
1596 3170 1653 3241 rel
1668 3173 1716 3242 ab
1731 3173 1935 3247 infirmitate
1950 3185 2119 3250 naturae'

83 3278 184 3352 super
207 3276 340 3335 terram
362 3262 439 3331 sine
459 3275 558 3353 patre
578 3274 708 3334 vestro.
759 3259 905 3332 1333313
920 3262 1064 3357 quinto:
1114 3264 1172 3333 vel
1189 3260 1348 3336 Diabnlo
1379 3265 1652 3359 praecipitemur
1677 3273 1718 3342 in
1743 3276 1929 3350 manifesta
1951 3277 2099 3370 flagicia.

85 3355 183 3430 Pater
204 3384 306 3434 meus
325 3383 438 3456 usque
458 3362 565 3430 modo
583 3375 771 3453 operetur,
795 3375 831 3431 et
846 3383 910 3452 ego
924 3384 1065 3453 operor.
1114 3363 1186 3433 Sed
1202 3359 1437 3454 Evangelium
1459 3369 1584 3462 13331,
1603 3396 1665 3442 cor
1685 3396 1759 3446 esse
1780 3375 1961 3468 impurum
1979 3393 2099 3472 etar-

83 3453 171 3549 Eph.
193 3465 243 3535 13
292 3474 459 3555 operatur
493 3459 615 3532 omnia
650 3461 846 3533 secuudum
876 3461 1063 3540 consilium
1115 3465 1199 3534 dere
1228 3467 1530 3558 concupiscentia:
1564 3470 1673 3554 Item,
1706 3475 1890 3547 diabolum
1920 3481 2026 3550 nobis
2048 3482 2099 3552 ita
2178 3533 2180 3544 1

81 3557 397 3638 33133131133333.
455 3557 667 3637 Coloss.1.:
701 3559 821 3632 omnia
852 3584 916 3655 per
947 3561 1063 3654 ipsum
1115 3559 1296 3652 insidiari,
1320 3581 1360 3638 ut
1380 3569 1486 3638 etiam
1511 3568 1550 3642 in
1566 3573 1750 3646 manifesta
1765 3576 1897 3667 flagitia
1915 3575 2100 3670 pertrabit·

85 3663 288 3739 consistunt.
339 3661 513 3736 Actorum
532 3659 607 3738 17.:
633 3661 672 3732 in
692 3661 771 3756 ipso
791 3663 963 3748 vivimus,
985 3689 1065 3734 mo·
1116 3663 1201 3736 1133
1216 3669 1390 3759 promittit
1406 3669 1572 3762 spiritum
1589 3688 1762 3762 sanctum,
1787 3679 1849 3771 qui
1864 3680 2099 3754 3331313333-

86 3781 203 3836 vemur
225 3767 413 3858 31333133.
462 3763 558 3840 Ρ331.
575 3761 677 3839 1013
703 3787 827 3834 33333
847 3764 923 3836 viae
947 3759 1065 3835 homi·
1115 3767 1264 3854 formet,
1295 3784 1393 3858 regat
1422 3784 1458 3842 et
1486 3775 1659 3862 gubernet
1683 3800 1758 3852 nos.
1833 3775 2007 3856 lobannis
2022 3780 2097 3862 15.;

86 3881 166 3934 num
186 3880 311 3959 patent
333 3866 447 3938 oeulis
469 3865 557 3942 3133.
606 3862 868 3938 Proverb.16.:
901 3865 1007 3938 dante
1029 3879 1065 3936 te
1115 3867 1192 3940 3133
1214 3893 1270 3939 me
1293 3871 1388 3942 nihil
1410 3875 1552 3964 potestis
1574 3875 1700 3955 facere.
1756 3875 1806 3951 Et
1825 3878 1934 3956 Rom.
1948 3884 2000 3960 8.:
2035 3887 2100 3980 qui

87 3958 163 4049 illis,
187 3967 367 4059 colligent.
418 3963 468 4042 Et
483 3966 522 4038 in
537 3965 699 4038 oratioue
715 3966 914 4038 dominicas
937 3989 1064 4060 panem
1117 3969 1246 4061 spiritu
1258 3967 1328 4040 Dei
1343 3986 1514 4063 aguntur,
1539 3976 1605 4048 11111
1618 3975 1690 4050 1131
1702 3995 1796 4058 3331.
1841 3981 1967 4072 Qualis
1981 4001 2100 4059 autem

64 4061 241 4140 'nostrum
255 4057 507 4162 pontidianum
523 4069 570 4138 da
584 4067 692 4139 nobis
705 4063 826 4140 hodie.
1116 4072 1162 4142 311
1190 4067 1316 4159 homo,
1350 4089 1385 4146 et
1414 4099 1486 4169 quo
1514 4092 1595 4150 ruat
1623 4082 1780 4154 desertus
1810 4082 1951 4171 31131,
1982 4087 2101 4160 Saulis
2179 4113 2187 4126 ¹

180 4167 346 4244 Secundo
361 4165 467 4241 ¹errat
495 4163 721 4261 philosophia
741 4172 786 4240 de
806 4167 1066 4255 iustificatione,
1117 4173 1315 4266 exemplum
1344 4178 1510 4253 ostendit.
1568 4178 1642 4252 sie·
1658 4183 1767 4274 igitur
1788 4180 2013 4278 philosophia
2036 4213 2101 4261 seu

88 4260 280 4358 313131331,
305 4266 1066 4350 3333331133331133333313113311331131333,
1116 4272 1290 4345 indicium
1311 4277 1459 4348 rationis
1479 4278 1523 4349 de
1545 4280 1669 4354 divina
1690 4284 1873 4358 voluntate
1896 4285 1990 4359 nihil
2012 4293 2102 4363 certi
2184 4294 2185 4298 ’

89 4357 133 4436 At
145 4361 334 4444 christiana
347 4369 509 4444 doctrina
520 4371 642 4456 docet,
667 4369 841 4446 iusticiam
857 4395 975 4442 coram
988 4368 1065 4443 Deo
1116 4375 1303 4447 adfirmare
1317 4391 1447 4469 potest,
1472 4381 1534 4452 sed
1549 4376 1593 4452 de
1606 4396 1733 4458 natura
1747 4411 1866 4458 rerum
1883 4390 1998 4486 deque
2012 4393 2102 4464 civi·
2185 4369 2193 4394 ¹

91 4460 186 4540 bdem
208 4495 282 4544 esse
303 4473 342 4544 in
355 4468 549 4548 Christum.
597 4465 751 4544 Etsicut
766 4471 806 4542 in
820 4473 947 4566 apibus
960 4485 1066 4544 natu·
1115 4477 1211 4546 libus
1223 4477 1381 4549 moribus
1390 4493 1488 4552 recte
1502 4482 1659 4556 iudicare
1673 4501 1797 4578 potest.
1848 4488 1969 4581 Quare
1982 4509 2103 4568 errant

91 4564 172 4640 rales
190 4573 341 4646 virtutes
362 4599 438 4646 non
458 4573 616 4646 efficiunt
638 4595 696 4644 333
712 4569 922 4646 christianas
934 4587 997 4646 aut
1009 4573 1066 4645 iu·
1117 4578 1179 4674 qui
1202 4601 1243 4648 ex
1262 4579 1400 4654 ratione
1414 4595 1477 4654 331
1491 4579 1717 4679 philosophia
1733 4589 1893 4663 iudicant
1907 4595 1951 4664 de
1968 4596 2102 4666 doctri·

92 4676 154 4736 8113
175 4695 293 4747 coram
309 4671 407 4764 Deo,
432 4675 482 4748 313
502 4698 569 4746 333
592 4671 714 4745 civiles
737 4699 853 4776 mores
877 4697 939 4746 seu
960 4689 1067 4746 3313-
1117 4703 1164 4750 33
1193 4672 1396 4758 christiana.
1460 4682 1537 4757 Imo
1556 4709 1664 4780 saepe
1686 4714 1814 4782 magna
1834 4707 1887 4765 est
1907 4698 2103 4769 consolatio

93 4767 174 4840 rales
192 4773 340 4868 virtutes
359 4773 427 4848 nos
443 4775 704 4849 1331331133133
717 4801 836 4848 coram
851 4772 941 4850 Deo.
991 4773 1069 4847 Ha·
1117 4779 1272 4872 piorum,
1297 4785 2104 4880 333133333331133133331333131131333311-

26 4931 30 4942 .
92 4859 169 4942 bent
180 4897 261 4968 apes
273 4877 499 4972 prudentiam
514 4875 598 4974 qnia
611 4891 701 4952 13313
714 4891 926 4952 construunt
934 4889 970 4978 et
982 4901 1069 4950 con·
1119 4883 1249 4952 manda
1270 4898 1324 4956 est
1343 4887 1509 4964 voluntas
1526 4886 1615 4978 Dei,
1644 4906 1686 4964 ut
1708 4894 1847 4986 quoties
1866 4897 1911 4970 de
1935 4901 2104 4990 13311133.

94 4965 234 5050 ⁸fittmut
246 4979 515 5070 rempublicam.
565 4977 711 5052 Habent
722 4994 759 5053 et
772 4979 960 5066 iusticiam,
984 4979 1069 5075 quia
1119 4982 1218 5055 tione
1249 4986 1443 5076 cogitamus
1471 4989 1579 5078 scire,
1611 4993 1709 5084 quod
1728 4992 1825 5067 Deus
1855 5000 1967 5071 solam
1997 5003 2103 5072 fldem

95 5068 159 5178 3⁰5⁸
186 5079 327 5170 regibus
357 5078 627 5172 diligentissime
656 5083 911 5174 obtemperant.
979 5079 1070 5153 ltem
1121 5084 1271 5177 imputet
1291 5111 1357 5180 pro
1370 5089 1527 5175 iusticia,
1541 5092 1701 5164 'mirifice
1715 5096 1919 5173 consolatur
1934 5103 2105 5175 animum.
2183 5097 2190 5116 ¹

95 5185 265 5277 33333133
287 5195 434 5268 mutuo,
461 5181 580 5254 levant
600 5205 710 5256 onere
730 5184 855 5269 133333,
877 5183 949 5256 avi
963 5196 997 5283 et
1012 5184 1071 5280 in·
1119 5183 1280 5258 Rursum
1301 5190 1407 5260 etiam
1430 5209 1551 5266 333331
1574 5188 1634 5276 hi,
1660 5197 1724 5290 qui
1737 5217 1972 5290 aspernantur
1986 5199 2107 5296 phito-

80 5269 189 5345 ·1nriis
203 5281 397 5355 abstinent:
424 5277 542 5355 113113
558 5281 654 5356 31331
671 5284 761 5356 mira
777 5285 961 5374 fortitudo,
986 5283 1072 5379 quia
1122 5282 1284 5379 sophiam
1318 5290 1532 5380 indicantem
1555 5297 1601 5368 de
1624 5301 1847 5374 naturalibus
1865 5305 1991 5380 rebusr
2025 5327 2110 5376 nam

98 5376 252 5456 iterrime
274 5383 447 5462 dimicant
469 5407 550 5458 cum
570 5382 672 5464 13313.
720 5385 923 5471 Χ1133133333
943 5409 1072 5480 magua
1122 5386 1810 5475 113313331333333311311333313333
1830 5403 2112 5478 omnibuscrea-
2207 5403 2210 5406 ’

1424 5490 1506 5572 44·

2025 5748 2095 5764 .-
