4606 5822
97 283 178 362 445
321 247 400 336 .'
553 323 561 340 .
733 271 1482 382 rututrrtuuusrsrrroms.
2059 293 2137 372 ste

203 449 241 524 4.
278 447 405 547 anue
421 452 477 524 le's
502 449 750 547 aliquomodo
770 448 982 524 naturaliter
1006 457 1090 522 nota
1143 455 1304 530 Humilia
1325 460 1369 530 de
1378 431 1624 546 Poenitentia‚
1650 462 1774 554 pagina
1790 459 1895 537 teu:
1929 465 2132 542 cintriaco

96 570 161 629 est.
367 573 377 582 “
551 621 554 630 ,
1142 554 1191 632 τὰ
1206 552 1477 657 ἁμαρτήματα,
1505 559 1599 634 ἔστω
1614 557 1852 660 ἁμαρτωλὸς,
1879 561 1967 640 aldi
1978 565 2131 644 πλείονα

203 653 241 731 5.
284 651 352 729 Est
367 667 401 726 et
415 677 529 728 unum
543 649 802 746 Evangelium,
826 651 991 726 videlieet
1004 675 1092 744 pro·
1141 657 1189 734 τὰ
1204 656 1460 755 δικαιώματα,
1487 661 1581 736 ἔστω
1595 658 1750 748 δίκαιος.

94 758 223 828 missio
244 759 290 828 de
309 756 491 834 beneficiis
513 752 665 838 Christi,
696 754 849 828 revelata
871 755 991 827 statim
1011 767 1091 845 post
1243 763 1307 836 20.
1332 763 1467 836 Verum
1484 781 1536 839 est
1550 767 1684 837 dietum
1694 766 1866 858 Platonis,
1891 774 1988 844 nasci
2003 777 2131 849 nobis-

95 863 240 953 ltpssum
257 853 376 946 Adae,
401 871 435 932 ⁰2
458 858 590 932 indite
612 858 780 952 Ρῡθῑθῑῑθ.
813 880 853 930 ³⁰
877 857 989 948 magis
1014 878 1090 928 [ῠᾶ-
1143 890 1223 938 enm
1253 866 1392 962 aliquas
1422 869 1590 956 noticias,
1630 882 1671 941 ut
1692 895 1945 961 numerorum,
1978 879 2128 961 ordinis,

93 962 224 1056 gisque
241 961 436 1054 patefacte,
460 983 629 1032 mansura
650 971 834 1054 perpetuo.
996 1039 999 1044 ,
1140 968 1402 1062 proportionis,
1435 972 1707 1064 consequentiae
1729 975 1982 1068 syllogisticae,
2016 1003 2128 1072 quae-

85 1119 90 1124 ·
200 1062 237 1143 6.
276 1060 350 1134 Nec
372 1075 497 1137 notum
521 1075 574 1138 est
591 1057 828 1152 Evangelium
853 1059 1001 1148 rationi,
1027 1061 1089 1131 sed
1142 1073 1220 1143 dam
1237 1070 1415 1164 principia
1430 1072 1660 1162 geometrica,
1687 1070 1831 1169 physica
1856 1080 2066 1152 etmoralia.

93 1178 240 1236 tanturn
255 1163 429 1236 divinitus
451 1163 667 1250 revelatum,
691 1177 734 1236 ut
750 1157 926 1232 lohannes
948 1163 1082 1258 inquit:
1187 1220 1199 1233 .
1240 1173 1304 1248 21,
1343 1168 1424 1243 Etsi
1447 1176 1494 1245 ad
1520 1170 1970 1271 hasexcitandmprimnm
1988 1187 2126 1255 moveri

92 1264 231 1350 Filius,
257 1264 321 1360 qui
345 1279 397 1338 est
419 1266 458 1338 in
472 1265 554 1339 sinu
572 1265 700 1361 patris,
725 1264 801 1358 ipse
822 1264 1012 1337 enarravit·
1139 1287 1278 1368 oportet
1291 1275 1509 1350 intellectum
1525 1276 1726 1368 cognitione
1740 1279 1943 1374 aliquorum
1965 1283 2127 1375 singulo·

198 1365 237 1440 7.
277 1365 350 1440 Nec
375 1380 511 1460 patres,
535 1391 601 1440 nec
625 1367 815 1464 quisquam
833 1366 990 1440 salvatur
1003 1389 1088 1459 pro-
1137 1399 1230 1454 mm,

95 1485 177 1560 pter
194 1468 283 1560 legis
303 1470 599 1546 observationem.
1238 1480 1303 1556 22.
1334 1477 1408 1551 Nec
1432 1479 1592 1571 intelligo
1616 1483 1714 1552 uude
1735 1503 1808 1554 esse
1833 1487 2024 1557 moralium
2047 1512 2124 1559 cer-

87 1577 96 1584 “
197 1570 234 1641 a
263 1568 567 1663 Sedpatreshde,
591 1572 710 1658 idest,
734 1568 864 1642 fiducia
883 1568 1087 1642 misericor·
1136 1579 1273 1667 titudo,
1300 1581 1371 1652 nisi
1393 1594 1510 1653 essent
1533 1583 1655 1653 inuata
1672 1583 1865 1676 principia,
1892 1586 1974 1658 ideo
1989 1587 2126 1661 Paulus

93 1672 175 1742 diae
188 1672 384 1764 promissae
395 1687 541 1767 propter
554 1686 745 1746 venturum
762 1672 1000 1760 liberatorem,
1015 1673 1086 1744 sal·
1136 1682 1270 1778 inquit:
1305 1681 1417 1781 ἔργον
1437 1687 1508 1756 τοῦ
1527 1679 1649 1777 νόμου
1668 1681 1840 1783 γραπτὸν
1864 1685 1905 1761 ἐν
1927 1691 2009 1772 ταῖς
2029 1715 2123 1790 seop-

95 1775 172 1845 veti
187 1789 272 1845 sunt
286 1774 416 1864 gratis,
437 1800 513 1846 non
529 1788 675 1868 propter
689 1775 812 1865 legem.
1135 1779 1244 1868 δίαις.

196 1873 234 1947 9·
269 1873 374 1948 Sicut
395 1889 431 1948 et
451 1900 517 1948 110⁵
530 1877 618 1958 fide,
643 1876 681 1949 id
700 1887 772 1959 eti,
797 1872 926 1946 fiducia
942 1874 1082 1945 misem
1236 1888 1300 1964 23.
1332 1885 1540 1960 Macrobius
1554 1889 1716 1962 tribuens
1738 1881 1999 1968 semidiametro
2010 1892 2123 1966 Hori-
2220 1893 2233 1918 ⁸

94 1976 240 2047 cordiae
266 1977 458 2068 promissae
488 1991 633 2069 propter
669 1977 822 2048 eundem
858 1975 1084 2048 liberatorem
1135 1989 1794 2082 zontisceutumetoctogintastadia,
1818 1994 1942 2082 idest,
1966 1997 2124 2070 miliaria

94 2077 213 2150 filium
231 2073 300 2148 Dei
320 2077 393 2148 iam
412 2075 611 2152 exhibitum
634 2077 832 2164 salvemur,
856 2077 984 2168 gratis,
1009 2102 1085 2151 non
1134 2091 1334 2180 germanica
1350 2091 1490 2164 circiter
1503 2093 1674 2188 quinque,
1699 2095 1860 2188 loquitur
1875 2099 1920 2166 de
1935 2094 2121 2170 horizonte

93 2195 242 2273 propter
265 2179 389 2270 legem.
1134 2206 1307 2287 quatenus
1322 2195 1412 2265 acies
1427 2194 1613 2266 oculorum
1631 2197 1824 2268 terminum
1846 2199 2041 2276 constituit.

217 2281 275 2355 10.
300 2281 423 2353 Patres
439 2278 545 2352 etiam
561 2297 643 2356 ante
659 2282 771 2374 legem
785 2279 908 2369 Moisi,
926 2296 967 2355 ut
982 2296 1085 2355 erant
1234 2295 1295 2369 24.
1335 2295 1483 2368 Pmclus
1519 2295 1780 2368 semidiametro
1819 2294 2017 2371 horizonti,
2055 2303 2118 2372 mi.

92 2385 162 2454 sub
175 2396 315 2470 morte,
341 2383 390 2457 ita
409 2395 445 2456 et
460 2383 628 2478 sublege,
654 2385 690 2458 id
707 2397 770 2471 est,
795 2383 992 2456 terroribus
1007 2384 1082 2456 irae
1133 2396 1246 2467 huma
1265 2397 1365 2468 mille
1384 2397 1515 2480 stadia,
1556 2397 1690 2486 idest,
1729 2398 1899 2470 milliaria
1918 2404 2122 2490 germanica

94 2499 130 2557 ot
145 2483 273 2556 indicii
284 2485 399 2554 divini
415 2496 526 2557 erant.
585 2535 588 2542 ·
720 2535 723 2542 -
1133 2498 1274 2572 circiter
1289 2499 1455 2590 triginta,
1475 2498 1636 2594 loquitur
1648 2501 1693 2569 de
1716 2495 1918 2585 horizonte,
1944 2501 2125 2596 quatenus*

199 2585 261 2658 11·
294 2583 365 2658 Sed
385 2609 406 2657 a
426 2586 502 2676 lege
522 2583 768 2658 liberabantur
788 2587 876 2672 fides
901 2609 963 2658 ⁸²1¹
980 2585 1082 2678 ³8⁰5·
1132 2600 1272 2672 variant
1293 2600 1507 2672 sensibiliter
1531 2601 1697 2672 coelestes
1713 2601 1958 2694 apparentiae,
1991 2628 2119 2676 secun-

94 2687 193 2760 tione
209 2681 361 2760 Christi.
1132 2703 1217 2772 dum
1232 2702 1494 2794 longitudinem
1509 2715 1543 2774 et
1555 2701 1795 2775 latitudinem.
2071 2769 2073 2776 ,

195 2791 257 2866 12·
294 2787 386 2859 Nam
413 2801 448 2860 0¹
480 2786 734 2880 P²⁰¹⁰5⁵⁸i⁰¹¹0⁸
759 2787 1010 2878 intelligebant
1035 2787 1080 2856 ‘¹⁶
1232 2801 1296 2878 25.
1336 2803 1460 2876 Postea
1482 2826 1605 2876 rursus
1627 2804 1793 2898 inquiens
1812 2800 2035 2878 horizontem
2056 2831 2118 2879 va-

91 2915 176 2963 vera
190 2890 413 2983 liberatione.
839 2987 849 3008 ι
986 2989 996 3007 ⁸
1130 2902 1218 2975 riari
1231 2918 1313 2998 post
1327 2905 1405 2977 400
1428 2904 1559 2992 stadia,
1585 2905 1624 2975 id
1649 2919 1710 2990 est,
1734 2906 1902 2980 milliaria
1918 2911 2119 3000 germanica

197 2993 257 3065 18.
281 2989 331 3063 Et
345 2991 514 3062 nonnulli
527 3003 786 3086 conspexerunt
798 2989 913 3060 fflfflm
926 2989 1016 3077 Del,
1039 3001 1081 3060 ¹¹¹
1131 3006 1271 3080 circiter
1282 3007 1491 3092 duodecim,
1514 3030 1590 3076 non
1605 3007 1683 3078 vult
1696 3001 1790 3078 hanc
1806 3031 1878 3078 esse
1893 3009 2120 3097 diametrum,

91 3107 228 3168 exteret
243 3093 498 3179 testimonium,
523 3117 594 3188 quo
611 3095 889 3167 admonerentur
905 3091 977 3184 Piis
996 3114 1080 3162 vere
1130 3109 1191 3179 sed
1212 3122 1317 3200 negat
1339 3122 1438 3181 tanto
1463 3107 1580 3201 spacio
1604 3105 1734 3179 variari
1756 3111 1922 3182 coelestes
1939 3134 2118 3206 apparen-

93 3195 288 3289 tiub‘mffl
313 3208 347 3266 ei
370 3195 500 3266 salvari
513 3191 708 3267 Ecclesiam
729 3195 838 3266 ³fi¹i⁰
854 3189 941 3285 Deis
968 3207 1002 3266 02
1016 3195 1079 3264 ⁶⁰·
1130 3210 1196 3282 tias
1211 3210 1448 3298 sensibiliter,
1473 3205 1543 3281 hoc
1558 3223 1628 3296 est,
1652 3221 1777 3303 quarta
1791 3206 1901 3283 horae
1918 3227 2028 3304 parte.
2205 3213 2206 3216 ’

92 3295 196 3370 feudi
212 3297 380 3368 adversus
395 3291 603 3366 horribilem
618 3295 800 3366 saevitiam
819 3290 979 3370 Diaboli,
1018 3293 1078 3366 stc
1231 3327 1294 3404 26·
1334 3323 1465 3408 Ethae
1479 3326 2009 3418 descriptionesvariamlocis,
2036 3330 2117 3402 ideo

91 3403 263 3470 viderunt
279 3398 392 3468 filium
406 3393 475 3468 Dei
502 3394 620 3481 iacob,
645 3393 765 3464 Moses
781 3408 815 3465 et
828 3392 971 3480 Daniel,
995 3393 1077 3464 ideo
1128 3427 1267 3499 erudite
1290 3423 1497 3521 Geogmphi
1513 3429 1726 3500 disemum
1746 3427 1937 3502 intervalla·
1955 3429 2117 3502 locorum

94 3516 132 3574 et
145 3499 268 3573 David
282 3497 417 3592 inquit:
441 3491 666 3593 Osculamini
682 3495 808 3597 filium.
1127 3527 1316 3620 gradibm,
1340 3551 1416 3600 non
1432 3497 1567 3601 stadii&
1933 3503 1941 3524 ¹

196 3600 256 3674 14.
300 3600 447 3691 Quanto
472 3598 592 3690 magis·
606 3621 703 3669 nunc
727 3609 879 3670 statuere
895 3595 1078 3680 debemus,

88 3702 340 3823 adesseouohis
359 3695 565 3785 Christum,
604 3712 724 3794 postea
755 3721 862 3794 quam
892 3723 930 3770 *θ
960 3699 1078 3794 P³l³¹¹¹
1128 3739 1256 3840 (VII)

86 3804 407 3881 ostendit-mundo.
463 3863 464 3866 ,

1298 3745 1408 3820 Als‘u
1433 3741 1714 3842 theolops'cu
1741 3740 2041 3836 disputetioa
2065 3745 2117 3818 de

196 3901 257 3983 16.
290 3897 913 3996 chliusimpiecorrumpitPauli
926 3901 1078 3974 dictum:
1127 3843 1410 3947 ‘unificam'
1460 3848 1787 4042 (Ῑῶῗῖἧῗέἶῖπι
1820 3872 1895 3936 ‘Ph
1917 3847 1994 3922 ³¹⁸¹·
2015 3850 2113 3919 ΒΜ·

87 4007 148 4082 Ex
164 4008 332 4103 operibus
356 4007 442 4097 legis
464 4030 539 4076 non
558 4004 808 4089 i-ustiiieamur,
832 4018 1078 4084 cumconten-

90 4114 172 4197 dit,
196 4109 335 4182 excludi
356 4118 496 4180 tantum
518 4105 751 4226 ceremonias,
777 4129 852 4177 uon
872 4129 978 4200 opera
998 4131 1080 4179 mo·
1202 4133 1329 4218 pum
1351 4125 1429 4230 fide
1452 4126 1703 4230 mmmm
1727 4154 1804 4206 mm
1831 4130 2043 4207 ‘mecum

91 4214 186 4286 ralia
200 4209 383 4307 sequentia
397 4231 676 4280 converstonem.

200 4313 261 4389 15,
298 4305 461 4385 Chrispu,
482 4309 577 4380 enim
597 4320 733 4403 patres,
773 4320 808 4380 ῃ
829 4317 945 4381 popum
965 4329 1077 4401 genu,
1127 4267 1254 4352 Etiam
1271 4277 1463 4350 adversarii
1477 4278 1593 4351 nostri
1606 4281 1916 4369 cogunturlateri,
1943 4279 2050 4369 Quod
2071 4280 2112 4348 in

90 4414 294 4490 humanum
309 4412 475 4485 liberm,
489 4411 609 4502 2103„
1127 4379 1376 4454 iustificatione
1392 4402 1532 4453 necesse
1545 4379 1590 4452 sit
1604 4380 1761 4474 primum
1775 4382 1853 4452 lieri
1868 4382 2115 4452 remissionem

201 4516 262 4588 17.
300 4514 421 4605 Quare
440 4537 516 4585 non
534 4509 765 4602 intelligenda
794 4522 848 4582 est
873 4507 1079 4583 liberatior
1126 4494 1371 4578 P0⁶⁶⁸²⁰¹¹¹¹¹¹¹2
1388 4505 1480 4576 ΨΜ
1496 4503 1619 4554 ⁰m¹¹⁰⁸
1635 4484 1703 4555 ⁸⁰¹²
1718 4497 1858 4575 P⁰⁰⁰²10
1877 4505 2010 4556 fflffllti·

91 4625 324 4712 legetantum
340 4618 387 4688 de
400 4615 619 4701 ceremoniis,
634 4635 714 4684 cum
730 4606 1077 4705 haenonpertinue-
1228 4604 1267 4675 Ξ.
1309 4596 1532 4691 Impossibile
1555 4611 1607 4669 est
1624 4599 1869 4672 remissionem
1887 4614 2120 4693 peecatorum

92 4723 174 4795 rint
186 4721 231 4798 ad
247 4731 384 4812 gentes,
410 4731 471 4790 aut
485 4731 601 4810 patres
621 4727 705 4786 ante
720 4714 844 4804 legem.
1057 4741 1062 4750 ·
1126 4701 1220 4788 lieri,
1245 4701 1316 4772 nisi
1339 4701 1408 4771 fide
1424 4701 1464 4770 in
1478 4695 1681 4783 Christum,
1707 4725 1789 4772 cum
1811 4697 2112 4795 apprehendimus

199 4823 261 4897 ts.
286 4819 551 4892 Absurdissima
566 4831 619 4890 est
631 4811 782 4888 Basilii
793 4839 874 4902 vox,
890 4813 953 4911 qui
968 4838 1077 4910 quae.
1126 4799 1308 4874 Christum
1335 4804 1582 4887 mediatorem,
1625 4817 1660 4875 et
1690 4805 1903 4896 opponimus
1931 4826 2012 4896 eum
2036 4803 2114 4873 irae

94 4925 204 5012 renti,
225 4922 419 5014 Quomodo
434 4923 544 4994 simus
558 4919 654 5007 iusti,
671 4943 752 4990 cum
765 4932 885 4991 tamen
900 4917 939 4988 in
953 4918 1078 5009 singu.
1125 4901 1206 4980 Dei.
1245 4902 1341 4976 llaec
1356 4904 1441 4976 lides
1456 4903 1659 4976 consolatur
1675 4917 1709 4974 et
1723 4904 1827 4995 erigit
1842 4904 2085 4976 conscientias.
2115 4955 2119 4965 .

91 5029 139 5098 lis
160 5027 233 5100 sint
246 5038 406 5120 peccata,
430 5023 637 5115 respondet:
662 5020 704 5093 si
724 5020 828 5115 plura
840 5019 913 5091 sint
926 5032 1080 5110 peecata,
1228 5021 1265 5094 d.
1297 5017 1465 5116 Impietas
1485 5037 1537 5095 ess
1551 5020 1700 5107 sentim,
1725 5024 1820 5116 qnod
1838 5023 2027 5095 dilectem„
2042 5020 2112 5093 Des

88 5131 139 5202 sit
172 5140 354 5224 peccator,
390 5125 459 5199 Sin
483 5138 601 5203 autem
631 5125 736 5219 plura
765 5134 863 5195 reete
887 5121 998 5210 satta,
1030 5121 1079 5195 sit
1127 5147 1384 5217 consequamur
1405 5124 1647 5196 remissionem
1680 5137 1927 5216 peecatorum,
1961 5125 2045 5220 quia
2071 5126 2109 5192 id

87 5231 216 5308 iustus.
1127 5238 1180 5298 est
1193 5226 1333 5311 sentire,
1359 5229 1455 5321 quod
1474 5237 1618 5318 propter
1633 5237 1794 5296 nostrum
1809 5249 1911 5319 opus,
1935 5250 2010 5296 non
2025 5249 2109 5317 pro-

194 5331 255 5406 19.
280 5328 360 5402 Hoc
375 5330 508 5402 dietum
521 5327 640 5402 abolet
654 5326 854 5402 doctrinam
875 5326 1017 5410 deiide,
1041 5340 1077 5402 et
1125 5341 1204 5422 pter
1212 5323 1394 5401 Christum
1410 5323 1601 5398 habeamus
1615 5327 1857 5398 remissionem
1866 5340 2109 5428 peccatorum,

88 5435 207 5508 adfert
227 5434 522 5529 desperationem.
572 5429 693 5506 Verba
719 5430 803 5504 ,eius
821 5425 910 5504 haec
929 5441 1014 5504 sunt
1034 5429 1075 5502 in
1125 5431 1178 5526 ita
1190 5429 1358 5504 meritum
1375 5425 1508 5506 Christi
1525 5427 1709 5504 tolleretur
1729 5441 1764 5501 et
1785 5430 2005 5502 obrueretur.
2125 5512 2146 5524 ⁶
