4604 5804
200 291 275 370 a15
407 353 411 364 ,
450 280 659 362 SCRIPTA
681 278 758 359 PH.
784 277 904 358 MEL.
929 277 997 354 AD
1020 275 1148 356 HlST.
1173 275 1318 358 PROF.
1344 276 1412 352 ET
1435 276 1632 356 PHlLOS.
1657 275 1981 356 SPECTANTIA.
2147 287 2210 358 stt

203 459 336 534 civium
352 455 517 549 rapiunt,
540 467 575 526 et
590 447 728 524 Thebis
744 450 927 543 expellunt
943 473 1032 543 quos
1051 451 1191 524 volunt.
1239 436 1330 520 ¹raros
1357 463 1603 541 processerunt
1626 447 1792 522 Thebani
1826 453 1866 522 in
1893 449 2123 544 Laconicam,
2159 457 2211 523 sed

204 563 290 636 Ideo
314 557 503 650 Pelopidas
530 568 567 627 et
590 549 881 647 Epaminondas,
923 551 1042 621 etalii
1062 552 1195 636 exules,
1245 550 1518 622 Lacedaemonii
1534 552 1700 624 nunciata
1715 554 1814 623 clade
1830 553 1943 626 multa
1965 553 2114 644 graviter
2132 553 2211 624 lece·

205 666 347 735 foedere
371 661 460 731 clam
482 659 596 741 facto,
629 677 758 746 magna
780 651 971 747 prudentia
991 663 1027 721 et
1046 651 1194 723 fortitu·
1245 665 1349 736 runt,
1391 665 1426 724 ct
1449 654 1584 744 profuit
1607 648 1692 725 haec
1715 652 1871 744 Agesilai
1894 657 2090 728 moderatio
2109 657 2151 726 ad
2169 657 2212 725 le·-

207 767 292 838 dine
307 759 572 852 irrumpuntiin
587 780 724 842 arcem,
750 769 785 825 et
805 754 955 826 eliciunt
976 752 1061 822 inde
1077 751 1193 824 Laco·
1248 753 1417 822 niendam
1439 755 1636 825 tristiciam.
1689 754 1867 827 Usitatum
1884 756 2067 849 fuitapud
2083 755 2212 848 Sparta·

207 869 328 938 uicum
344 859 585 957 praesidium,
610 858 746 950 aliquot
763 855 848 925 viris
863 853 1071 926 interfectis.
1246 877 1332 937 nos,
1356 855 1476 947 utqui
1492 879 1533 926 ex
1549 856 1622 926 acie
1637 856 1801 946 fugerant
1818 857 2062 928 iudicarentur
2073 857 2213 941 infames,

310 963 492 1038 Dederant
515 973 636 1032 autem
657 953 854 1049 hospitium
875 949 1059 1025 Thebanis
1082 953 1196 1023 exuli·
1237 953 1311 1048 ¹qui
1326 955 1471 1047 quidem
1488 957 1532 1026 ab
1546 956 1625 1027 aliis
1642 956 1778 1028 civibus
1793 958 2088 1030 discernebantur
2100 959 2214 1029 vestitu

209 1073 277 1142 bus
293 1060 549 1146 Athenienses,
575 1061 638 1154 qui
653 1072 686 1130 et
704 1072 823 1150 postea
847 1078 907 1128 eos
926 1057 1052 1127 iuvant
1074 1068 1197 1125 contra
1248 1069 1280 1126 et
1303 1055 1431 1141 barba,
1465 1079 1506 1127 ac
1526 1055 1655 1128 licebat
1677 1059 1821 1130 cuilibet
1846 1074 2123 1151 praetereuntem
2147 1081 2215 1128 ver-

211 1167 384 1242 exercitus
416 1163 624 1236 Laconicos.
702 1159 867 1228 Tandem
907 1180 968 1226 rex
1002 1155 1217 1247 Spartanus⁸
1251 1158 1394 1243 berare,
1417 1181 1483 1227 uec
1498 1159 1626 1229 licebat
1644 1159 1694 1228 eis
1716 1183 1841 1231 uxores
1863 1163 2003 1231 ducere.
2055 1158 2143 1232 Cum
2161 1181 2216 1229 au-

212 1270 461 1344 Cleombrotus
491 1288 572 1335 cum
595 1261 748 1332 exercitu
769 1261 809 1329 in
832 1257 1016 1330 Boeotiam
1039 1257 1200 1342 veniens,
1249 1270 1319 1328 tem
1344 1258 1449 1328 multi
1473 1258 1612 1330 nobiles
1638 1272 1674 1330 et
1695 1261 1805 1333 sortes
1823 1261 1892 1330 viri
1918 1285 1958 1331 ex
1982 1263 2066 1351 suga
2088 1263 2215 1331 domum

211 1397 288 1443 non
302 1369 428 1464 procul
446 1367 491 1437 ab
514 1363 665 1456 oppido,
698 1361 757 1432 cui
770 1355 933 1430 Leuctra
956 1381 1089 1428 nomen
1113 1371 1200 1444 erat,
1249 1359 1453 1444 rediissent,
1480 1373 1642 1430 etessent
1663 1360 1726 1453 qui
1749 1361 1920 1434 usitatum
1942 1387 2078 1433 morem
2097 1363 2138 1431 de
2158 1357 2215 1445 his,

205 1466 296 1546 ¹curu
331 1466 515 1540 Thebanis
551 1465 709 1535 dimicas
785 1459 843 1532 lbi
883 1459 1079 1532 intersectis
1118 1482 1200 1548 rege
1223 1481 1226 1615 q
1250 1460 1312 1552 qui
1330 1460 1510 1548 fugeruut,
1536 1462 1669 1531 servari
1685 1462 1834 1548 vellent,
1859 1463 2005 1536 accessit
2023 1465 2069 1533 ad
2089 1464 2214 1532 concio·

213 1573 442 1646 Cleombroto
459 1583 493 1640 et
506 1563 817 1658 milleSpartanis,
843 1585 996 1656 quorum
1012 1560 1200 1652 praecipua
1223 1620 1226 1697 Ι
1251 1583 1334 1629 nem
1349 1560 1551 1650 Agesilaus,
1577 1575 1613 1634 et
1632 1563 1753 1647 iussit,
1779 1575 1819 1634 nt
1840 1564 1998 1635 sinerent
2012 1564 2103 1655 leges
2116 1585 2153 1632 eo
2166 1563 2214 1631 die

215 1687 291 1747 crat
305 1672 493 1756 nobilitas,
524 1681 560 1740 et
582 1664 731 1758 dilapsis
752 1687 875 1734 eorum
900 1662 1021 1746 sociis,
1047 1662 1200 1732 victores
1251 1662 1427 1743 dormire,
1455 1663 1538 1754 quia
1566 1663 1747 1742 calamitas
1770 1664 1970 1753 accidisset,
2001 1689 2077 1734 non
2092 1664 2215 1754 ignaria

215 1779 364 1849 suerunt
380 1766 559 1842 Thebani.
1250 1762 1401 1844 civium,
1440 1766 1499 1832 sed
1523 1763 1712 1856 iniquitate
1741 1765 1915 1835 lortnnae.
1981 1764 2026 1836 In
2051 1778 2213 1856 posterum

317 1873 372 1947 Ac
399 1873 519 1942 locum
545 1882 666 1941 tautae
695 1865 804 1938 eladis
824 1866 939 1937 voluit
961 1861 1057 1936 Deus
1079 1877 1199 1936 testem
1251 1878 1367 1934 autern
1387 1865 1432 1933 ab
1450 1887 1491 1932 eo
1507 1863 1565 1933 die
1578 1864 1671 1955 leges
1687 1867 1876 1936 servandas
1892 1889 1978 1937 esse.
2031 1867 2106 1938 Hac
2123 1864 2213 1936 ἐπιει-

218 2002 281 2051 seu
296 1973 510 2046 monitorem
531 1995 605 2042 csse
627 1971 671 2039 de
694 1991 757 2039 sua
782 1968 847 2042 ira.
905 1964 996 2036 Nam
1018 1967 1200 2060 aliquanto
1251 1958 1332 2058 κείᾳ
1349 1986 1509 2036 reversos
1525 1965 1619 2035 cives
1636 1966 1782 2036 infamia
1799 1967 1979 2042 liberavit.
2080 1979 2083 1986 '

217 2092 298 2197 ΨΒ
319 2098 473 2196 lingum
499 2073 645 2192 ‘¹¹¹5de
667 2092 710 2139 ⁰¹
731 2067 905 2186 sliamna
926 2067 1112 2138 ¹¹⁰bffit³¹⁸
1133 2063 1202 2136 h⁰'
1351 2095 1442 2167 Cum
1474 2100 1582 2190 igitur
1611 2101 1812 2171 mitteretur
1841 2097 2080 2173 Archidamus
2136 2101 2214 2169 filius

218 2179 393 2274 spctahter
420 2185 555 2266 exceptu
583 2196 623 2241 ru
644 2170 807 2241 Leuctns
831 2192 851 2239 a
873 2167 1043 2254 Scedaso,
1083 2181 1203 2279 postea
1250 2196 1405 2288 Agesilai
1428 2223 1506 2268 cum
1529 2203 1682 2272 exercitu
1697 2199 1872 2272 Laconico
1890 2202 1929 2270 in
1943 2156 2124 2273 Boeotia’m
2132 2252 2143 2285 θ
2166 2224 2214 2268 ac·

219 2283 407 2397 ²²d⁶⁰¹¹t²f
422 2277 566 2393 ”mlle
586 2285 704 2390 ΡΨ
729 2270 820 2340 filh‘
840 2270 1044 2387 ‘imffifflffi
1073 2271 1110 2338 Vi
1127 2282 1203 2340 ⁵²¹¹·
1251 2313 1393 2370 cersunt
1408 2295 1574 2370 Thebani
1592 2301 1749 2372 lasonem
1770 2297 1947 2373 Phercum
1970 2328 2013 2374 ex
2038 2301 2212 2378 Thessalia,

222 2394 360 2474 P¹³¹³⁸’
380 2377 598 2449 ¹⁰¹²¹fi⁰¹⁰¹¹l
615 2386 650 2445 ‘t
665 2395 702 2442 ¹¹¹
717 2383 863 2462 puleum
878 2371 1063 2448 “bunun'‘
1098 2369 1203 2441 Pam
1253 2401 1353 2470 cuius
1370 2414 1466 2472 tanta
1488 2416 1563 2474 ¹erat
1587 2401 1699 2473 virtus
1721 2418 1756 2475 et
1782 2405 1969 2488 autoritas,
1996 2419 2039 2476 ut
2057 2404 2212 2476 existima-

220 2481 350 2554 deinde
366 2479 530 2572 SP‘Altam
554 2475 732 2568 Ι)Ῑοῐεεωδ
752 2497 792 2544 ³⁰
815 2485 955 2563 P⁸²²¹¹⁸²
983 2471 1123 2542 ⁸⁰²¹“i3
1138 2495 1203 2541 ³¹¹·
1252 2514 1350 2572 retur
1366 2502 1405 2570 in
1419 2501 1541 2574 Asiam
1561 2505 1770 2574 traiecturus
1790 2527 1880 2590 esse,
1906 2519 1946 2576 ut
1968 2505 2102 2576 bellum
2115 2501 2212 2573 Persis

222 2599 318 2658 l⁰¹⁰⁸
346 2579 489 2673 puniri,
524 2578 671 2697 „⁶⁶¹5”ss
701 2588 789 2692 ,θεῖ’
840 2571 889 2643 Et
918 2586 1109 2690 ”affamfff
1135 2573 1203 2688 Pha
1254 2603 1413 2676 inferret.
1466 2601 1499 2672 ls
1517 2627 1596 2674 cum
1612 2605 1763 2674 venisset
1779 2605 1822 2674 ad
1839 2601 2034 2676 Thebanos
2074 2601 2213 2675 hortator

222 2684 380 2776 exempla
399 2679 620 2754 crudelitatis
632 2689 666 2747 et
685 2676 898 2758 lrbrdrnum,
924 2674 1055 2766 quibus
1074 2698 1113 2742 ιη
1136 2697 1204 2740 rm·
1252 2704 1321 2773 fuit
1341 2704 1409 2788 eis,
1434 2727 1480 2773 ne
1502 2705 1713 2776 dimicarent
1735 2731 1812 2776 cum
1830 2660 2135 2792 Lacedaemgnqis‚
2164 2701 2214 2796 qui

224 2785 323 2879 Peri⁰
341 2780 508 2874 SPPMni
522 2792 556 2849 ²¹
574 2780 662 2848 isam
678 2773 746 2848 Dei
761 2775 967 2860 if²l²²¹⁰¹¹¹3
992 2789 1025 2846 ‘l
1039 2777 1202 2847 mlum*
1252 2805 1381 2875 irritati
1396 2829 1491 2874 nsanc
1506 2818 1539 2876 et
1556 2807 1728 2876 cautiores
1745 2822 1778 2879 et
1791 2807 1963 2878 firmiores
1980 2807 2092 2880 futuri
2107 2815 2213 2877 essent.

224 2883 507 3002 lfflilllalulfl?
523 2903 560 2950 ⁸²
577 2880 836 2998 diffisum,
1102 2975 1111 2992 ,
1179 2972 1188 2989 ,
1252 2901 1300 2976 Et
1314 2929 1394 2976 cum
1408 2907 1567 2999 utrisque
1582 2908 1798 2978 dissuaderet
1815 2908 2009 3000 praelium,
2036 2907 2168 3002 perfecit
2183 2912 2215 2972 ut

298 2983 416 3058 ‘cum
442 2997 551 3102 '5¹¹⁰‘
570 2978 668 3099 DQ
698 3001 802 3096 ΠΨ)
823 2979 1002 3096 ¹P}⁰‚¹⁰⁰⁰
1025 2984 1206 3066 1²¹¹¹¹¹V²¹¹t
1253 3007 1357 3076 certis
1385 3007 1651 3077 conditionibus
1681 3019 1802 3100 pacem
1830 3011 1998 3082 lacerent.
2071 3009 2121 3081 Ita
2151 3007 2213 3076 siue

224 3089 539 3168 ffl00d³⁸m⁰¹¹¹⁰⁸s
560 3105 623 3175 ‘lm
634 3079 775 3150 “elem
790 3092 977 3168 V⁸⁸l¹fl¹¹¹¹¹²
991 3079 1115 3159 f'lml’
1140 3097 1205 3143 νο·
1254 3106 1389 3198 praelio
1407 3107 1679 3178 Lacedaemonii
1694 3113 1838 3180 domurn
1855 3111 2053 3185 redierunt.
2106 3103 2151 3180 Et
2166 3105 2213 3175 la·

224 3189 293 3259 luit
308 3182 470 3305 hofnlqe}
486 3195 520 3252 tl
533 3176 836 3298 [Affifflabnlludlne
850 3177 1042 3296 PP‘PPPMAi
1055 3173 1205 3292 wlfrih
1254 3209 1351 3277 sonis
1369 3209 1472 3278 verba
1487 3223 1713 3280 recensentur
1728 3212 1821 3304 apud
1837 3207 2127 3304 Xenophontem:
2159 3205 2214 3278 So·

226 3290 332 3407 ‘hd‘
354 3289 488 3355 audacro
513 3283 636 3351 drvrno
659 3281 934 3398 commonebcrq
984 3275 1205 3394 Denuncrata
1253 3310 1303 3380 yet
1323 3307 1420 3380 Dm,
1444 3333 1486 3380 ex
1507 3310 1625 3401 parvis
1646 3335 1792 3404 magnos
1809 3313 1923 3383 facere
1979 3328 2014 3386 ey
2035 3337 2076 3384 α
2097 3307 2213 3400 magny,

223 3392 293 3460 lun
307 3399 409 3458 antea
424 3405 538 3477 poena
553 3381 715 3464 oraculo,
747 3383 842 3472 quod
864 3394 987 3452 recrtat
1003 3377 1206 3450 Pausanias.
1254 3434 1393 3502 parvos·
1933 3367 1944 3398 ’

225 3489 268 3560 ld
284 3484 340 3558 his
354 3487 513 3557 versibus
529 3482 687 3554 reddidi:

1355 3543 1425 3614 Hic
1436 3541 1539 3614 lason
1557 3546 1701 3616 domum
1717 3570 1878 3620 reversus
1893 3550 2019 3620 fraude
2032 3547 2214 3618 interfectus

1256 3659 1317 3720 est.
1368 3643 1530 3739 Cumque
1555 3645 1594 3715 in
1621 3643 1808 3720 Thessalia
1831 3663 1953 3722 contra
1975 3665 2141 3746 tyrannos
2161 3641 2214 3712 ali·

1255 3771 1342 3840 quac
1359 3748 1516 3818 civitates
1531 3769 1551 3818 a
1565 3743 1748 3818 Thebanis
1761 3751 1932 3823 auxilium
1948 3763 2122 3845 peterent,
2145 3768 2213 3838 pro·

1255 3851 1365 3919 sectus
1382 3873 1423 3919 eo
1438 3846 1646 3940 Pelopidas,
1669 3864 1789 3942 postea
1811 3875 1833 3924 a
1855 3867 2008 3948 tyranno
2029 3847 2212 3926 Alexandro

1254 3945 1392 4020 Phereo
1414 3964 1535 4042 captus
1555 3963 1623 4035 est,
1665 3952 1765 4022 cuius
1786 3966 1883 4025 tanta
1902 3955 1971 4026 fuit
1994 3951 2154 4030 saevicia,
2182 3956 2214 4014 ul

1256 4047 1419 4121 homines
1434 4051 1534 4121 vivos
1555 4051 1711 4122 insueret
1732 4077 1898 4126 ursorum
1923 4056 2092 4148 pellibus,
2117 4064 2148 4122 et
2166 4068 2213 4116 ce·

1256 4176 1318 4220 nes
1333 4166 1454 4221 contra
1469 4175 1526 4222 eos
1542 4151 1714 4225 incitaret.
1757 4153 1810 4226 Ac
1827 4156 1864 4226 in
1881 4157 1996 4250 prima
2010 4151 2212 4246 expeditione

329 4262 436 4334 Facta
451 4274 502 4331 est
517 4272 632 4331 autern
651 4279 766 4350 pugna
782 4253 986 4328 Leuctrica:
1256 4248 1477 4337 Thessalica,
1517 4277 1596 4324 cum
1620 4251 1828 4346 Pelopidam
1853 4259 1977 4329 lraude
1999 4270 2136 4350 captum
2154 4267 2213 4320 asse

227 4363 336 4436 Anno
351 4360 555 4434 Artaxerxis
570 4361 632 4433 32.
1255 4350 1522 4446 Epaminondas
1544 4354 1701 4441 audiret,
1722 4359 1898 4450 profectus
1915 4383 1956 4432 eo
1973 4383 2054 4432 cum
2069 4351 2213 4428 exercilus

227 4467 335 4540 Anno
359 4465 421 4540 29.
445 4475 528 4558 post
557 4483 712 4555 pugnam
732 4454 910 4554 Lysandri
929 4457 975 4526 ad
999 4450 1114 4544 Aegos
1138 4453 1208 4524 Po·
1256 4468 1395 4526 tanturn
1412 4455 1558 4526 incussit
1573 4453 1781 4530 Alexandro
1802 4473 1990 4545 terrorem,
2017 4456 2212 4530 utredderet

279 4586 403 4643 [amos.
1256 4554 1324 4646 ipsi
1339 4553 1460 4626 vivum
1483 4570 1516 4626 et
1539 4557 1753 4630 incolumem
1772 4558 1991 4652 Pelopidam.
2042 4557 2094 4632 lta
2107 4557 2167 4626 fide
2186 4559 2214 4616 tl

230 4666 339 4740 Initio
356 4666 441 4742 anni
457 4665 604 4736 secundi
621 4659 848 4758 Olympiadis
868 4658 1078 4731 centesimae
1098 4669 1131 4727 et
1153 4676 1208 4724 se·
1256 4657 1385 4727 virtute
1407 4657 1509 4726 amici
1531 4655 1828 4748 Pelopidastnne
1850 4677 2008 4732 servatus
2030 4675 2095 4734 est.
2153 4648 2212 4724 Sed

281 4775 434 4855 eundae,
459 4767 517 4837 die
534 4767 659 4859 quinto
677 4762 786 4837 lunii,
1123 4775 1127 4784 “
1255 4773 1377 4848 postea
1392 4780 1553 4830 reversus
1569 4759 1608 4828 in
1624 4757 1843 4840 Thessaliam
1860 4759 2068 4855 Pelopidas,
2097 4758 2134 4828 iu
2152 4751 2213 4822 acic

228 4869 339 4944 Anno
370 4885 450 4942 ante
487 4866 630 4938 initium
664 4863 765 4953 regni
799 4857 996 4932 Alexandri
1028 4856 1206 4946 tricesimo
1256 4855 1430 4928 dimicans
1454 4883 1473 4928 a
1498 4860 1642 4953 tyranni
1657 4863 1811 4933 exercitu
1826 4864 2029 4934 interfectus
2043 4876 2104 4936 est.
2151 4852 2212 4944 Ty·

279 4984 397 5057 scxto,
423 4969 516 5062 quod
532 4966 691 5039 omnium
706 4966 917 5057 scriptorum
939 4981 1112 5052 consensu
1133 4960 1206 5027 col·
1254 4981 1388 5029 rannus
1420 4983 1502 5030 vero
1531 4975 1652 5052 postea
1679 4963 1831 5034 domis
1861 4965 2020 5055 coniugis
2056 4957 2213 5033 fratribus,

278 5077 416 5147 locatur
433 5071 470 5138 iu
486 5094 620 5140 annum
640 5068 795 5160 primurn
810 5060 1039 5160 Olympiadis
1056 5061 1206 5130 centesi-
1253 5061 1345 5131 laces
1360 5075 1500 5132 tenente
1517 5062 1684 5152 coniuge,
1716 5065 1897 5147 dormiens
1913 5066 2104 5142 trucidatus
2116 5071 2174 5130 est·

277 5203 355 5249 mae
372 5189 407 5248 el
421 5171 640 5244 undssdmae·
1354 5195 1494 5268 lnterea
1511 5197 1596 5267 dum
1611 5192 1777 5268 Thebani
1791 5201 1954 5291 occupati
1973 5213 2056 5271 sunt
2077 5193 2212 5267 motibus

325 5309 404 5382 Etsi
419 5319 535 5380 antem
551 5301 720 5392 usquead
732 5297 954 5370 Leuctricam
975 5296 1110 5366 cladem
1136 5317 1206 5364 nn·
1254 5291 1486 5378 Thessalicis,
1523 5311 1557 5367 et
1586 5297 1655 5389 ipsi
1685 5313 1719 5370 et
1746 5299 2037 5382 Lacedaemonii,
2076 5311 2110 5370 et
2137 5293 2213 5364 aliae

225 5430 409 5486 merantur
427 5405 514 5482 anni
533 5401 755 5496 principatus
776 5398 962 5492 Spartani,
986 5411 1105 5470 tamen
1129 5419 1203 5468 non
1226 5463 1231 5490 ,
1253 5397 1408 5468 civitates
1426 5401 1637 5486 ostendunt,
1663 5423 1699 5472 se
1711 5423 1833 5494 pacem
1844 5400 2052 5477 Autalcidae
2064 5397 2134 5472 non
2145 5394 2212 5464 cia-

226 3627 358 3694 Leuctra
372 3627 450 3688 mihi
465 3637 534 3687 sunt
551 3643 656 3700 curas,
684 3635 713 3682 et
725 3641 807 3682 mors
821 3623 1007 3698 tristissima,
1032 3632 1137 3700 gnatae

278 3727 405 3793 Occisus
419 3724 540 3790 Scedasi
557 3745 616 3808 qua
629 3725 742 3805 periere
760 3723 845 3785 duaa.

230 3831 291 3894 llic
308 3845 395 3892 atrox
408 3833 458 3890 fiet
474 3847 593 3908 pugna,
619 3838 649 3886 et
664 3827 836 3886 saevissime
850 3823 964 3898 caedes,

279 3931 390 3992 Fatalis
406 3929 526 4012 quando
544 3929 658 3990 venerit
674 3929 727 3985 illa
744 3925 818 3986 dias.

232 4030 335 4113 Quam
349 4036 433 4114 prius
447 4029 530 4090 band
547 4030 707 4112 qnisquam
722 4029 821 4104 norit,
847 4044 938 4108 quam
953 4021 1065 4088 Dorica
1079 4027 1176 4106 pubes

279 4134 412 4198 Amittct
426 4133 537 4209 robur,
562 4132 752 4212 militiaeque
769 4129 869 4190 duces.
