4726 5828
267 300 337 371 1s1
523 297 525 302 ¹
877 415 882 420 .
954 289 1113 369 oncn
1153 291 1228 370 na
1258 293 1568 388 cortuum.
1877 261 1879 266 ’
2204 307 2283 384 1s2

268 471 434 539 virtutem
451 465 694 538 invitarentur.
744 463 831 534 Vult
847 465 941 534 enim
957 460 1052 536 Deus
1067 489 1247 558 exgenere
1296 473 1367 560 dis,
1393 473 1519 543 excidii
1534 471 1831 570 lerosolymorum
1848 489 1913 570 etc.
1965 473 2019 547 Ac
2037 476 2130 568 apud
2147 469 2285 547 Etbnt..

267 567 424 640 humano
451 590 633 658 excerpere
662 563 871 652 Ecclesiam,
901 566 959 637 cui
979 590 1078 637 suam
1107 570 1248 660 sapien·
1297 598 1355 645 cos
1375 577 1530 668 exempla
1552 579 1663 648 multo
1685 577 1828 647 tetriora
1843 590 1936 648 stant.
1988 577 2062 647 Nec
2079 577 2173 648 ullus
2191 581 2282 648 adeo

269 673 354 742 tiam
378 685 412 740 et
428 669 622 739 honitatem
647 667 684 735 in
701 668 799 738 omni
820 669 1025 739 aeternitate
1045 671 1247 739 cummuni·
1296 677 1429 746 ferreus
1444 690 1507 757 est,
1534 677 1595 770 qui
1610 679 1666 748 vel
1680 678 1890 767 cogitatione
1908 679 2103 770 complecti,
2129 679 2185 748 vel
2200 703 2283 748 ver-

270 784 343 856 cet,
376 785 409 842 et
433 794 453 839 a
474 793 542 862 qua
568 769 721 838 vicissim
751 781 958 858 agnoscatur
980 781 1014 840 et
1038 769 1247 845 celebretur.
1296 777 1352 849 bis
1375 778 1548 870 explicare
1571 780 1647 848 sine
1664 801 1790 868 magno
1814 780 1936 849 labore
1961 779 2088 868 possit,
2114 773 2282 850 historias

268 870 371 942 Hanc
388 871 522 960 colligit
538 895 621 939 voce
639 871 735 938 verbi
752 872 817 956 sui,
843 873 936 962 quod
955 869 993 939 in
1018 869 1181 941 societate
1207 895 1247 941 ac
1297 879 1489 948 eversionis
1521 901 1710 968 regnorum
1743 893 1777 952 et
1809 881 2004 968 ingentium
2039 881 2281 950 calamitatum

267 972 464 1065 frequentia
489 971 606 1066 aliqua
623 971 700 1040 vult
720 994 862 1055 sonare,
886 971 966 1040 ideo
989 971 1103 1042 sanxit
1124 972 1248 1042 coniu-
1298 973 1537 1072 publicarum,
1575 983 1703 1075 quibus
1733 981 1951 1050 occasionem
1979 980 2147 1050 libidines
2175 1004 2281 1070 prae.

269 1075 388 1163 glum,
419 1085 458 1142 ut
481 1074 631 1141 duarum
654 1095 882 1162 personarum
905 1072 1049 1141 societas
1070 1087 1176 1159 esset,
1208 1087 1247 1144 ut
1297 1083 1462 1154 buerunt.
1509 1079 1642 1154 Totum
1661 1104 1807 1172 regnum
1826 1081 2024 1154 'l'roianum
2042 1095 2184 1174 propter
2200 1083 2283 1152 vio-

269 1169 338 1245 boc
360 1175 466 1243 modo
498 1195 608 1261 genus
637 1166 833 1243 humanum
864 1187 1182 1264 coaugmentaretur,
1214 1188 1249 1244 et
1297 1183 1407 1252 latum
1430 1206 1450 1253 a
1475 1180 1602 1253 Paride
1627 1181 1783 1259 Menelai
1803 1177 1945 1254 tbomm
1963 1195 1997 1253 et
2017 1197 2150 1272 raptam
2168 1181 2282 1252 Hele-

270 1287 513 1372 consecratum
534 1287 802 1364 propagaretur,
835 1275 873 1343 io
891 1300 961 1367 quo
984 1289 1248 1366 temperassent
1297 1307 1380 1353 nam
1397 1283 1549 1354 deletum
1565 1296 1626 1353 est.
1658 1283 1796 1356 Romae
1809 1305 1905 1370 reges
1922 1283 2057 1374 expulsi
2074 1295 2167 1364 sunt,
2193 1307 2282 1374 pro·

270 1377 384 1470 aliqui
399 1389 491 1445 recle
505 1390 731 1463 agnoscentes
746 1390 780 1447 el
794 1377 948 1447 colenlct
964 1375 1090 1460 Deum,
1111 1377 1171 1470 qui
1187 1400 1249 1446 ve·
1297 1398 1376 1477 pter
1389 1383 1423 1454 vi
1440 1407 1672 1478 compressam
1689 1385 1887 1455 Lucretiam
1895 1381 2065 1456 Collatini
2080 1383 2281 1472 coniugem,

269 1501 347 1547 ram
360 1475 427 1548 Dei
447 1476 614 1545 noticiam
640 1501 680 1546 ac
709 1477 968 1547 invocationem
983 1477 1088 1548 latius
1108 1501 1249 1572 sparge-
1298 1485 1422 1556 Postea
1443 1483 1734 1556 Decemvirorum
1762 1497 1914 1577 potestas
1939 1485 2077 1555 sublata
2100 1498 2169 1568 est,
2194 1508 2282 1575 pro-

271 1592 369 1664 111111,
393 1579 489 1647 acad
505 1578 742 1668 posteritatem
759 1580 1046 1648 transmitterent·
1299 1600 1374 1678 pter
1390 1599 1557 1661 tentatam
1573 1588 1617 1655 ab
1633 1583 1750 1678 Appio
1764 1585 1970 1679 pudicitiam
1985 1587 2076 1655 filiae
2089 1584 2259 1672 Virginii.

371 1675 451 1749 Non
465 1677 702 1748 existimemus
714 1678 904 1771 voluptatis
918 1693 1069 1764 tantum,
1082 1690 1143 1749 aut
1157 1675 1249 1746 vitae
1400 1685 1653 1777 Totiusnregni
1679 1687 1845 1780 Spartani
1875 1687 1967 1756 vires
1999 1686 2038 1756 in
2072 1687 2207 1776 praelio
2233 1687 2280 1754 ad

215 1797 220 1818 ’
271 1781 490 1852 commodius
512 1780 756 1870 transigendae
778 1804 880 1850 111111
902 1775 994 1852 banc
1016 1778 1249 1851 oootooiotio·
1298 1788 1445 1860 Leuctra
1466 1789 1717 1873 conciderunt,
1752 1785 1846 1857 baud
1870 1788 1978 1858 dubie
1999 1788 2046 1859 ob
2068 1787 2279 1875 flagitiosam

271 1907 353 1954 nem
374 1881 480 1952 maris
504 1894 537 1950 et
559 1880 733 1951 foeminae
753 1883 949 1952 institutam
972 1904 1062 1966 esse,
1087 1882 1147 1949 sed
1168 1879 1248 1970 ideo
1297 1891 1502 1971 libidinem,
1529 1913 1634 1982 quarn
1657 1913 1697 1958 ω
1719 1889 1758 1958 in
1783 1889 1861 1958 loco
1878 1888 1982 1980 paulo
2008 1901 2089 1958 ante
2111 1885 2279 1977 Spartani

178 2053 180 2062 ,
271 1983 406 2054 conditi
420 1996 502 2053 sunt
515 1976 688 2065 homines,
713 1998 753 2052 ut
768 1980 882 2052 Deum
901 1993 1089 2072 agnoscant
1106 1994 1141 2051 et
1157 1982 1248 2050 cele·
1298 1993 1442 2082 impune
1473 2003 1705 2061 exercuerant
1771 1985 1863 2058 Cum
1896 1989 1991 2057 enirn
2024 1991 2096 2058 duo
2130 1985 2280 2056 Nobiles

269 2086 393 2169 brent,
414 2096 450 2154 ‘i
465 2096 556 2152 tetii
574 2084 650 2172 lege
663 2108 702 2153 ac
717 2083 842 2153 01111111
858 2083 895 2152 in
911 2083 1075 2173 1011111810
1090 2082 1248 2170 legitimo
1297 2091 1483 2185 Spartani,
1508 2114 1572 2182 per
1587 2091 1757 2180 oppidum
1769 2087 1920 2158 Leuctra
1942 2091 2009 2159 iter
2030 2088 2213 2172 facientes,
2238 2089 2278 2155 in

269 2183 394 2255 liberis
415 2185 621 2274 procreatio,
653 2209 727 2253 111111
747 2187 854 2253 vitam
880 2185 994 2255 solum
1022 2199 1057 2256 ot
1078 2183 1248 2274 patrimo·
1297 2195 1400 2264 aedes
1430 2193 1610 2263 cuiusdam
1644 2185 1783 2259 bonesti
1808 2190 1895 2258 civis
1914 2187 2077 2272 Scedasi,
2107 2189 2168 2279 qui
2200 2202 2277 2257 tum

270 2285 384 2369 nium,
410 2287 467 2352 sed
487 2285 670 2375 praecipue
684 2309 801 2354 veram
818 2289 862 2354 de
876 2281 951 2354 Deo
965 2285 1163 2356 doctrinam
1179 2286 1248 2352 im·
1295 2296 1387 2366 forte
1409 2296 1514 2363 domo
1538 2293 1675 2377 aberat,
1700 2290 1942 2375 divertissent,
1968 2303 2002 2360 et
2023 2311 2042 2358 a
2060 2289 2278 2358 matrefami-

269 2386 443 2478 pertiant,
466 2397 499 2453 ti
516 2388 557 2454 ad
576 2411 691 2455 veram
710 2387 924 2475 agnitionem
941 2382 1085 2470 Christi,
1111 2388 1157 2454 ad
1171 2385 1248 2454 ool·
1296 2394 1375 2480 lias,
1396 2417 1485 2488 quae
1501 2395 1644 2462 domum
1660 2404 1693 2461 et
1708 2393 1795 2460 duas
1808 2389 1896 2460 filias
1909 2391 2138 2472 custodiebat,
2156 2413 2278 2457 aman-

269 2500 346 2558 tum
362 2486 544 2569 divinum,
569 2489 612 2556 ad
630 2483 794 2557 bonottot
809 2509 941 2568 mores,
965 2489 1010 2555 ad
1030 2487 1247 2557 1011111111
1296 2509 1349 2566 ter
1379 2495 1511 2583 excepti
1544 2507 1678 2584 essent,
1710 2493 1866 2561 furentes
1894 2490 2041 2560 immani
2068 2489 2220 2559 libidine
2244 2503 2278 2561 et

270 2611 330 2659 00³
343 2587 544 2673 instituant,
569 2601 609 2658 111
624 2585 800 2658 1111113111
813 2585 900 2672 Dei,
924 2585 1154 2678 Reipublicae
1173 2587 1247 2680 pri·
1295 2595 1511 2691 petulantia,
1553 2594 1640 2662 duos
1672 2588 1832 2682 hospitae
1869 2592 1958 2661 lilios
1989 2592 2025 2660 vi
2058 2605 2278 2682 stuprarunt,

269 2689 482 2778 ,1111111111
508 2711 570 2758 111
596 2691 745 2780 pietate,
777 2687 944 2770 consitio,
978 2711 1083 2780 opera
1112 2687 1247 2759 utiliter
1296 2720 1422 2790 easque
1444 2720 1524 2765 com
1547 2695 1686 2764 secasti
1708 2692 2278 2784 111111111111111111111111-

268 2788 406 2884 possint
418 2792 594 2882 prodesse.
640 2877 642 2882 ,
1296 2813 1370 2870 tum
1387 2820 1469 2870 suae
1487 2808 1521 2866 et
1535 2797 1691 2887 ipsorum
1705 2795 1796 2862 vitae
1818 2795 2033 2864 antelaturas
2048 2793 2275 2874 affirmarent,

258 2963 260 2968 ,
371 2887 586 2962 Gravissime
614 2892 653 2963 in
683 2887 774 2964 hanc
798 2892 1006 2965 sententium
1032 2891 1133 2964 Plato
1162 2913 1244 2982 pro·
1296 2901 1332 2969 in
1351 2897 1764 2990 puteum'demcrserunt.
1817 2892 1895 2964 Hoc
1918 2894 2048 2964 1111111
2074 2907 2276 2985 perpetrato

268 2994 413 3068 nunciat
432 2994 525 3064 libro
540 2993 574 3066 6.
590 2995 634 3064 111
649 2995 785 3085 legibus
800 2997 839 3063 in
855 2993 1033 3064 aerumnis
1051 2993 1244 3081 coniugali·
1295 2999 1456 3089 spartam
1474 2997 1631 3066 redeunt.
1683 2992 1793 3067 Redit
1804 2995 1950 3065 domum
1966 2993 2149 3074 Scedasus,
2175 2994 2277 3064 inve-

269 3099 348 3183 bus,
369 3091 690 3187 bancpraecipuarn
700 3093 977 3165 consolationem
986 3093 1244 3162 omnibuscon-
1295 3100 1345 3167 vit
1369 3121 1512 3167 uxorem
1535 3108 1725 3181 moestam,
1748 3120 1838 3190 quac
1860 3118 2008 3166 namans
2024 3096 2056 3164 ei
2071 3093 2226 3164 filiarum
2242 3110 2278 3166 ct

271 3197 412 3287 iugibus
421 3197 548 3266 debere
561 3195 598 3264 in
614 3210 801 3284 conspectu
816 3217 900 3266 esse.
927 3195 1033 3286 Quod
1043 3196 1244 3294 1111111111-
1295 3202 1421 3270 domus
1435 3220 1517 3266 suae
1531 3197 1782 3282 calamitatem,
1808 3201 1898 3267 etad
1916 3208 2073 3290 puteum,
2098 3196 2164 3266 ubi
2182 3196 2277 3266 filiae

270 3301 357 3368 dum
377 3297 421 3367 sit
442 3295 626 3385 coniugio,
649 3311 690 3367 ut
704 3294 781 3367 Deo
801 3295 863 3366 alii
877 3295 1029 3366 cultores
1044 3309 1078 3365 et
1091 3294 1244 3363 ministri
1294 3302 1471 3368 demersae
1504 3312 1621 3381 erant,
1664 3299 1910 3388 progrediens,
1952 3298 2025 3387 ipsa
2061 3318 2098 3364 se
2134 3320 2277 3390 quoque

269 3412 391 3468 nostro
406 3397 483 3466 loco
497 3397 771 3484 substituantur,
793 3410 827 3467 et
841 3397 914 3467 vita
929 3410 1094 3490 tanquam
1110 3397 1245 3486 lampas
1294 3405 1416 3471 eodem
1431 3399 1684 3491 praecipitarit.
1726 3397 1898 3468 Scedasus
1910 3412 2008 3468 tanta
2024 3397 2164 3466 sceleris
2178 3412 2276 3467 atro-

270 3502 429 3570 tradatur
458 3499 621 3589 posteris,
648 3512 688 3569 ut
710 3523 848 3590 semper
869 3496 987 3568 colant
1009 3501 1122 3571 Deum
1148 3497 1244 3566 iuxta
1293 3503 1396 3572 citate
1419 3515 1451 3570 et
1476 3501 1607 3588 tragico
1630 3522 1774 3567 suornm
1793 3523 1872 3569 casu
1894 3499 2087 3590 impulsor,
2110 3499 2274 3588 Spartam

269 3603 371 3689 leges.
413 3597 508 3686 Quid
525 3624 652 3692 quaeso
669 3600 866 3688 religiosius
881 3610 913 3665 et
931 3597 1083 3666 sanctius
1100 3599 1145 3666 de
1159 3620 1244 3666 con·
1294 3602 1541 3696 proficiscitur,
1569 3598 1922 3690 poenasasceleratis
1937 3612 2131 3673 exacturus.
2164 3599 2275 3690 Spar-

268 3702 366 3791 iugio
381 3701 451 3770 dici
467 3702 510 3771 ab
524 3697 667 3770 bomine
687 3697 828 3772 ethnico
851 3697 990 3790 potuit?
1294 3719 1348 3774 tae
1364 3717 1477 3774 autem
1493 3715 1577 3770 tunc
1592 3713 1688 3769 tanta
1706 3699 1876 3769 scelerum
1900 3701 2091 3791 impunitas
2113 3713 2208 3785 erat,
2234 3714 2275 3771 ut

371 3800 476 3891 Quod
500 3801 674 3871 sinotum
695 3798 881 3869 hominum
899 3798 1080 3868 mansisset
1097 3798 1245 3890 integro,
1293 3815 1565 3898 conquerentem
1592 3797 1780 3870 Scedasum
1805 3803 1850 3870 de
1880 3801 2028 3869 immani
2056 3803 2273 3872 contumelia

269 3915 407 3974 tantum
431 3902 475 3969 ad
499 3901 726 3970 necessariam
751 3899 1032 3989 generationem,
1063 3913 1098 3968 et
1117 3900 1244 3990 ampli·
1293 3906 1356 3975 toti
1374 3926 1457 3974 suae
1472 3901 1593 3971 domui
1613 3901 1708 3968 illata
1724 3895 1863 3988 Ephori
1883 3902 2095 3974 deriderent.
2147 3902 2275 3996 Aliqui

269 4005 445 4076 beandum
459 4025 647 4070 numerum
657 3995 843 4086 Ecclesiae,
857 4013 890 4069 et
903 4000 1078 4069 cultorum
1086 3997 1167 4084 Dei,
1177 3995 1244 4070 ho-
1294 4005 1396 4075 etiam
1420 4027 1460 4072 cx
1487 4001 1642 4089 cognatis
1656 3998 1840 4070 Nobilium
1855 4003 2088 4092 egredientem
2108 4025 2171 4093 per
2187 4007 2274 4072 sub-

268 4104 382 4176 mines
397 4102 571 4191 coniugali
590 4101 843 4172 consuetudine
862 4099 917 4170 usi
933 4099 1089 4174 fuissent.
1141 4100 1244 4171 Nunc
1292 4105 1434 4178 urbium
1461 4101 1548 4172 lotio
1578 4102 1841 4192 perfunderent.
1900 4099 2010 4173 Redit
2031 4103 2140 4190 igitur
2165 4103 2275 4173 miser

268 4229 352 4276 vero
373 4204 476 4274 etiam
495 4204 688 4272 remedium
705 4218 756 4273 est
778 4205 945 4272 adversus
961 4201 1124 4271 incendia
1139 4224 1243 4291 vaga·
1292 4205 1481 4287 scedasus,
1510 4217 1543 4272 et
1559 4224 1646 4297 quas
1663 4227 1682 4270 a
1696 4225 1760 4284 suo
1776 4203 1980 4294 magistratu
1994 4203 2271 4274 libidinosorum

269 4332 348 4376 rum
372 4305 580 4388 libidinum,
605 4329 694 4398 quae
711 4299 932 4374 horribiliter
954 4303 1141 4391 displicent
1155 4300 1243 4384 Deo,
1292 4330 1423 4402 poenas
1449 4306 1578 4374 frustra
1607 4316 1784 4393 exegerat,
1824 4301 1944 4374 olleo
1973 4305 2138 4394 exposcit.
2197 4303 2273 4394 Qui

266 4423 301 4479 11
318 4403 510 4478 horrendas
528 4415 656 4494 poenas
671 4404 827 4498 publicas
843 4417 875 4472 et
891 4403 1055 4496 privatas,
1079 4427 1243 4494 praesen·
1291 4411 1396 4502 paulo
1420 4419 1499 4497 post
1521 4400 1699 4475 horrendo
1722 4405 1894 4493 supplicio
1916 4419 2028 4474 totum
2045 4403 2191 4496 Spartae
2211 4430 2273 4474 re·

267 4522 319 4581 tes
345 4523 379 4581 et
413 4520 570 4576 aeternas
596 4519 786 4578 accersunt.
846 4502 971 4577 Manet
997 4504 1092 4574 enim
1123 4505 1242 4595 regula
1290 4534 1398 4603 gnum
1415 4507 1554 4591 obruit,
1579 4507 1680 4577 victis
1696 4507 1740 4574 ab
1757 4501 2005 4594 Epaminonda
2023 4507 2111 4576 duce
2126 4501 2271 4577 Theba-

266 4625 406 4681 aeterna
420 4620 454 4679 11
470 4609 630 4678 immota:
657 4607 874 4680 scortatores
892 4621 925 4678 et
946 4606 1124 4676 adulteros
1139 4607 1242 4697 punit
1291 4638 1337 4683 no
1351 4608 1652 4692 Lacedaemoniis,
1666 4610 1708 4675 ad
1723 4603 1871 4675 Leuctra
1888 4631 1928 4674 eo
1945 4609 2020 4696 ipso
2037 4607 2073 4675 in
2092 4606 2182 4692 loco,
2207 4609 2271 4700 qui

265 4707 374 4786 Dent.
410 4704 457 4779 Et
473 4708 627 4800 exempla
644 4709 683 4777 in
698 4707 907 4801 quotidiana
920 4707 1004 4787 vita,
1031 4719 1063 4775 ct
1081 4709 1240 4777 omnium
1289 4713 1423 4784 nefaria
1444 4707 1699 4778 Laconicorum
1729 4706 1905 4775 nobilium
1933 4705 2084 4776 libidine
2112 4707 2273 4800 pollutus

264 4823 463 4901 temporum
488 4805 646 4879 historiis
668 4811 877 4892 ostendunt,
909 4807 1022 4879 Deum
1053 4807 1183 4878 iustum
1208 4822 1240 4879 et
1289 4828 1374 4886 erat.
1398 4810 1557 4881 Fuerunt
1572 4823 1687 4878 autem
1699 4829 1741 4875 eo
1758 4807 1904 4896 praelio,
1917 4808 2010 4899 quod
2026 4829 2122 4877 enno
2136 4803 2271 4879 abhinc

264 4925 396 4982 castum
424 4909 638 4999 gravissimis
669 4909 792 5002 poenis
821 4910 969 4978 obruere
1003 4931 1125 4978 omnes
1155 4934 1240 4977 con·
1292 4903 1398 4985 1931.
1413 4910 1538 5004 quintu
1557 4908 1614 4976 die
1629 4906 1723 4977 lunii
1743 4905 1967 4977 commissum
1986 4922 2055 4992 est,
2073 4907 2273 5000 Spartano-

262 5135 298 5184 se
313 5113 491 5206 polluant,
517 5111 591 5180 sive
606 5115 729 5181 foedus
744 5110 900 5198 coniugii
915 5124 1092 5199 rumpant.
1287 5138 1469 5210 uunquam
1487 5109 1638 5201 amplius
1655 5107 1772 5197 colligi
1790 5120 1823 5179 et
1839 5107 2028 5179 instaurari
2041 5112 2237 5202 potuerint.

362 5213 475 5286 Notae
496 5225 581 5282 sunt
604 5206 771 5283 historiae
800 5233 935 5296 sacrae,
966 5210 1113 5296 diluvii,
1139 5234 1239 5282 ever·
1384 5211 1517 5306 Estque
1533 5210 1727 5302 praeclara,
1752 5221 1842 5279 etex
1857 5209 1984 5281 intimo
1999 5233 2105 5280 sensu
2119 5227 2271 5284 naturae

259 5315 370 5389 sionis
385 5314 639 5398 Sodomorum,
665 5312 796 5382 civium
814 5306 953 5383 Sicbem
971 5312 1238 5398 trucidatorum,
1286 5318 1441 5410 optimae
1460 5312 1596 5405 prolata
1616 5306 1884 5402 Epaminondae
1906 5333 1992 5392 vox,
2027 5335 2132 5405 quam
2163 5327 2269 5404 parta

259 5418 394 5492 deletae
415 5413 530 5491 tribus
548 5411 757 5499 Beniamin,
783 5413 891 5508 totius
911 5414 1110 5504 tragoediae
1127 5407 1238 5485 Davi·
1285 5419 1431 5492 victoria
1450 5413 1579 5499 edidit,
1611 5433 1701 5509 quae
1727 5413 1793 5484 etsi
1820 5410 1865 5480 ad
1893 5410 2095 5484 institutum
2119 5415 2268 5507 proprie
