4706 5818
212 273 309 354 tots
443 266 654 347 SCRIPTA
680 267 758 346 ΡΗ.
783 263 902 342 MEL.
928 265 995 344 AD
1020 261 1153 339 HIST.
1177 257 1322 338 PROF.
1350 257 1418 334 ET
1441 257 1636 338 PHILOS.
1662 257 1984 344 SPECTANTlll.
2130 271 2230 348 toto

210 471 336 540 magna
361 455 463 536 parte
486 441 601 515 Asiae·
612 439 837 512 retinuerunt
860 438 1002 511 circiter
1024 437 1199 532 quadrin-
1249 433 1366 504 verbis
1389 433 1560 524 excerptis
1582 457 1625 504 ex
1646 425 1844 508 Alcorano:
1868 431 1927 510 ὅτι
1950 433 2019 512 οὐκ
2036 429 2133 534 ἦλθε
2161 436 2227 514 διὰ

211 563 335 643 gentos
359 570 493 626 annos,
520 547 633 616 donec
656 566 717 613 rex
739 540 988 618 Saracenicus,
1024 539 1085 632 qui
1110 537 1198 608 Per·
1247 527 1464 627 θαυμάτων
1483 528 1578 606 ἀλλὰ
1600 529 1664 606 διὰ
1686 531 1818 632 ξίφους
1836 534 1972 612 δοῦναι
1995 535 2063 614 τὸν
2095 535 2230 634 νόμον,

212 655 301 727 siam
319 650 455 731 tenuit,
481 660 603 716 contra
621 641 1028 738 BabylonicumTurcos
1044 641 1199 726 attraxit,
1248 633 1313 712 καὶ
1335 638 1414 718 τοῖς
1434 631 1487 728 μὴ
1509 632 1743 728 πειθομένοις
1764 635 1870 736 αὐτῷ
1892 634 2062 723 θάνατος
2082 638 2229 734 ἔσταιῆ

212 754 277 848 qui
293 751 461 843 paulatim
477 761 616 838 accepta
631 746 706 834 lege
717 739 955 816 Mohometica
972 754 1199 814 excusserunt
1247 734 1447 833 τιμωρίαῆ
1464 731 1607 833 φόρους
1625 732 1771 811 δοῦναι.

215 879 256 926 ex
287 876 398 943 regno
432 850 573 921 Persico
605 868 722 935 regem
757 844 1005 916 Saracenicum
1041 859 1199 935 tempore
1352 835 1511 910 Ordinat
1527 839 1636 929 igitur
1651 839 1823 912 militares
1845 845 1994 932 gradus,
2021 844 2234 914 etattribuit

214 953 442 1030 Constantini
457 944 702 1032 Monomaclti,
718 969 779 1016 sen
794 945 953 1018 Conradi
969 945 1111 1028 Franci,
1124 967 1199 1013 non
1250 943 1402 1013 ducibus
1421 955 1456 1013 et
1481 941 1657 1011 militibus
1679 953 1773 1012 certa
1796 943 1973 1034 stipendia
1991 968 2032 1015 ex
2047 945 2234 1036 pensioni·

214 1057 330 1130 multo
353 1067 435 1126 aute
460 1049 620 1122 Gotlridi
649 1048 908 1140 expeditionem
935 1062 1130 1138 susceptam
1154 1045 1198 1114 ad
1250 1046 1317 1115 bus
1338 1041 1512 1135 publicis,
1535 1064 1624 1135 quas
1645 1066 1720 1113 uon
1744 1043 1836 1116 licet·
1850 1046 1894 1115 ad
1909 1045 2000 1116 alios
2014 1069 2098 1117 usus
2115 1061 2234 1117 trans·

215 1156 466 1231 Palaestinam.
518 1149 571 1222 Ac
595 1152 638 1220 de
663 1147 793 1219 Tuscis
815 1173 857 1220 eo
879 1150 957 1219 loco
983 1150 1087 1241 plura
1102 1145 1199 1217 dice·
1250 1146 1353 1215 serre.
1405 1142 1544 1214 Deinde
1569 1143 1773 1229 seditiosos,
1798 1146 1994 1216 desertores
2018 1162 2052 1216 et
2073 1161 2235 1218 taxantes

216 1283 316 1334 mus.
339 1280 429 1353 qnos
451 1252 557 1324 etiam
580 1251 757 1322 veteribus
775 1251 997 1342 temporibus
1012 1273 1079 1321 nec
1094 1249 1199 1338 igno·
1251 1247 1388 1341 aliquid
1412 1246 1452 1314 in
1469 1241 1649 1315 Alcorano
1674 1245 1773 1318 iubet
1788 1246 1966 1334 interfici,
1993 1262 2033 1319 ut
2049 1249 2178 1338 legitur
2193 1250 2235 1318 in

200 1351 288 1433 'tam
314 1382 379 1427 nec
394 1357 552 1447 exiguam
570 1365 708 1444 gentem
723 1352 831 1422 luisse
848 1363 993 1444 apparet
1014 1375 1056 1421 ex
1070 1349 1202 1432 Plinio,
1252 1347 1437 1439 excerptis:
1453 1347 1485 1418 el
1500 1340 1556 1425 τὶς
1569 1339 1682 1444 λόγον
1697 1342 1855 1472 ἀπορίας
1868 1348 1962 1422 εἴποι
1974 1349 2024 1431 ele
2037 1345 2082 1422 τὸ
2095 1343 2236 1442 κόῤῥαν

218 1464 281 1557 qui
296 1459 434 1531 Turcos
454 1455 616 1526 nominat
639 1469 807 1544 tanquam
831 1454 967 1524 vicinos
990 1451 1202 1547 Tyssagetis,
1251 1442 1446 1545 ποριοθύς
1463 1445 1624 1542 θανάτῳ
1638 1452 1854 1542 retentaret.

218 1575 350 1637 etsunt
373 1560 467 1651 apud
483 1555 708 1627 Herodotum
733 1557 772 1623 in
796 1552 1043 1643 Melpomene,
1069 1552 1201 1646 Tyssa·
1354 1548 1404 1620 Ut
1425 1563 1541 1620 autem
1564 1563 1599 1620 et
1623 1549 1806 1621 illecebras
1829 1551 1955 1636 addat,
1980 1551 2141 1622 concedit
2167 1575 2231 1622 πο·

220 1666 307 1755 getis
321 1660 431 1731 vicini
443 1661 589 1755 ῑῦρκοιι,
615 1657 713 1749 quod
728 1670 780 1727 est
795 1671 856 1728 aut
870 1655 1011 1726 Tuscae
1028 1667 1089 1725 ant
1109 1653 1201 1726 lura.
1254 1645 1465 1750 λογαμίαιι,
1498 1663 1534 1720 et
1552 1649 1639 1720 sinit
1662 1651 1738 1720 lieri
1759 1652 1913 1722 divortia
1930 1652 2069 1743 privato
2083 1652 2235 1722 arbitrio

323 1762 612 1835 Consentaneum
636 1771 688 1828 est
712 1772 828 1828 autem
852 1772 990 1847 gentem
1012 1755 1202 1827 Tuccieam
1253 1754 1331 1822 sine
1353 1750 1554 1842 cognitione
1569 1749 1750 1834 ludicum,
1775 1768 1810 1824 et
1825 1753 1901 1822 sine
1917 1753 2101 1824 manifesta
2119 1777 2239 1828 causa.

222 1863 413 1956 significari
436 1858 735 1954 appellationibus
758 1852 845 1952 Gog
866 1872 901 1929 et
916 1852 1086 1952 Mogog,
1114 1876 1204 1947 qnos
1256 1851 1394 1923 Deinde
1418 1857 1458 1923 ut
1481 1855 1527 1924 sit
1540 1853 1675 1922 occasio
1690 1855 1959 1940 beneficentiae,
1984 1879 2074 1948 quae
2091 1857 2237 1944 prodest

223 1961 392 2042 Ezechiel
407 1964 458 2034 ait
480 1975 620 2053 gentem
630 1960 942 2053 septentrionalem
957 1983 1031 2030 esse
1049 1957 1135 2044 Cap.
1156 1957 1203 2022 18
1255 1957 1300 2022 ad
1316 1954 1562 2037 concordiam,
1588 1977 1663 2023 nou
1679 1956 1795 2026 solum
1810 1956 1907 2026 iubet
1928 1956 2051 2045 largiri
2069 1957 2237 2046 pauperi·

223 2083 257 2140 ει
277 2066 338 2140 19.
803 2101 808 2112 ,
1258 2055 1343 2138 bus,
1368 2055 1429 2124 sed
1451 2055 1555 2126 etiam
1582 2078 1647 2146 pro
1670 2056 1808 2126 delictis
1821 2057 1964 2126 ordinat
1981 2057 2130 2128 mulctas
2147 2061 2239 2126 dan-

327 2163 485 2259 Apparet
512 2179 546 2230 ct
569 2157 755 2228 Danielem
789 2155 833 2223 de
857 2151 1067 2224 saracenico
1096 2171 1204 2238 regno
1257 2153 1319 2220 das
1355 2153 1581 2241 pauperibus.
1649 2152 1702 2223 lta
1733 2158 1976 2227 remissionem
2012 2172 2237 2248 peccatorum

224 2268 344 2366 toqui,
376 2289 457 2339 curn
481 2259 650 2353 praedicit
667 2270 811 2350 quartae
828 2247 1054 2322 monarchiae
1076 2251 1206 2321 distra-
1256 2254 1421 2322 transfert
1442 2253 1478 2319 in
1503 2253 1793 2352 satisfactionem:
1826 2271 1860 2328 et
1887 2258 1917 2327 si
1944 2259 2023 2350 quis
2055 2259 2139 2329 iecit
2161 2274 2238 2329 stu·

226 2375 400 2449 ctionem,
446 2377 631 2457 postquam
657 2357 730 2424 tale¹
750 2375 897 2444 regnum
920 2367 1109 2424 venturum
1133 2374 1206 2422 esse
1257 2377 1359 2443 prum
1376 2365 1437 2422 aut
1451 2353 1682 2438 adulterium,
1708 2369 1769 2426 ant
1786 2357 1917 2428 inravit
1930 2358 2038 2443 salso,
2061 2360 2162 2428 diver
2177 2385 2238 2428 ve.

227 2474 365 2567 inquit,
384 2469 480 2552 quod
498 2471 532 2528 et
555 2480 684 2526 novam
699 2455 896 2526 doctrinam
912 2455 1204 2526 contumeliosam
1257 2453 1337 2524 stiat
1350 2455 1480 2523 decens
1487 2455 1632 2547 inopes,
1657 2470 1718 2527 aut
1732 2457 1882 2529 redimat
1904 2459 2021 2548 precio
2046 2461 2238 2550 captivum.

228 2561 353 2636 cantra
367 2559 481 2630 Deum
508 2558 737 2650 propagabit,
762 2570 797 2626 et
820 2555 911 2626 bella
928 2569 1025 2644 geret
1040 2555 1207 2622 adversus
1258 2552 1367 2646 lnops
1382 2555 1508 2628 vestiat
1523 2559 1613 2627 duos
1629 2580 1810 2650 pauperes.
1862 2557 2065 2630 Homicidia
2089 2577 2123 2630 et
2140 2564 2235 2634 furta

229 2666 390 2738 Sanctos.
444 2661 485 2730 ld
510 2660 692 2752 perspicue
717 2657 881 2748 congruit
902 2660 947 2725 ad
971 2677 1120 2746 regnum
1141 2653 1207 2725 Sa·
1258 2657 1362 2750 punit
1380 2655 1470 2727 sieut
1482 2656 1538 2726 lex
1553 2656 1660 2732 Mosi.
1713 2659 1765 2730 lta
1786 2662 1859 2730 duo
1874 2674 2058 2752 praecepta
2073 2663 2238 2732 utilitatis

228 2764 452 2846 racenicum,
485 2762 619 2853 inquo
646 2760 808 2830 doctrina
839 2781 998 2848 expresse
1029 2755 1207 2826 contraria
1258 2782 1361 2827 causa
1389 2771 1572 2849 utcunque
1602 2760 1746 2830 retinet:
1775 2759 1857 2831 Non
1878 2761 2036 2847 occides,
2067 2777 2118 2834 et:
2154 2762 2237 2836 Non

230 2864 428 2956 Evangelio
443 2861 614 2944 traditur,
640 2883 730 2953 quae
744 2873 784 2930 nt
798 2857 964 2929 invitaret
986 2860 1125 2928 animos
1140 2857 1208 2925 mi·
1258 2859 1391 2930 lurtum
1413 2859 1529 2932 iacies.

228 2970 367 3051 litaret,
391 2976 504 3034 astute
521 2962 615 3032 laxat
631 2961 668 3030 in
683 2961 829 3053 privatis
846 2960 1006 3030 moribus
1019 2959 1210 3043 licentiam,
1361 2956 1500 3028 Deinde
1520 2973 1561 3036 nt
1590 2961 1854 3034 distinctionem
1884 2987 1968 3034 snae
1997 2964 2239 3036 multitudinis
2351 2987 2352 2992 ¹

229 3085 263 3142 et
286 3068 325 3138 iu
349 3065 489 3157 publica
513 3063 772 3133 consociatione
802 3062 1088 3144 beneficentiam,
1121 3083 1216 3129 con-
1260 3085 1280 3131 a
1303 3059 1449 3131 caeteris
1470 3061 1634 3150 gentibus
1658 3064 1806 3148 iaceret,
1848 3078 1884 3136 et
1910 3066 2029 3158 aliqua
2054 3065 2240 3156 religionis

228 3169 385 3240 cordiam
400 3176 435 3235 et
451 3165 557 3232 decus
574 3162 724 3233 militiae
740 3164 935 3231 confirmat.
960 3159 1009 3230 Et
1022 3161 1104 3253 quia
1121 3161 1209 3228 seie—
1261 3161 1392 3251 species
1416 3174 1524 3245 esset,
1562 3164 1779 3232 ceremonias
1807 3165 1966 3251 addidit,
2006 3167 2068 3236 sed
2098 3190 2240 3256 paucas,

228 3273 291 3342 bat
308 3265 453 3336 dissidia
469 3263 557 3334 oriri
573 3265 618 3332 de
632 3262 837 3332 difficilibus
851 3260 1031 3346 articulis,
1057 3259 1119 3352 qni
1135 3280 1208 3327 non
1260 3261 1343 3353 qnia
1367 3262 1470 3330 turba
1489 3262 1654 3334 militaris
1673 3287 1747 3336 non
1770 3265 1905 3357 patitur
1927 3267 2038 3337 multa
2060 3267 2143 3338 talia
2159 3269 2240 3335 vin-

229 3367 434 3441 iudicantor
455 3365 611 3442 ratione,
637 3361 791 3434 removit
813 3361 1015 3431 doctrinam
1035 3363 1080 3430 de
1095 3357 1210 3429 tribus
1261 3362 1351 3431 cula.

228 3466 396 3540 Personis
416 3465 633 3548 divinitatis,
654 3479 688 3536 et
714 3462 900 3534 contendit
914 3475 1052 3532 tantum
1067 3460 1209 3531 unicam
1362 3459 1528 3535 Retinuit
1561 3465 1881 3554 circumcisionem,
1927 3480 1967 3538 nt
2017 3469 2242 3540 confirmaret

229 3590 416 3664 personam
432 3589 505 3658 esse
521 3564 650 3638 Deum.
685 3563 799 3655 Negat
814 3563 853 3633 in
869 3558 1013 3634 Christo
1030 3564 1119 3633 duas
1135 3583 1209 3630 esse
1262 3564 1522 3655 persuasionem
1539 3568 1583 3634 de
1598 3590 1706 3656 regno
1720 3569 1893 3660 promisso
1911 3571 2106 3659 posteritati
2121 3569 2242 3644 Sarae.

229 3685 384 3744 naturas.
1266 3663 1422 3736 lnstitnit
1445 3666 1538 3734 diem
1562 3669 1713 3750 festum,
1739 3670 1802 3763 qui
1824 3670 1927 3740 nobis
1949 3684 2001 3741 est
2023 3684 2140 3741 sextus
2165 3671 2241 3742 dies

330 3770 428 3842 Haec
450 3770 552 3838 avide
581 3766 801 3857 accipiebant
825 3761 966 3846 ludaei,
1004 3775 1038 3831 et
1065 3761 1210 3850 plurimi
1262 3762 1525 3836 hebdomadae:
1574 3770 1674 3841 iubet
1709 3771 1870 3864 quotidie
1901 3772 1972 3842 dici
2001 3773 2240 3863 precationem

232 3873 293 3967 qui
310 3871 570 3944 Samosatenica
591 3868 751 3955 contagia
769 3865 894 3936 inillis
918 3863 1005 3935 locis
1021 3858 1211 3949 habebant,
1263 3867 1467 3961 quinquies:
1492 3873 1655 3943 concedit
1676 3871 1768 3941 vesci
1783 3874 1944 3942 omnium
1962 3874 2249 3967 quadrupedum,

232 3977 323 4046 sicut
344 3985 379 4042 et
398 3984 564 4039 narratur
579 3968 617 4036 in
637 3964 822 4035 Alcornao
838 3967 1024 4037 scribendo
1039 3959 1210 4059 Sergium
1263 3969 1449 4040 volucrum
1466 3985 1500 4042 ct
1515 3971 1662 4059 piscium
1678 3973 1863 4054 carnibus,
1890 3987 2030 4065 excepta
2045 3973 2148 4043 suilla
2165 3998 2242 4043 car-

232 4064 466 4149 monachum,
507 4083 542 4141 et
571 4069 660 4140 alies
682 4070 854 4160 quosdam
875 4064 1071 4136 haereticos
1095 4081 1129 4138 et
1151 4064 1210 4136 lu·
1263 4093 1327 4141 ne:
1371 4072 1594 4141 servantibus
1617 4068 1708 4142 hanc
1730 4073 1840 4163 legem
1866 4074 2043 4168 promittit
2076 4075 2242 4145 victorias

231 4181 340 4248 dacos
360 4168 539 4244 adhibitos
564 4193 659 4255 esse,
685 4193 838 4263 quorum
864 4168 1120 4238 deliberatione
1145 4192 1212 4259 po·
1263 4186 1297 4242 et
1318 4194 1402 4264 opes
1426 4173 1463 4240 in
1486 4168 1552 4240 hac
1578 4173 1669 4256 vita,
1695 4188 1731 4245 et
1752 4173 1937 4268 posthanc
1953 4176 2061 4246 vitam
2079 4175 2116 4246 in
2132 4174 2241 4246 Para-

233 4278 369 4373 polaria
394 4276 556 4363 dogmata
579 4273 686 4343 electa
713 4272 806 4355 sint,
827 4285 863 4339 et
879 4293 934 4339 res
953 4269 1109 4340 ostendit
1125 4266 1211 4339 baec
1263 4275 1359 4356 diso,
1384 4287 1426 4344 ut
1440 4276 1514 4364 ipse
1529 4275 1691 4347 nominat
1709 4277 1851 4348 delicias
1867 4291 1902 4349 et
1917 4276 2045 4366 gaudia
2062 4277 2139 4345 sine
2159 4276 2241 4357 fine,

232 4383 306 4451 dno
327 4387 438 4448 astute
462 4376 607 4445 confusa
631 4396 723 4457 esso,
755 4367 1077 4442 enthusiasmorum
1101 4371 1213 4441 simu·
1264 4398 1304 4444 ac
1326 4388 1421 4443 certa
1445 4376 1565 4444 beatos
1587 4377 1663 4446 lore
1676 4379 1828 4450 affirmat
1842 4403 1964 4450 omnes
1981 4377 2123 4448 sortiter
2138 4402 2241 4470 prae-

232 4479 400 4564 lationes,
425 4490 459 4547 et
479 4479 641 4564 dogmata
660 4473 864 4565 popularia,
890 4472 980 4542 sicut
995 4473 1033 4540 lit
1050 4473 1096 4542 ab
1112 4471 1213 4543 Ana·
1263 4477 1390 4546 liantes
1406 4477 1443 4544 in
1461 4477 1546 4545 acie.

232 4582 405 4675 baptistis.
1366 4575 1441 4646 llas
1464 4577 1558 4665 leges
1580 4601 1659 4647 cum
1677 4581 1781 4649 turba
1799 4579 1964 4651 militaris
1980 4581 2132 4651 libenter
2149 4582 2241 4651 aeci-

250 4753 256 4766 ,
338 4678 477 4751 Deinde
517 4674 649 4749 taxavit
691 4671 918 4748 Mabometus
958 4670 1212 4766 Evangelinm‚
1265 4694 1383 4770 peret,
1415 4680 1483 4748 cito
1505 4679 1614 4748 crevit
1645 4681 1855 4763 multitudo,
1892 4695 1926 4751 et
1960 4684 2129 4752 victoriae
2157 4681 2244 4770 legis

233 4785 329 4878 quod
350 4776 538 4874 prohibeat
570 4777 781 4862 vindictam,
812 4791 847 4848 et
867 4800 942 4848 non
966 4790 1068 4867 cogat
1091 4778 1211 4867 gladio
1264 4781 1487 4851 autoritatem
1511 4795 1693 4852 auxerunt.
1753 4777 1819 4852 ltu
1838 4794 1956 4853 autem
1978 4785 2091 4854 forma
2113 4807 2243 4873 prope·

232 4883 384 4977 populos
407 4883 453 4952 ad
476 4879 728 4952 obedientiam.
781 4875 830 4950 Ut
851 4877 958 4966 igitur
982 4879 1094 4969 legem
1112 4901 1211 4948 suam
1265 4881 1409 4948 randum
1428 4879 1623 4951 Laconicae
1638 4883 1783 4963 similis,
1810 4884 1997 4976 praecipue
2016 4884 2059 4953 ad
2078 4883 2242 4954 militiam

233 4997 385 5056 armaret
407 4978 653 5059 Mabometns,
679 4980 765 5050 dicit
787 4980 975 5070 imperinm
999 5003 1081 5051 suae
1104 4979 1213 5068 genti,
1264 4981 1408 5055 directa.

173 5087 178 5098 ’
234 5085 317 5179 qnia
333 5083 380 5153 sit
395 5094 474 5152 orta
489 5105 508 5151 a
523 5080 630 5164 Sara,
656 5081 868 5170 promissum
885 5103 977 5164 esse,
1004 5096 1039 5152 et
1051 5083 1087 5150 id
1104 5082 1212 5151 armis
1366 5083 1594 5174 Scripserunt
1609 5083 1838 5155 refutationes
1853 5083 1995 5170 Graeci,
2021 5109 2109 5178 quas
2126 5087 2243 5179 inspi-

233 5183 478 5276 occnpandum
495 5203 586 5265 esse,
609 5194 645 5251 et
659 5184 832 5270 cogendas
853 5203 926 5250 esse
943 5205 1068 5250 omnes
1081 5198 1213 5272 gentes,
1266 5205 1345 5254 cete
1361 5185 1449 5254 utile
1464 5198 1535 5269 est,
1561 5187 1597 5253 in
1613 5185 1744 5276 quibos
1758 5181 1825 5256 boc
1840 5201 1933 5259 recte
1947 5187 2090 5259 dicitur.

233 5300 274 5357 nt
288 5300 350 5356 aut
364 5283 431 5374 legi
448 5274 707 5350 Mabometicae
723 5281 912 5361 obediant,
935 5297 995 5354 aut
1010 5283 1131 5355 vivant
1146 5307 1212 5374 op-
1366 5285 1510 5358 Nullam
1527 5287 1723 5356 doctrinam
1741 5290 1786 5357 de
1801 5285 1877 5357 Deo
1900 5287 2128 5380 posteriorem
2145 5282 2245 5379 Apo·

234 5385 344 5475 pressi
367 5382 547 5454 servitute.
597 5377 694 5450 Haec
720 5383 815 5451 enirn
838 5385 946 5454 verba
975 5385 1144 5474 leguntur
1171 5388 1210 5454 in
1266 5386 1385 5472 stolis,
1410 5389 1541 5481 quibus
1559 5387 1653 5458 lilius
1670 5387 1736 5460 Dei
1753 5389 2004 5460 resusciatione
2020 5403 2245 5460 mortuorum

160 5711 275 5776 Ᾱ
444 5768 500 5778 ,-
