4726 5828
103 287 151 360 n
851 281 1015 360 ouon.
1058 275 1138 356 na
1172 275 1395 354 ursula
2083 285 2134 360 ts

102 457 236 528 tionem
253 451 341 541 Dei,
367 467 401 528 et
421 455 465 526 ad
481 450 647 528 honestos
668 468 704 527 et
723 455 801 547 pios
818 479 946 528 mores.
1000 454 1094 528 Sunt
1146 450 1266 544 aliqua
1282 448 1483 522 celebritate
1503 447 1643 539 linguas
1665 448 1863 528 docuerunt
1875 449 2054 528 Ecclesiae
2074 481 2139 528 ne·

102 572 136 631 et
155 557 289 630 indicia
314 557 546 628 ecclesiastica
568 557 776 643 constituta,
802 570 843 628 ut
863 571 1021 650 pastores
1036 582 1092 628 re·
1147 553 1333 638 cessarias,
1360 565 1394 624 et
1411 575 1468 622 eas
1491 550 1562 622 late
1584 568 1892 645 propagaverunt.v
1929 554 2135 633 Bernartius

100 675 231 754 gantur
251 671 285 730 et
311 658 566 745 defendantur,
591 673 627 730 et
650 671 691 730 ut
711 660 892 730 doctrinae
908 661 1043 750 puritas
1059 673 1093 730 et
1146 653 1307 743 Ciglerus
1332 669 1435 726 natus
1461 653 1501 724 in
1528 653 1663 726 familia
1693 657 1846 749 equestri
1877 653 1985 730 hrains
2014 663 2139 750 gentis,

101 763 268 834 sanctitas
284 759 532 849 coniugiorum
548 773 811 834 conserventur.
862 759 912 832 Et
926 761 1009 855 quia
1022 757 1093 830 Ec·
1146 779 1226 826 curn
1240 757 1382 846 linguae
1393 750 1565 826 hebraeae
1578 778 1746 845 magnum
1759 781 1863 832 usum
1877 756 2037 844 haberet,
2062 788 2135 836 non

100 865 219 936 clesiis
241 875 273 932 et
300 861 548 951 gubernationi
572 862 670 934 civili
699 885 788 954 opus
816 875 867 934 ast
898 865 1092 934 multarum
1145 857 1258 926 solum
1276 852 1520 928 huiusaetatis
1535 857 1662 928 studiis
1677 859 1714 928 in
1731 883 1771 938 ea
1786 861 1923 951 lingna,
1951 865 2012 934 sed
2029 865 2137 944 etiam

99 969 323 1056 linguamm,
349 975 383 1034 et
397 964 527 1035 artium
542 965 706 1050 scientia,
731 965 905 1034 etlumen
926 965 1019 1035 vitae
1041 977 1093 1034 est
1144 959 1340 1049 posteritati
1357 959 1502 1051 profuit.
1556 956 1729 1034 Graecam
1750 961 1908 1052 linguam
1924 979 2006 1036 ante
2023 989 2137 1039 annos

102 1091 185 1140 vm
199 1063 361 1136 doctrina
375 1066 420 1134 de
433 1062 513 1137 Deo
539 1067 634 1137 etde
648 1078 775 1136 mium
792 1089 924 1140 rerum,
972 1065 1091 1156 Lippi.
1146 1059 1289 1148 triginta
1318 1084 1376 1130 tex
1407 1057 1541 1130 Crocui
1571 1061 1786 1148 Brlittnntts,
1827 1065 1889 1158 qui
1911 1063 2133 1140 Alcandrum

99 1195 140 1240 cs
159 1165 355 1239 Academia
378 1167 427 1236 ita
450 1167 638 1239 constituta
661 1179 729 1252 est,
766 1181 807 1239 ut
830 1167 951 1257 lingna
970 1168 1092 1251 latina,
1145 1159 1310 1234 Luteciae
1323 1163 1500 1246 audierat,
1527 1157 1585 1232 hic
1607 1165 1786 1256 frequenti
1810 1168 1988 1240 auditorio
2004 1170 2136 1256 docuit,

97 1294 220 1362 graeca
248 1282 283 1340 et
308 1267 433 1354 ebraea
456 1280 550 1338 recte
574 1282 606 1338 et
630 1269 782 1340 fideliter
805 1264 865 1340 hic
886 1270 1091 1342 doceantur,
1144 1257 1240 1334 laune
1256 1277 1396 1335 secutos
1416 1277 1467 1334 est
1489 1261 1616 1336 Petrus
1635 1262 1875 1350 Mosellanns,
1902 1271 2005 1340 cuius
2020 1272 2134 1342 oratio

96 1375 284 1442 Praeterea
318 1369 445 1440 ordine
478 1369 565 1440 iibri
601 1365 799 1462 prophetici
835 1385 870 1440 et
907 1369 1090 1461 apostolici
1144 1361 1658 1456 Xenophonteamsuavitatem
1668 1367 1851 1440 referebat.
1881 1367 2136 1444 Nuncloachi-

97 1482 332 1550 enarrantur,
365 1483 399 1540 et
423 1471 562 1540 assidue
585 1473 756 1562 repetitur
774 1471 910 1561 integra
928 1473 1089 1542 doctrina
1143 1489 1221 1534 mus
1240 1463 1483 1551 Camerarius,
1509 1467 1572 1558 qui
1588 1464 1694 1538 Croci
1719 1470 1861 1542 auditor
1882 1473 1967 1557 fuit,
1993 1496 2136 1562 graecae

94 1571 278 1647 Ecclesiae
301 1570 387 1656 Dei,
420 1568 672 1663 comprehensa
702 1573 741 1642 in
766 1573 870 1644 libris
893 1569 1090 1665 Propheta·
1143 1567 1285 1658 linguae
1299 1569 1414 1640 studio
1431 1562 1489 1638 hit
1504 1569 1611 1658 ῐῠεῑί,
1637 1570 1699 1664 qui
1716 1594 1796 1641 tum
1813 1573 2135 1663 omnigenerevir-

94 1700 177 1748 rnm
201 1688 238 1745 et
259 1667 536 1764 Apostolorum,
564 1689 598 1746 et
621 1675 661 1746 in
683 1672 863 1768 Symbolis
885 1675 1091 1766 apostolico,
1142 1683 1257 1742 tuturn
1291 1671 1447 1755 excellit,
1481 1683 1556 1742 tum
1583 1695 1667 1742 vero
1693 1673 1932 1762 cognitionem
1961 1690 1997 1749 et
2028 1699 2133 1750 usum

93 1777 242 1858 Niccno
256 1787 291 1846 et
307 1769 570 1856 Athanasiano,
604 1788 640 1846 ct
661 1775 700 1843 in
717 1771 938 1848 confessione
953 1771 1090 1848 Lothe-
1140 1793 1283 1859 graecae
1313 1771 1455 1862 linguae
1482 1785 1622 1842 tantum
1646 1766 1768 1860 hahet,
1801 1787 1842 1848 ut
1872 1801 1946 1846 non
1969 1773 2132 1852 Athenae

92 1881 139 1954 ri.
192 1875 302 1948 Hunc
325 1890 533 1967 perpetuum
567 1899 777 1947 consensum
801 1873 995 1948 catholicae
1017 1873 1103 1972 Ec&
1142 1885 1276 1944 ueteres
1288 1886 1360 1943 tam
1377 1874 1449 1944 sint
1462 1866 1619 1955 Atticae,
1646 1899 1753 1967 quarn
1768 1891 1852 1948 sunt
1866 1879 1978 1969 ipsius
1991 1880 2133 1972 scripta.

92 1980 225 2051 clesiae
252 1975 340 2061 Dei,
381 1975 571 2048 Academia
608 1978 773 2048 universa
814 1977 872 2068 pie
903 1979 1088 2069 amplecti·
1243 1971 1416 2064 Magnum
1443 1977 1550 2046 decus
1572 1989 1624 2046 est
1638 1987 1766 2048 'autem
1787 1990 1822 2048 et
1841 1980 1955 2068 gentis
1971 1975 2079 2052 huius
2096 1993 2132 2052 et
2188 2053 2191 2060 ,

92 2099 173 2165 tor,
209 2092 244 2151 et
267 2077 421 2149 fideliter
440 2091 577 2164 tuetur,
602 2091 643 2150 ut
667 2078 752 2150 libri
772 2080 835 2172 qui
857 2075 917 2150 hio
931 2081 1088 2151 eduntur
1140 2068 1369 2162 Academiae,
1391 2076 1486 2170 quod
1504 2077 1543 2144 in
1559 2077 1658 2148 nulla
1677 2078 1814 2167 regioni
1831 2081 1898 2152 viri
1914 2081 2143 2171 pluressunt·

91 2183 302 2254 ostendnnt.
835 2245 838 2252 ,
1140 2190 1173 2246 et
1186 2177 1349 2258 luerunt,
1373 2178 1415 2248 in
1435 2178 1563 2250 ordine
1578 2181 1731 2272 equestri
1744 2181 1819 2252 nati
1835 2185 2045 2256 excellenter
2064 2185 2132 2254 do·

196 2281 293 2372 Sunt
312 2274 373 2350 hic
386 2278 550 2367 etlegum
569 2278 733 2352 civilium
752 2279 979 2372 interpretes,
1005 2306 1087 2353 eru-
1140 2278 1189 2348 cti
1213 2293 1248 2350 et
1269 2279 1492 2373 eloquentes,
1518 2303 1625 2372 quam
1646 2282 1684 2352 in
1701 2276 1767 2352 hac
1784 2283 1939 2373 regione.
1990 2280 2128 2358 Schon·

89 2387 234 2458 ditione
256 2393 292 2452 et
312 2378 483 2472 sapientia
506 2380 731 2468 excellentes,
754 2405 907 2475 quorum
930 2383 1087 2454 consiliis
1138 2380 1271 2468 hergii,
1295 2380 1358 2473 qui
1373 2379 1652 2452 fnitCardinalis
1667 2395 1702 2454 et
1715 2379 1915 2477 Episcopus
1929 2383 2147 2477 Capuanns,·

90 2504 127 2560 et
146 2483 336 2559 sententiis
354 2480 486 2554 iudicia
506 2479 546 2552 in
570 2482 692 2553 multis
714 2484 878 2572 gentibue
903 2501 1085 2576 reguntur.
1139 2481 1398 2575 eloquentiam,
1434 2483 1539 2555 etiam
1561 2483 1636 2574 ipsa
1659 2483 1762 2558 Italia
1776 2487 1950 2558 admirata
1967 2501 2041 2574 est,
2067 2488 2131 2582 qui

92 2589 189 2662 Sunt
210 2599 247 2656 et
268 2585 355 2654 artis
377 2583 533 2654 medicae
555 2581 730 2654 Doctores
751 2585 821 2655 viri
845 2581 1087 2670 eruditissimi,
1138 2584 1284 2676 quidem
1313 2581 1464 2673 Legatus
1485 2585 1553 2657 luit
1574 2587 1617 2655 ad
1649 2601 1720 2669 tres
1740 2609 1896 2660 summos
1921 2589 1959 2658 in
1984 2585 2130 2681 Europa

91 2712 252 2786 quorum
274 2699 309 2758 et
328 2685 370 2756 in
389 2684 565 2754 medendo
592 2697 627 2754 et
647 2685 686 2755 in
712 2688 872 2757 docendo
889 2689 1086 2758 celebratur
1138 2706 1253 2774 reges,
1280 2687 1325 2754 ad
1351 2685 1600 2776 imperatorem
1615 2683 1805 2770 Carolum,
1836 2689 1880 2759 ad
1902 2711 2020 2779 regem
2040 2688 2131 2762 Gal-

90 2790 250 2863 eruditio
269 2801 303 2858 et
325 2786 424 2858 fides.
476 2782 686 2856 Traduntur
701 2800 735 2857 et
751 2787 952 2859 iunioribus
969 2803 1086 2878 partes
1137 2785 1254 2855 lorum
1279 2783 1526 2873 Franciscum,
1563 2802 1597 2860 ct
1619 2791 1663 2858 ad
1686 2813 1803 2878 regem
1819 2785 1971 2880 Angliae
1992 2791 2129 2864 Hauri-

89 2883 348 2981 Philosophiae
361 2908 504 2970 omnes,
529 2885 743 2979 fueruntque
764 2888 849 2956 olim
871 2887 1085 2960 studiaMa-
1138 2909 1247 2958 cum·
1279 2884 1383 2958 Nunc
1411 2895 1554 2980 quoque
1586 2901 1627 2959 ut
1658 2894 1766 2964 audio
1797 2893 1919 2964 doctos
1952 2893 2128 2979 iudicare,

89 2991 293 3066 thematum
307 2983 367 3060 bic
379 3000 497 3067 tanta,
517 2999 559 3057 ut
573 2987 657 3056 inde
674 2988 713 3060 in
726 2989 814 3060 alias
826 2991 988 3079 regiones
1000 3015 1085 3082 pro·
1136 2986 1275 3062 nullius
1296 2987 1411 3059 oratio
1432 2989 1563 3074 latina,
1595 2991 1757 3064 omnium
1781 2993 1842 3086 qui
1868 3018 1965 3066 nunc
1981 2995 2127 3088 quidem

89 3108 218 3189 pagata
245 3091 335 3174 sint,
369 3088 573 3160 didicerunt
602 3083 662 3158 hic
693 3089 796 3162 initia
824 3087 1083 3164 Mathematum
1137 3088 1266 3180 scripta
1283 3091 1395 3160 edunt
1415 3090 1454 3160 in
1479 3089 1582 3162 ltalia
1604 3093 1768 3164 autalibi
1783 3095 1911 3166 melior
1927 3108 1996 3180 est,
2020 3119 2127 3189 quam
2191 3093 2200 3102 ”

88 3195 415 3286 Regiomontanus,
440 3186 658 3273 Bersumno,
686 3185 906 3279 Schoneros,
931 3218 1083 3286 quonam
1138 3187 1221 3261 lulii
1245 3188 1376 3281 Pfldgii
1407 3204 1442 3264 et
1461 3187 1713 3283 Christophori
1743 3192 1971 3272 Carolovicii,
2034 3196 2128 3270 Sunt

88 3299 242 3370 nomina
266 3304 474 3364 notarunt:
500 3303 535 3361 et
555 3290 677 3364 docuit
696 3287 755 3364 hic
769 3289 990 3380 Alexander,
1021 3294 1084 3388 qui
1137 3306 1172 3362 et
1192 3291 1255 3362 alii
1275 3293 1403 3379 multi,
1436 3295 1499 3387 qui
1518 3295 1743 3368 nobilitatem
1763 3299 1901 3386 generis
1924 3298 2126 3371 eruditione

88 3417 127 3473 et
146 3398 272 3470 edidit.
287 3392 548 3466 enarrationem
577 3391 918 3466 demonstrationum
943 3419 1083 3485 geome-
1135 3407 1277 3468 ornant.

87 3503 284 3582 tricarum,
314 3520 357 3566 ex
374 3494 505 3588 quihus
526 3511 689 3582 magnam
717 3507 853 3587 partem
874 3493 1083 3572 Dialectiees
1236 3490 1322 3565 Diri
1337 3494 1546 3568 brevissime
1559 3497 1604 3566 de
1613 3494 1782 3576 Eccleaiis
1791 3501 1884 3573 etde
1899 3501 1979 3572 luce
1991 3501 2127 3574 doctri-

86 3619 125 3676 ει
148 3597 319 3696 Physices
334 3595 546 3668 Aristoteles
567 3595 731 3671 ertnrxit.
786 3594 840 3670 Ae
858 3599 994 3690 peperit
1008 3599 1082 3691 ipsa
1135 3617 1277 3672 narum.
1319 3592 1549 3688 Nuncpauca
1564 3599 1692 3670 addam
1708 3601 1882 3674 deforma
1897 3603 2127 3692 gubernatio·

85 3703 211 3800 Mysia
236 3703 328 3774 duos
347 3697 387 3770 in
413 3693 482 3772 hoc
506 3719 634 3786 genere
658 3696 842 3770 doctrinae
863 3701 1084 3787 excellentes,
1135 3698 1193 3768 nis
1213 3697 1390 3789 politicae.
1444 3694 1515 3770 Dei
1536 3699 1708 3772 beneficio
1730 3693 1806 3774 iam'
1822 3725 1936 3774 annos
1951 3703 2127 3798 quadrin-

85 3807 238 3879 Petrnm
258 3799 460 3893 Apianum,
484 3813 520 3873 et
534 3793 731 3870 iohannem
752 3795 862 3898 Pieil,
887 3825 992 3895 qoem
1015 3827 1084 3874 no-
1134 3810 1259 3890 gentos
1280 3793 1388 3872 huius
1407 3799 1576 3891 trianguli
1598 3803 1808 3892 gubernatio
1831 3805 1963 3878 mansit
1992 3807 2127 3892 adens,

85 3909 232 3979 minant
251 3901 357 3976 amici
378 3896 588 3984 Philonem,
621 3900 706 3994 quia
732 3915 878 3993 propter
905 3903 1085 3994 amplissi-
1135 3925 1205 3995 quo
1229 3900 1268 3970 in
1292 3925 1331 3970 re
1355 3915 1389 3972 et
1403 3896 1471 3973 Dei
1489 3903 1701 3976 beneficium
1715 3909 1977 3996 agnoscendum
1993 3920 2065 3994 est,
2091 3919 2126 3980 et

87 4033 186 4081 mam
199 4005 452 4085 eruditiorem,
476 4001 665 4074 conferunt
677 4025 758 4074 enm
771 4005 817 4074 ad
832 4018 983 4076 semem
995 4001 1082 4078 Phi.
1134 4003 1293 4095 ipsorum
1304 4001 1512 4096 Principum
1526 4005 1706 4082 laudanda
1721 4003 1858 4081 iusticia
1874 4023 1908 4081 et
1915 3999 2126 4088 moderatio.

87 4114 233 4191 ionem,
258 4110 304 4178 de
320 4131 392 4202 quo
409 4104 545 4176 dictum
559 4103 647 4186 fnit,
670 4098 833 4200 ἢφίλων
848 4102 1079 4195 πλατωνίζει,
1134 4103 1368 4178 Accesserant
1377 4102 1554 4196 Turingia
1570 4121 1605 4178 et
1618 4131 1699 4198 pars
1716 4108 1910 4192 Saroniae,
1935 4123 1970 4182 et
1982 4106 2125 4182 Electo-

86 4211 112 4308 ἢ
138 4204 293 4285 ntalem
312 4199 514 4305 petoritu.
572 4203 682 4278 idad
705 4202 803 4280 hunc
826 4223 988 4280 nostrum
1005 4234 1080 4282 non
1133 4231 1213 4280 tum
1236 4204 1413 4297 dignitas,
1443 4232 1535 4301 quae
1561 4209 1712 4282 accessio
1741 4211 1846 4288 etiam
1878 4212 2146 4284 testimonium

87 4315 212 4386 minus
227 4310 413 4402 congruit,
436 4331 542 4402 qnam
560 4308 604 4376 ad
621 4307 737 4380 illum.
1134 4321 1186 4380 est
1198 4308 1359 4394 virtutis,
1383 4322 1419 4380 et
1431 4309 1631 4380 autoritatis
1644 4305 1775 4386 horum
1791 4311 2012 4404 Principum,
2052 4312 2124 4389 Sed
2184 4315 2187 4322 '

192 4412 272 4487 Etsi
301 4412 398 4482 enim
430 4433 504 4481 non
535 4419 588 4482 est
616 4433 732 4482 meum
754 4412 799 4484 de
825 4410 973 4484 summis
994 4410 1082 4482 viris
1133 4409 1254 4480 omnia
1268 4410 1453 4503 complecti
1468 4435 1653 4482 nuncnon
1669 4436 1825 4504 possum.
1856 4413 2007 4486 Familia
2017 4413 2125 4486 Prin·

89 4518 268 4601 indicare,
293 4527 411 4586 lamen
425 4510 586 4582 existimo
603 4535 684 4582 eum
695 4513 939 4585 antecelluisse
958 4514 1081 4584 erudi-
1133 4511 1252 4602 cipum
1267 4525 1368 4582 vetus
1383 4525 1455 4595 cst,
1480 4527 1558 4584 orta
1574 4515 1620 4586 ab
1636 4517 1758 4590 eodem
1775 4515 1907 4608 stirpe,
1928 4541 2020 4610 quae
2038 4536 2124 4608 pro-

87 4622 190 4692 tione
204 4620 242 4688 in
262 4631 337 4689 tota
360 4606 594 4705 Philosophia
616 4615 800 4702 ornnihus,
830 4639 982 4709 quorum
998 4639 1083 4688 eru·
1132 4613 1261 4686 creavit
1274 4613 1535 4686 laudatissimus
1550 4617 1780 4709 imperatores
1794 4615 1986 4692 saxonicos
2003 4613 2124 4690 Otho·

87 4721 180 4792 ditio
201 4717 267 4790 hoc
281 4719 401 4790 seculo
418 4715 627 4790 celebratur.
1132 4739 1206 4786 nes.
1256 4710 1420 4808 Cumque
1436 4716 1589 4786 vicinam
1603 4720 1782 4809 regionem
1798 4719 1843 4790 ad
1860 4718 1997 4800 Salam,
2023 4718 2127 4792 Mul-

190 4821 272 4894 Non
293 4820 390 4892 volui
408 4814 570 4888 hocloco
587 4815 785 4906 catalogum
801 4817 987 4890 instituere
1006 4817 1082 4888 cla-
1132 4819 1214 4887 dam
1233 4829 1267 4888 et
1284 4813 1430 4888 Plisiam
1451 4817 1515 4888 diu
1539 4821 1753 4903 tenuissent,
1779 4831 1897 4912 postea
1918 4817 2124 4894 Fridericus

86 4951 212 4997 rorum
234 4925 415 5008 virontm,
441 4919 555 5013 quiin
574 4912 639 4988 hac
662 4910 854 4990 Academia
870 4919 1080 5003 floruerunt,
1131 4916 1367 5002 Barbarossa,
1398 4916 1564 4990 Conrado
1594 4935 1704 4992 totam
1736 4919 1890 5016 Mysiam
1920 4926 2124 5013 gubernan-

87 5029 201 5122 etqui
222 5024 383 5097 consiliis
402 5022 474 5094 suis
496 5021 647 5113 patriam
670 5033 848 5096 rexerunt.
898 5019 1079 5092 Nam‘for-
1132 5023 1212 5090 dam
1228 5019 1395 5110 tradidit,
1422 5046 1574 5115 eumque
1588 5017 1835 5095 Marchionem
1850 5023 1990 5120 Mysiae
2004 5027 2124 5096 norni-

88 5155 146 5200 ma
161 5125 433 5222 gubernationis
446 5125 536 5196 iusta
554 5137 588 5196 ct
601 5122 795 5208 moderata,
819 5121 1078 5194 etiudiciorum
1131 5121 1248 5205 navit,
1273 5122 1348 5192 sive
1366 5121 1402 5190 id
1418 5147 1551 5194 nomen
1568 5138 1654 5196 esta
1677 5121 1886 5224 νομαρχία,
1909 5141 1950 5199 ut
1967 5127 2123 5200 Sabinus

88 5230 297 5304 constitutio
327 5228 521 5299 ostendunt
544 5225 652 5296 inisse
682 5238 717 5294 et
741 5247 831 5305 esse,
861 5248 935 5294 non
962 5223 1079 5296 solum
1130 5225 1187 5296 vir
1206 5224 1512 5312 ingeniosissimus
1526 5225 1720 5315 existimat,
1745 5230 1819 5302 sive
1839 5228 1987 5303 alimite
2004 5245 2122 5302 custo-

89 5336 355 5425 ingeniososet
375 5352 443 5400 nso
460 5326 871 5421 peritosgnhernatores,
892 5326 1078 5398 sedetiam
1129 5328 1274 5398 diendo.
1327 5323 1415 5397 lnde
1438 5329 1619 5418 propagati
1642 5327 1828 5424 Principes
1853 5344 2043 5406 tenuerunt
2067 5343 2122 5400 to-
2194 5391 2197 5400 .

87 5439 256 5510 eruditos.
315 5423 476 5504 Tantum
495 5431 540 5501 de
563 5427 610 5498 iis
629 5427 765 5510 dicam,
798 5427 1078 5532 quiprirnicom
1129 5441 1205 5502 turn
1236 5421 1332 5501 hunc
1359 5428 1599 5520 triangulum,
1631 5457 1784 5527 quornm
1816 5455 1955 5526 semper
1984 5454 2122 5504 summa
