4606 5822
65 385 69 390 ¹
161 296 236 370 447
663 370 664 377 Ν
923 273 1422 356 ὐιενυτΑτιοΝΕε
1696 221 1700 228 ’
1744 263 1747 269 ’
2114 283 2193 360 44⁸

268 467 305 538 t.
347 465 424 536 lmo
439 411 670 553 ‘impossibile
695 463 747 528 es't
769 457 892 527 adesse
914 453 1155 537 dilectionem,
1207 448 1457 541 Magistratus,
1487 445 1678 538 Parentes,
1707 449 1896 543 patientia,
1922 465 1958 528 et
1970 453 2104 526 similes
2118 456 2196 524 vir.

166 573 235 643 nisi
251 572 350 662 prius
363 569 407 638 sit
423 559 643 658 apprehensa
658 559 912 642 misericordia,
934 581 1017 626 nam
1037 556 1156 648 prius·
1207 565 1311 626 tutes.
1748 612 1753 627 ,

166 699 274 769 quam
293 669 360 742 hoc
375 670 425 752 fit,
452 667 560 736 corda
574 663 717 753 lugiunt
735 661 823 731 iram
838 657 917 740 Dei,
943 671 978 730 et
996 658 1155 727 irascun-
1308 652 1372 727 20.
1413 649 1510 724 Haec
1531 651 1670 726 incocta
1688 651 1849 746 impletio
1872 657 1959 749 lem's
1982 673 2034 732 est
2048 656 2196 734 effectus

53 793 59 800 .
166 793 226 848 ,ur
239 774 371 845 iudi-,50
391 769 473 842 Μ
1206 755 1246 826 in
1261 749 1334 840 his,
1361 755 1423 848 qui
1438 756 1509 825 iam
1525 755 1595 826 fide
1609 753 1787 830 iustificati
1800 772 1931 832 suntet
1953 762 2081 832 renati.

269 875 306 949 5.
342 871 438 961 Ergo
455 867 681 940 manifestum
701 881 771 949 est,
797 865 892 957 quod
915 861 990 932 sola
1009 861 1078 930 lide
1097 860 1156 931 iu·
1308 861 1374 932 21.
1406 857 1488 928 Non
1502 857 1613 948 igitur
1626 875 1809 948 regenerat
1821 861 1978 935 dilectio.

168 981 380 1060 stiliremur,
406 969 474 1044 ho'e
486 983 558 1058 est,
583 993 626 1039 ex
639 967 781 1040 iniustis
809 966 941 1055 arrepti
962 958 1158 1034 efficiamur
1307 961 1371 1034 22.
1410 957 1594 1052 Principio
1620 961 1729 1051 igitur
1748 962 2085 1046 iustificamurlide‚
2111 983 2196 1032 cum

168 1099 202 1154 et
225 1077 482 1170 regeneremur.
1209 1083 1279 1157 qur
1295 1061 1404 1135 simul
1420 1062 1583 1132 intuatur
1593 1063 1745 1138 novitas.
1906 1055 1909 1061 “

179 1193 183 1200 ’
269 1184 309 1254 6.
347 1177 497 1269 Triplex
510 1174 648 1244 iusticia
664 1184 726 1256 est,
753 1167 834 1241 Una
848 1168 1010 1252 rationis,
1035 1164 1157 1238 Altera
1309 1161 1372 1236 23.
1403 1161 1478 1233 Nec
1495 1158 1608 1234 honos
1623 1155 1828 1235 mediatoris
1843 1179 1963 1256 postea
1978 1165 2198 1236 transferen-

132 1344 144 1350 ..
169 1308 278 1380 quam
289 1285 344 1361 lex
355 1278 424 1352 Dei
437 1275 554 1368 erigit,
570 1275 690 1345 Tertia
707 1295 814 1366 quam
823 1267 1058 1360 Evangelium
1068 1293 1157 1360 pro·
1209 1265 1277 1336 dus
1294 1279 1347 1336 est
1362 1263 1402 1333 in
1417 1265 1662 1357 impletionem
1678 1266 1783 1358 legis,
1808 1263 1899 1362 qua'e
1914 1269 1957 1336 in
1977 1267 2082 1338 nobis
2095 1267 2154 1340 fit.

168 1386 289 1460 mittit.
1052 1440 1055 1451 ,
1310 1369 1373 1438 24.
1408 1363 1494 1438 ldeo
1509 1391 1575 1438 nec
1588 1380 1710 1460 postea
1734 1383 1942 1462 reputamur
1964 1369 2049 1441 iusti
2074 1391 2197 1438 coram

274 1485 310 1556 7.
343 1481 494 1554 Constat
508 1503 574 1548 nos
591 1501 707 1571 neque
718 1473 1068 1556 ratione'iustilicari,
1093 1495 1159 1541 ne·
1209 1465 1285 1539 Deo
1307 1482 1453 1560 propter
1475 1469 1575 1540 illam
1601 1471 1688 1561 legis
1707 1469 1983 1563 impletionem,
2015 1471 2077 1542 sed
2098 1469 2197 1554 ideo,

171 1613 240 1685 que
250 1591 338 1678 lege,
353 1586 413 1655 sed
423 1581 633 1672 Evangelio,
645 1603 728 1649 nam
745 1577 880 1671 alioqui
895 1571 1160 1647 frustraEvan·
1211 1569 1294 1663 quia
1311 1571 1381 1640 lide
1397 1566 1567 1641 habemus
1585 1590 1760 1643 recemum
1777 1595 1842 1663 per
1855 1569 2052 1647 Christum.

172 1692 305 1783 gelium
322 1687 493 1761 traditum
510 1697 609 1754 esset.
1241 1673 1247 1685 '
1311 1668 1373 1746 25.
1407 1668 1456 1744 Et
1469 1672 1534 1743 illa
1548 1673 1635 1764 legis
1647 1675 1809 1766 impletio
1825 1687 1878 1744 est
1889 1675 1993 1745 valde
2015 1673 2140 1764 exigna
2161 1685 2200 1740 et

275 1793 311 1865 8.
351 1787 498 1859 Constat
518 1780 702 1856 Christum
723 1783 956 1852 mediatorem
978 1801 1070 1862 esse,
1094 1799 1160 1848 nec
1210 1773 1408 1856 immunda,
1436 1774 1519 1872 quia
1532 1789 1679 1846 manent
1694 1776 1733 1845 in
1748 1774 1854 1846 nohis
1865 1775 2042 1872 reliquiae
2051 1774 2199 1868 peccati.

73 1895 83 1918 ⁸
172 1903 239 1966 nos
262 1888 395 1966 habere
416 1895 594 1960 accessum
613 1887 659 1956 ad
679 1885 795 1956 Deum
815 1883 974 1966 ratione,
1000 1893 1063 1952 aut
1082 1880 1159 1968 lege
1312 1877 1375 1950 26.
1399 1871 1577 1948 Ettamcn
1591 1871 1676 1948 haec
1692 1877 1833 1948 iusticia
1848 1878 1936 1968 legis
1950 1877 2055 1948 fidem
2073 1897 2201 1946 neces-

171 1998 290 2090 prius,
316 2015 424 2087 quam
437 2013 501 2082 per
516 1979 711 2060 Christum.
1211 1977 1305 2048 sario
1320 1977 1491 2071 sequitur.

230 2103 235 2118 “
275 2095 311 2167 9.
351 2093 425 2164 Nec
457 2113 522 2182 per
550 2085 736 2160 Christum
768 2081 940 2157 habemns
972 2103 1162 2165 accessum,
1313 2079 1376 2150 27.
1411 2079 1482 2150 Sed
1504 2074 1646 2150 honest
1669 2077 1936 2172 preestandum,
1962 2080 2071 2151 neita
2089 2101 2201 2173 quae-

174 2200 245 2270 nisi
263 2199 353 2282 fide,
378 2191 533 2264 Roman.
547 2187 585 2265 5.
1056 2247 1060 2254 .
1210 2181 1620 2271 ramusiusticiamlegis,
1637 2193 1676 2252 ut
1688 2183 1795 2252 fidem
1808 2181 1985 2268 tollamus,
2003 2203 2092 2252 neve
2108 2204 2199 2251 con-

280 2299 342 2368 10.
356 2295 509 2366 xiusticia
525 2292 674 2364 rationis
686 2290 885 2362 est-iusticia
896 2311 1058 2380 operum,
1071 2307 1161 2378 quae
1210 2281 1363 2354 fidamus
1377 2281 1439 2351 illa
1462 2282 1549 2372 legis
1572 2282 1791 2374 impletione.
1840 2280 1947 2354 Certo
1970 2283 2199 2354 statuendum

176 2402 267 2476 ratio
286 2399 404 2470 efficit.
429 2395 533 2465 Hanc
548 2394 724 2464 iusticiam
740 2388 903 2467 homines
919 2390 1136 2479 intelligunt.
1213 2398 1283 2468 est,
1307 2385 1405 2476 quod
1430 2381 1502 2454 lide
1523 2397 1669 2477 propter
1683 2379 1867 2456 Christum
1882 2385 1967 2455 iusti
1984 2397 2201 2478 reputemur,

281 2522 339 2593 11,
378 2515 521 2587 falsum
544 2526 614 2598 θη,
646 2511 743 2604 quod
766 2509 849 2580 1215,
872 2532 980 2602 opem
1002 2504 1162 2590 ustionis,
1212 2485 1328 2580 qualis
1351 2484 1466 2579 qualis
1487 2486 1533 2557 sit
1555 2486 1618 2556 illa
1647 2486 1736 2578 legis
1764 2487 1942 2580 impletio,
1978 2509 2068 2580 quae
2097 2489 2200 2580 sequi

176 2639 216 2697 ut
239 2613 486 2702 monachatus,
523 2629 558 2690 et
581 2613 712 2683 similia
746 2611 926 2697 exercitia,
960 2615 1164 2679 mereantur
1212 2588 1328 2661 11111111·

174 2724 419 2797 remissionem
433 2731 673 2812 peccatorum.¹
1315 2689 1378 2762 28.
1425 2683 1613 2780 Sophistae
1639 2703 1778 2761 tantum
1810 2689 2009 2784 loquuntur
2036 2691 2084 2759 de
2110 2691 2199 2779 legis

1212 2791 1430 2884 impletione,
1456 2789 1586 2862 deiide
1602 2815 1677 2862 non
1695 2791 1830 2878 dicunt,
1851 2790 1993 2882 fingunt
2007 2813 2074 2861 nos
2088 2791 2200 2864 iustos

1213 2893 1373 2986 reputari
1388 2905 1536 2984 propter
1549 2893 1648 2964 illam
1663 2893 1907 2985 impletionem
1923 2893 2023 2984 legis,
2048 2917 2123 2964 non
2138 2917 2203 2986 per

1213 2993 1379 3168 fidemiil.
1411 3091 1461 3165 Et
1476 3115 1600 3164 sumus
1612 3095 1697 3166 iusti
1713 3095 1889 3188 perillam
1905 3095 2099 3182 iusticiam,
2125 3122 2201 3169 non

1215 3196 1356 3268 iusticia
1377 3195 1482 3284 legis,
1508 3217 1615 3288 quam
1631 3195 1727 3268 Deus
1743 3221 1817 3268 non
1832 3211 2003 3290 acceptat,
2028 3198 2099 3267 nisi
2114 3224 2201 3294 pro-

1214 3295 1434 3472 ppppuisidem,
1458 3319 1528 3392 qua
1544 3298 1773 3371 mediatorem
1791 3295 1975 3371 Christum
1997 3295 2200 3394 apprehen·

281 2843 340 2912 12.
373 2837 465 2908 Nam
479 2830 550 2905 hoc
564 2845 617 2903 est
631 2827 806 2903 honorem
820 2829 1027 2901 mediatoris
1040 2831 1164 2900 adem·

176 2962 252 3018 tum
266 2937 421 3026 Christo,
436 2939 593 3009 tribuere
609 2935 681 3004 illis
695 2934 860 3026 operibus
875 2931 1036 3004 rationis.
1072 2931 1163 3002 Fide

176 3070 241 3141 per
254 3039 437 3116 Christum
463 3035 634 3110 habemus
658 3057 835 3106 accessum
857 3035 902 3104 ad
927 3031 1064 3119 Deum,
1088 3055 1163 3103 non

177 3171 241 3242 per
255 3165 363 3237 opera
379 3141 539 3226 rationis.

282 3245 342 3319 18.
383 3241 526 3312 Iustitia
545 3238 632 3328 legis
653 3250 721 3322 est,
747 3237 891 3312 dilectio
907 3231 975 3307 Dei
991 3247 1025 3306 et
1041 3235 1164 3327 prori-

178 3349 252 3434 mi,
279 3343 372 3416 hane
386 3353 461 3414 non
477 3341 646 3430 intelligit
663 3339 752 3410 ratio
771 3335 953 3423 humana,
980 3351 1015 3410 et
1032 3333 1165 3432 Sophi-

178 3464 252 3522 stae
265 3449 451 3542 loquentes
474 3446 518 3514 de
536 3443 724 3515 dilectione
742 3434 829 3524 Dei,
855 3442 942 3534 quid
960 3441 1006 3512 sit
1020 3441 1165 3511 dilectio
1202 3528 1204 3542 Ι
1318 3501 1381 3574 80.
1419 3502 1516 3574 Hinc
1538 3501 1641 3572 facile
1667 3523 1790 3572 omnes
1811 3503 2005 3574 semustae
2019 3506 2064 3574 de
2080 3509 2202 3596 operi,

179 3576 255 3626 non
277 3561 425 3642 possunt
448 3547 654 3629 ostendere,
681 3543 764 3637 quia
780 3556 907 3613 natura
923 3537 1080 3613 humana
1097 3564 1164 3632 op·
1391 3606 1400 3625 ‚
1465 3605 1474 3622 ,
1543 3581 1556 3605 s
2098 3607 2109 3623 ,

160 3675 300 3748 ,pressa
315 3648 617 3741 concupiscentia,
641 3669 716 3715 non
730 3645 827 3715 videt
839 3643 928 3738 quid
952 3644 998 3715 sit
1018 3643 1166 3733 diligere
1215 3606 1283 3677 ¹³⁰⁸
1309 3605 1476 3724 ‘3¹thffl
1498 3616 1659 3723 mmm·
1697 3601 1889 3696 Nunquam
1904 3618 2019 3724 11019111
2032 3603 2111 3726 ἧῗῑῑ
2133 3609 2202 3692 ¹0¹2

594 3769 598 3776 .
1216 3721 1278 3778 aut
1300 3729 1330 3775 ει
1352 3709 1439 3800 quid
1462 3705 1521 3792 fit,
1546 3727 1621 3777 non
1643 3717 1695 3776 cst
1714 3719 1912 3796 acceptum,
1937 3730 2009 3777 msa
2021 3708 2201 3799 prrusfide

149 3838 164 3850 “
179 3753 346 3928 munh,
383 3851 510 3924 Hono,
536 3849 743 3920 medfffiotp,
770 3871 846 3918 non
874 3860 926 3918 es,
953 3845 1166 3918 tribuendus
1218 3803 1556 3901 apprehenderimus
1581 3807 1811 3876 mediatorem
1833 3802 2037 3894 Christum,
2062 3809 2112 3880 sic
2135 3814 2201 3882 do*-

1217 3922 1271 3982 cet
1286 3904 1464 3982 Christus:
1491 3908 1578 3982 Sine
1592 3931 1648 3978 me
1660 3901 1754 3976 nihil
1769 3908 1915 4000 potestis
1935 3911 2062 3986 lacere.

181 3970 326 4077 nostrae
348 3953 551 4038 dilectioni,
578 3948 724 4068 etiamsi·
740 3961 940 4068 quaesset,
959 3947 1046 4067 ideo
1068 3970 1168 4018 acce-
1319 4015 1384 4084 31.
1423 4009 1521 4100 Ergo
1549 4010 1834 4104 quandocunque
1860 4010 2054 4083 laudantur
2080 4037 2186 4106 open

180 4063 300 4131 dmm,
321 4053 515 4144 adDanm,
541 4077 614 4122 non
637 4063 764 4121 merito
787 4051 987 4142 dilectionis
1016 4064 1167 4136 nostrae,
1218 4133 1361 4183 necesse
1378 4126 1430 4184 est
1453 4111 1622 4201 intelligi,
1648 4111 1744 4204 quod
1768 4109 1856 4182 fides
1879 4113 1989 4196 adsit,
2015 4114 2099 4208 quia
2123 4065 2200 4187 sin}

182 4163 243 4233 sed
259 4161 329 4230 fide
343 4170 488 4252 propter
501 4153 694 4226 Christum.
1296 4213 1305 4230 ,
1406 4215 1415 4232 ‚
1448 4213 1456 4228 ‚

261 4285 264 4292 '
287 4274 347 4353 15.
373 4275 462 4348 Ideo,
473 4273 559 4346 dicit
571 4271 725 4358 Paulus,
749 4267 823 4343 Nos
839 4293 914 4341 non
929 4266 1110 4342 iustificari
1126 4289 1168 4336 ex
1217 4209 1825 4389 Οὴωὲἒῃιῗέὶξὲῗξῗεῧῖξὲῆῃώ
1935 4317 1986 4386 dl
2087 4323 2089 4328 .

1033 4399 1036 4410 ,
1374 4373 1381 4389 .
1713 4367 1732 4405 e
1827 4340 1932 4409 ,quo
1988 4341 2029 4387 ex
2043 4341 2125 4388 vere
2141 4318 2206 4398 fiat

182 4380 364 4556 ¹⁰8021⁸gd
373 4403 423 4551 §¹
439 4375 686 4496 P²⁰¹⁰i⁵⁸i?¹}‘·
731 4475 740 4494 ‚
803 4475 846 4492 „
1027 4471 1036 4492 .
1075 4474 1084 4493 .
1139 4472 1148 4488 .
1218 4418 1294 4491 sine
1319 4415 1483 4508 Christo,
1508 4429 1648 4489 tantum
1675 4417 1783 4508 igitur
1805 4441 1912 4512 opera
1934 4433 2080 4513 propter
2093 4418 2202 4492 iidem

338 4529 348 4552 .
409 4501 522 4551 ecesse
538 4490 589 4549 est
605 4490 715 4567 igitur
729 4487 904 4546 rustrcmm
922 4493 1168 4566 promrssronrs
1219 4534 1304 4593 sum
1318 4535 1469 4614 accepta·

183 4588 303 4664 idem
319 4578 700 4725 ³⁰²⁶¹¹¹⁸¹¹f¹ffmleg¹ffi
759 4693 809 4712 ..
981 4693 990 4711 ‚
1062 4693 1110 4711 ..
1320 4623 1382 4696 88.
1420 4621 1568 4693 lacobus
1591 4623 1694 4692 dicit:
1721 4601 1960 4710 laetificamur
1978 4619 2097 4695 lideet
2113 4649 2203 4717 ope-

267 4701 347 4822 ·173
386 4700 579 4816 Pf⁰m¹⁵⁸¹fil
603 4697 891 4815 fid⁶‚³,⁰⁶¹P¹t¹¹¹’
924 4691 1035 4813 ‚pum
1061 4707 1169 4784 ἘΜ
1218 4725 1337 4806 ribus,
1368 4725 1452 4818 quia
1476 4749 1582 4818 opera
1605 4721 1797 4794 iustificant
1817 4724 1956 4796 iusticia
1980 4724 2085 4815 legis,
2111 4751 2204 4820 quae

183 4807 495 4922 11111111111111111111,
513 4823 596 4894 ‘lma
614 4818 1168 4916 δεθῬΠῙΨῧ11101111551ῙΠ1101111·
1219 4839 1312 4904 certe
1333 4823 1441 4898 fidem
1464 4827 1565 4921 sequi
1589 4825 1711 4910 debet,
1736 4827 1797 4895 sed
1818 4840 1935 4897 tamen
1961 4822 2046 4897 haec
2061 4825 2205 4899 iusticia

185 4899 864 4995 1111111011111,1111111811111111111111·
1118 4957 1120 4962 ,
1219 4927 1323 5017 legis,
1359 4949 1434 4999 non
1457 4942 1508 4999 est
1531 4926 1671 4998 iusticia
1690 4949 1808 4997 coram
1831 4925 1928 5014 Deo,
1963 4927 2033 4999 nisi
2058 4945 2205 5025 propter

187 5023 206 5036 ”
239 5027 244 5041 “
289 5024 351 5097 18.
392 5019 578 5091 Maledicti
599 5031 702 5109 sunt,
729 5016 791 5109 qui
816 5017 861 5085 ad
876 5011 993 5085 Deum
1016 5015 1093 5111 lege
1108 5029 1170 5088 aut
1218 5029 1335 5102 fidem,
1548 5035 1552 5050 ·
1876 5022 1903 5058 “·

187 5127 323 5197 ratione
341 5125 530 5206 accedunt,
555 5122 631 5191 sine
650 5119 845 5190 mediatore
859 5111 1016 5190 Christo.
1271 5151 1273 5158 v
1322 5130 1383 5207 54,
1422 5127 1472 5202 Et
1493 5127 1580 5200 haec
1604 5132 1785 5224 sequentia
1802 5155 1928 5225 opera,
1953 5131 2036 5226 quia
2058 5148 2207 5225 propter

289 5239 348 5312 19.
387 5233 435 5308 Et
453 5250 572 5307 tamen
594 5259 674 5308 eum
693 5237 761 5305 lide
776 5233 891 5305 renati
907 5254 1048 5318 sumus,
1072 5255 1170 5302 aece-
1219 5231 1324 5306 fidem
1350 5235 1510 5325 placent,
1536 5231 1642 5304 etiam
1668 5234 1850 5305 meritoria
1873 5247 1976 5316 suut,
2002 5257 2077 5304 non
2100 5234 2204 5308 iusti-

186 5359 249 5438 pto
263 5343 400 5436 Spiritu
423 5350 562 5423 sancto,
586 5338 626 5408 lit
647 5338 686 5405 in
708 5337 814 5408 nobis
828 5335 967 5406 iusticia
983 5335 1088 5425 legis,
1112 5333 1170 5404 di·
1220 5335 1295 5406 ciae
1312 5347 1372 5406 aut
1386 5335 1477 5404 vitae
1495 5349 1667 5416 aeternae,
1687 5337 1747 5406 sed
1763 5335 1914 5408 aliorum
1929 5336 2108 5409 bonorum
2119 5327 2205 5409 'cor-

186 5447 291 5517 lcctio
306 5443 375 5516 Dei
393 5455 426 5513 et
442 5438 615 5533 proximi,
638 5439 748 5508 timor
765 5438 845 5522 Dei,
872 5437 1169 5528 obedientiaerga
1220 5437 1446 5531 puraliumet
1469 5437 1720 5532 spiritualium.
1851 5439 1856 5450 '
