4606 5822
207 269 283 366 ιιι
377 325 380 332 ·
553 373 563 388 s
702 225 709 232 ’
981 273 1462 363 ursruuarrouus
1786 375 1788 378 ,
2056 321 2061 326 -
2164 291 2241 366 um

215 433 392 554 ⁸tanquam
407 453 570 540 fulmine,
595 477 674 526 cum
687 455 793 527 corda
810 454 954 536 iudicat,
979 465 1022 526 ut
1036 455 1206 551 scriptum
1256 457 1307 527 sic
1339 448 1612 540 sustentaretur,
1636 447 1714 542 'illa
1747 437 1863 524 meisa
1894 475 2040 546 prorsus
2063 447 2238 534 interiret.

105 632 110 639 ,
224 573 291 630 est:
318 555 473 628 Aculeus
486 557 613 627 mortis
631 572 810 650 peccatum
827 570 887 628 est.
937 555 1102 630 Potentia
1121 579 1205 627 veru
1254 555 1338 627 Non
1352 557 1448 626 euim
1466 569 1554 626 esset
1574 577 1687 626 unum
1710 548 1987 653 ὑφιστάμενον,
2013 559 2085 630 nisi
2107 560 2159 632 sic
2181 586 2240 652 ge-

223 659 426 752 peccatilex
440 670 503 730 est.
553 655 660 730 Item:
695 658 796 731 Sicut
816 659 872 728 leo
895 656 1064 730 contrivit
1085 659 1205 729 omnia
1254 653 1406 730 staretur
1420 652 1506 728 baec
1522 677 1663 732 messa.-

220 773 402 834 ossamea.
1153 779 1154 784 ’
1354 763 1417 833 22.
1437 754 1532 856 ‘Eoi
1545 758 1743 849 exemplum
1758 780 1904 852 prorsus
1918 758 2035 832 simile
2046 767 2239 836 monstrari

225 943 227 950 ¹
326 861 387 934 18.
413 859 484 932 Sed
501 884 576 932 non
594 859 677 934 satis
697 873 750 931 est
769 861 809 928 in
823 855 981 932 Ecclesia
1005 860 1118 950 legem
1138 859 1204 930 do-
1253 881 1328 928 non
1342 873 1475 952 potest,
1498 871 1617 930 tamen
1640 872 1795 930 vetustas
1818 883 1882 932 usa
1906 873 1960 934 est
1984 857 2049 932 hac
2069 863 2241 944 similitu·

221 985 316 1043 cere,
353 983 422 1055 qua
445 960 542 1040 Deus
564 962 723 1034 omnium
746 973 884 1053 peccata
906 961 1060 1048 indicat,
1098 962 1203 1030 etiarn
1253 959 1349 1033 dine.
1416 957 1504 1032 Esse
1532 981 1648 1031 unum
1667 953 1944 1056 ὑφιστάμενον,
1976 957 2044 1036 ’τὸν
2066 957 2182 1063 λόγον
2204 981 2239 1040 et

178 1085 182 1088 ·
219 1064 383 1147 illorum,
416 1062 479 1155 qui
502 1078 584 1135 sunt
604 1075 702 1154 entra
721 1059 925 1133 Ecclesiam.
981 1059 1117 1132 Verum
1140 1085 1204 1132 ne-
1252 1063 1449 1136 adsnmtam
1479 1063 1642 1132 naturam
1666 1057 1879 1150 humanam,
1924 1063 2015 1134 sicut
2042 1059 2153 1138 horno
2186 1083 2238 1142 est

220 1186 315 1234 cesse
337 1157 390 1233 est
411 1167 553 1254 agnosci
583 1163 696 1233 filium
718 1162 786 1235 Dei
812 1164 1043 1234 mediatorem
1074 1163 1204 1232 eteius
1251 1185 1364 1232 uuum
1386 1155 1659 1258 ὑφιστάμενον,
1702 1157 1838 1234 habens
1868 1163 2023 1234 animam
2043 1179 2078 1237 et
2094 1190 2236 1260 corpus.

218 1264 411 1348 beneficia,
451 1265 544 1336 sicut
567 1279 668 1357 pater
690 1263 849 1336 coelestis
874 1265 1016 1335 clamat:
1056 1261 1126 1333 Hic
1153 1279 1204 1335 est
1251 1259 1328 1334 Hac
1350 1264 1585 1334 similitudine
1604 1263 1662 1334 usi
1689 1276 1773 1334 sunt
1793 1259 2029 1349 Athanasius,
2066 1264 2237 1361 Cyrillus,

220 1365 316 1436 filius
339 1389 437 1436 meus
461 1367 628 1452 dilectus,
651 1361 749 1436 hunc
770 1365 900 1439 audite.
950 1360 999 1436 Et
1018 1363 1058 1433 in
1074 1363 1203 1435 Psalm.
1251 1377 1285 1433 et
1300 1363 1457 1436 Iustinus
1484 1366 1547 1458 qui
1567 1378 1686 1437 tamen
1711 1365 1811 1436 addit
1832 1366 2104 1438 correctionem:
2139 1367 2237 1452 reric
2294 1359 2295 1368 ἵ

219 1467 323 1538 dicit:
351 1461 577 1550 Osculamini
595 1466 719 1539 filium.
769 1463 819 1538 Et
840 1467 879 1534 iu
900 1462 1005 1536 Esaia
1031 1465 1201 1558 seriptum
1249 1458 1320 1555 μὲν
1330 1462 1400 1560 τὴν
1415 1463 1549 1540 ἕνωσιν
1565 1461 1616 1546 ὥς
1632 1469 1757 1562 ψυχῆς
1778 1461 1871 1558 πρὸς
1892 1469 2002 1558 σῶμα
2020 1461 2236 1562 νοήσαντες,
2294 1515 2295 1522 1

219 1579 302 1638 ests
322 1564 460 1636 Noticia
477 1568 570 1637 servi
586 1567 679 1654 mei,
703 1567 805 1652 insti,
836 1567 1041 1636 iustificabit
1060 1569 1202 1640 multos.
1251 1560 1369 1647 ὅντως
1390 1559 1651 1641 ἐκδεδώκασιν.
1689 1562 1753 1638 καὶ
1778 1559 1962 1661 appium
1977 1591 2023 1692 pa
2045 1563 2089 1640 τὸ
2112 1568 2236 1668 παρά·
2294 1655 2295 1664 ¹

217 1665 410 1766 Colligitur
423 1689 506 1758 ergo
521 1664 677 1740 Ecclesia
687 1665 772 1750 Dei,
797 1667 995 1739 ministerio
1005 1665 1202 1758 Evangelii,
1249 1661 1402 1764 διιγμα,
1429 1670 1460 1740 ei
1475 1662 1601 1762 καὶμὴ
1618 1661 1715 1738 κατὰ
1729 1659 1871 1748 πάντα,
1894 1691 1991 1738 κατα
2008 1663 2046 1738 τὶ
2058 1675 2170 1768 γοῦν.
2294 1691 2295 1706 ’

216 1769 258 1836 in
275 1793 345 1861 quo
358 1781 393 1838 et
404 1770 562 1858 arguitur
576 1781 776 1862 peccatum,
809 1781 844 1839 et
869 1782 1086 1840 monstratur
1107 1769 1200 1840 filins
1348 1772 1412 1844 ΞΒ.
1443 1768 1577 1840 Causae
1592 1782 1707 1839 autem
1724 1769 1922 1857 cogitentur
1945 1762 2054 1838 huius
2075 1771 2235 1844 mirandi
2294 1767 2295 1824 l

218 1864 307 1954 Dei,
343 1865 520 1940 Dominus
544 1884 666 1943 noster
689 1867 784 1941 lesus
804 1865 988 1956 Christus,
1029 1869 1199 1941 immensa
1250 1871 1403 1946 consilii,
1441 1867 1521 1939 Nisi
1535 1872 1714 1940 decretum
1736 1869 1878 1954 inisset,
1910 1881 1950 1940 ut
1973 1881 2085 1950 massa
2106 1893 2151 1940 ex
2175 1895 2235 1964 ge-

216 1971 458 2040 misericordia
472 1972 620 2058 missus,
651 1983 691 2042 ut
713 1983 857 2062 propter
877 1996 958 2041 eum
983 1983 1019 2041 et
1040 1994 1105 2062 per
1120 1995 1199 2043 eum
1247 1994 1331 2040 nere
1347 1967 1504 2042 humanu
1524 1973 1785 2054 adsumeretur,
1809 1969 1910 2050 etsie
1928 1991 2051 2040 rursus
2073 1971 2234 2044 vivifiea·

216 2073 327 2162 gratis
343 2073 540 2142 reddantur
553 2073 657 2142 nobis
674 2071 811 2143 iusticia
830 2085 865 2143 et
879 2072 952 2146 vita
966 2085 1119 2150 aeterua.
1248 2084 1346 2142 retur
1371 2073 1626 2164 perverbum,
1661 2067 1733 2163 quo
1758 2070 1941 2139 conditum
1964 2084 2054 2154 erat,
2085 2095 2233 2162 prorsus
2294 2123 2295 2144 t

273 2165 282 2172 ’
320 2171 380 2242 te.
412 2167 479 2243 Est
492 2169 861 2263 igiturEvangelium,
884 2172 1099 2264 praedicatio
1113 2197 1199 2265 poe-
1246 2172 1367 2244 suisset
1395 2173 1586 2244 extinctum
1614 2191 1727 2260 genus
1754 2164 1970 2256 humanum,
1996 2183 2031 2242 et
2051 2172 2233 2266 reliquum

215 2272 404 2357 nitentiae,
431 2287 465 2344 et
478 2274 676 2366 promissio,
703 2297 810 2367 quam
827 2274 918 2344 ratio
934 2298 1008 2344 non
1022 2286 1119 2345 tenet
1134 2299 1198 2344 na·
1245 2275 1372 2344 mnndi
1388 2274 1567 2365 opificium
1579 2273 1708 2343 frustra
1727 2270 1910 2342 conditum
1924 2283 2026 2343 esset.
2077 2269 2132 2342 lta
2147 2297 2232 2366 pru·
2294 2271 2295 2336 l

216 2372 399 2455 totaliter,
424 2374 486 2444 sed
501 2376 652 2447 revelata
668 2374 859 2457 divinitus,
884 2375 925 2444 in
939 2398 1008 2470 qna
1024 2371 1122 2446 Deus
1134 2377 1198 2446 ad·
1243 2387 1321 2465 pter
1336 2371 1427 2446 hanc
1441 2397 1592 2444 massam
1608 2374 1863 2444 adsumendum
1877 2385 2037 2442 servatur
2053 2386 2196 2449 natura.
2294 2357 2295 2448 i

214 2473 332 2543 iirmat
351 2489 387 2544 se
409 2488 554 2568 propter
576 2476 690 2547 filium
712 2476 964 2570 mediatorem,
994 2475 1195 2549 Dominum
1343 2472 1507 2568 Cumque
1539 2475 1714 2544 immensa
1744 2471 1986 2542 misericordia
2019 2473 2229 2564 deprecante
2294 2449 2295 2540 i

213 2587 375 2645 nostrum
404 2573 520 2647 lesum
548 2572 746 2662 Christum,
786 2578 911 2667 gratis,
949 2600 1024 2648 non
1051 2593 1195 2672 propter
1245 2576 1318 2647 filiu
1341 2587 1540 2648 servaretur
1556 2597 1667 2664 genus
1689 2568 1907 2658 humanum,
1940 2585 1974 2644 et
1989 2567 2085 2643 Dens
2102 2587 2229 2657 tamen

213 2674 288 2744 ulla
308 2689 430 2748 nostra
451 2701 576 2769 opera,
607 2691 669 2749 aut
686 2675 836 2748 virtutes
859 2687 997 2748 nostras
1017 2680 1193 2751 remittere
1241 2677 1347 2749 vellet
1360 2677 1517 2748 institiae
1533 2698 1616 2746 suae
1638 2673 1816 2755 satisfieri,
1843 2674 2059 2762 congruebat
2074 2697 2227 2765 poenam
2294 2665 2295 2748 l

209 2789 369 2866 peccata,
417 2791 451 2849 et
481 2779 656 2871 imputare
689 2778 863 2872 iusticiam
896 2778 1121 2850 credentibus
1153 2781 1191 2850 in
1240 2780 1395 2869 persolvi
1418 2801 1481 2870 per
1503 2777 1657 2870 aliquem
1681 2775 1722 2842 in
1746 2795 1873 2864 genere
1902 2769 2079 2859 humanu,
2116 2799 2158 2844 ac
2189 2791 2227 2848 ut

208 2875 341 2964 filium,
367 2901 407 2946 ac
424 2879 531 2950 simul
546 2879 723 2950 vivificare
738 2902 803 2950 nos
819 2903 882 2972 per
902 2880 1014 2950 lilium
1021 2932 1035 2965 ,
1061 2895 1095 2952 et
1110 2904 1192 2951 san·
1239 2881 1466 2973 aequivalens
1497 2879 1656 2970 precium
1688 2887 1796 2960 esset,
1841 2876 1881 2944 in
1913 2869 2007 2944 hanc
2037 2898 2227 2966 personam

89 2997 100 3013 ⁴
208 2977 361 3048 ctificare
378 2979 460 3049 dato
475 2979 612 3072 Spiritu
630 2993 771 3066 sanctu,
796 2994 831 3051 et
844 2983 958 3050 facere
972 3005 1046 3051 nus·
1063 2974 1189 3052 haere-
1239 3004 1352 3070 poena
1368 2980 1525 3052 derivata
1541 2991 1603 3052 est.
1649 2973 1726 3046 Nec
1739 2976 1911 3066 potuisset
1925 2974 2017 3044 iram
2031 2975 2105 3045 Dei
2118 2978 2226 3048 susti·
2294 2993 2295 3066 l

208 3073 270 3146 des
289 3079 382 3148 vitae
396 3092 567 3154 aeternae.
618 3078 714 3160 Haec
732 3081 827 3150 bona
850 3080 969 3150 omnia
989 3082 1189 3172 complexus
1238 3105 1321 3150 nere
1337 3081 1411 3152 sula
1425 3092 1602 3160 ereatura,
1627 3099 1693 3146 nec
1713 3077 1855 3146 vincere
1876 3089 2047 3161 mortem,
2072 3089 2107 3145 et
2122 3077 2225 3147 resti-

138 3213 149 3224 ·
207 3191 259 3246 est
273 3175 422 3259 Paulus,
449 3204 528 3249 cum
544 3181 677 3274 inquit:
706 3178 828 3250 Gratia
844 3180 910 3252 Dei
926 3193 960 3250 et
975 3182 1109 3251 donum
1125 3207 1189 3274 per
1239 3195 1336 3252 tuere
1360 3181 1535 3253 iusticiam
1559 3192 1594 3249 et
1612 3177 1735 3251 vitam.
1791 3174 1876 3247 Ideo
1904 3170 1964 3245 hic
1988 3177 2169 3247 redemtor
2191 3191 2225 3248 et

207 3277 355 3365 gratiam
386 3281 492 3351 unius
520 3277 676 3351 hominis
710 3279 791 3352 Iesu
820 3275 955 3352 Christi
982 3282 1022 3350 in
1044 3284 1187 3374 'multos
1237 3283 1408 3366 salvatur,
1439 3279 1537 3352 Deus
1560 3293 1594 3350 et
1616 3275 1724 3348 homo
1750 3289 1812 3352 est,
1870 3271 1918 3346 Et
1939 3277 2103 3364 congruit
2125 3272 2223 3347 huuc

207 3377 421 3454 exuberavit.
857 3399 872 3432 s
1034 3471 1036 3476 ,
1236 3405 1308 3451 esse
1325 3383 1552 3450 mediatorem
1570 3390 1605 3447 et
1617 3377 1889 3466 deprecatorem,
1914 3376 1976 3468 qui
1991 3377 2087 3445 videt
2100 3393 2223 3466 pectus

305 3481 366 3554 20.
399 3481 738 3555 Mirandocousiliu
761 3485 1031 3570 decretumst,
1063 3497 1103 3556 ut
1126 3481 1186 3555 hie
1235 3483 1344 3574 patris
1359 3493 1394 3553 et
1409 3479 1514 3550 corda
1529 3478 1785 3548 invocantium.
1837 3473 1925 3546 ltem
1941 3477 2223 3548 naturae'omni-

155 3643 159 3650 .
202 3581 377 3652 mediator
390 3585 435 3652 sit
450 3573 546 3654 Deus
562 3599 595 3656 et
610 3581 729 3674 homo,
749 3598 782 3654 et
797 3609 916 3654 cattsas
929 3586 969 3654 in
983 3597 1055 3655 tota
1071 3579 1185 3683 aeter:
1235 3583 1388 3674 potentis
1403 3595 1472 3668 est,
1495 3579 1634 3650 assidue
1650 3577 1770 3647 adesse
1785 3571 1961 3648 Ecclesia-e
1982 3590 2017 3646 et
2038 3601 2114 3647 eam
2136 3601 2221 3668 pro-
2294 3589 2295 3678 l

200 3681 310 3753 nitate
332 3684 642 3758 considerabimus.
693 3681 856 3756 Inchoari
872 3701 989 3757 tamen
1013 3680 1105 3754 hanc
1128 3707 1184 3755 sa·
1233 3697 1360 3772 tegeret
1391 3675 1460 3754 ‚Et
1476 3703 1557 3751 cum
1579 3678 1689 3749 verbo
1713 3679 1855 3750 condita
1877 3678 1924 3748 sit
1945 3690 2089 3763 natura,
2121 3684 2221 3772 quud
2294 3687 2295 3782 ζ

197 3781 367 3870 pientiam
385 3786 461 3855 vult
474 3780 570 3856 Deus
586 3787 623 3855 in
644 3782 709 3857 hac
721 3788 821 3869 uita,
844 3789 922 3858 vult
942 3809 1007 3856 nos
1030 3787 1182 3876 cogitare
1233 3799 1285 3854 est
1299 3785 1413 3874 imago
1428 3781 1561 3853 aeterni
1579 3779 1707 3872 patris„
1731 3801 1853 3850 rursus
1869 3803 1933 3870 per
1956 3780 2106 3848 verbnm
2126 3781 2222 3849 vivi·
2294 3803 2295 3862 ι

195 3904 272 3950 non
285 3885 412 3954 frustra
430 3879 497 3954 hoc
511 3887 635 3958 foedus
648 3911 729 3957 cum
742 3901 868 3957 natura
881 3883 1035 3958 humana
1050 3887 1180 3957 factum
1231 3886 1372 3966 ficator,
1398 3898 1433 3957 et
1454 3881 1652 3954 restituitur
1670 3879 1710 3950 in
1733 3879 1837 3951 nobis
1855 3879 1973 3970 imago
1988 3879 2072 3954 Dei.
2120 3879 2221 3951 Haec

199 4003 291 4068 esse,
325 3985 402 4055 vult
422 3999 539 4072 gratus
560 3987 742 4086 celebrare·
757 3983 852 4056 hunc
872 4005 1048 4061 summum
1078 4009 1180 4058 amo·
1231 4010 1310 4057 cum
1332 3999 1534 4084 reverenter
1553 3983 1770 4072 cogitantur,
1806 3982 2005 4053 accendunt
2027 3980 2218 4071 gratitudi-

198 4107 273 4154 rem
296 4108 375 4174 erga
393 4109 470 4158 nos.
525 4084 616 4160 Cum
640 4087 803 4158 diabulus
824 4081 989 4159 horribili
1013 4089 1096 4159 odiu
1111 4089 1178 4160 Dei
1230 4111 1310 4158 nem
1326 4102 1360 4158 et
1375 4085 1646 4179 invocationem.
2294 4167 2295 4184 χ

196 4185 499 4276 avulsissetgenus
514 4183 709 4258 humanum
731 4186 840 4259 aDeu
849 4238 862 4274 ,
889 4200 925 4258 et
947 4190 1086 4261 vicisset
1108 4185 1178 4259 hu·
1216 4228 1220 4235 ·
1328 4186 1391 4261 ιι.
1424 4184 1652 4256 Considerata
1665 4181 1827 4254 doctrina
1842 4183 1886 4252 de
1907 4204 2058 4273 persona
2080 4184 2215 4254 media·
2294 4207 2295 4280 ς

196 4286 328 4372 mines,
353 4311 475 4360 rursus
490 4283 556 4358 huc
571 4291 678 4360 modo
699 4291 860 4361 redditur
873 4286 950 4360 Deo
972 4313 1081 4380 genus
1104 4285 1176 4362 hu·
1227 4290 1335 4378 toris,
1373 4287 1541 4359 beneficia
1567 4286 1672 4356 etiam
1698 4283 1787 4354 scire
1820 4305 1961 4353 necesse
1984 4296 2049 4355 est.
2108 4281 2215 4355 Grati
2294 4291 2295 4350 l

135 4435 140 4442 -
193 4409 337 4457 manum
351 4391 444 4460 lacto
460 4391 617 4472 decreto,
638 4404 678 4462 ut
689 4381 784 4462 iilius
806 4392 1003 4463 adsumeret
1023 4415 1174 4464 massam
1226 4413 1455 4480 agnoscamus
1474 4402 1509 4458 et
1531 4386 1747 4458 celebremus
1768 4380 1836 4455 hoc
1854 4386 1980 4481 ingens
2002 4385 2214 4456 beneficium
2294 4401 2295 4480 ξ

73 4575 80 4588 .
149 4507 163 4517 ·
191 4501 339 4560 naturae
355 4485 542 4566 humanae.
572 4487 640 4564 'Et
658 4514 779 4562 rursus
801 4515 867 4586 per
888 4488 1068 4563 hominem
1091 4492 1174 4564 vin·
1225 4487 1313 4578 Dei,
1338 4479 1433 4586 quod
1451 4490 1528 4560 vult
1540 4483 1733 4559 Ecclesiam
1747 4485 1865 4575 colligi
1880 4486 2074 4556 ministerio
2088 4481 2213 4556 Evan·
2291 4487 2295 4550 *L

191 4588 449 4680 citurpotemia
465 4589 620 4678 diaboli,
641 4594 731 4663 sicut
752 4593 870 4663 statim
892 4594 931 4662 in
954 4594 1067 4685 prima
1088 4618 1173 4686 pro-
1224 4594 1325 4684 gelli,
1357 4593 1490 4664 scilicet
1514 4611 1600 4660 voce
1613 4585 1799 4678 Evangelii
1819 4585 1939 4658 audita
1948 4634 1961 4676 ,
1999 4609 2060 4656 seu
2074 4587 2211 4660 lectaet
2294 4591 2295 4640 t

150 4737 151 4742 η
188 4689 356 4764 missione
371 4693 504 4764 dictum
520 4706 589 4764 est:
614 4691 743 4766 Samen
756 4692 914 4763 mulieris
935 4709 1091 4766 conteret
1113 4719 1171 4767 ca·
1223 4695 1391 4785 cogitata,
1423 4693 1506 4788 quia
1528 4711 1688 4782 expresse
1710 4690 1880 4779 scriptum
1911 4698 1979 4759 est:
2014 4683 2209 4776 Quomodo
2294 4695 2295 4762 ζ

188 4799 254 4878 put
268 4793 449 4880 serpentis.
1221 4797 1369 4868 audient
1390 4795 1468 4864 sine
1487 4791 1737 4886 praedicante?
1784 4788 1888 4860 Item:
1916 4787 2035 4876 Quam
2057 4790 2207 4880 speciosi

210 4961 212 4969 .
288 4895 349 4969 at.
381 4893 454 4966 N'ec
468 4895 564 4966 adest
578 4891 725 4966 naturae
738 4888 914 4965 humanae
932 4889 1041 4995 λόγος
1061 4919 1167 4990 quam
1208 4910 1303 4990 ‚sunt
1335 4899 1441 4990 pedes
1460 4889 1788 4984 Evangelitautium
1815 4890 1961 4981 pacem?
2012 4889 2058 4960 ld'
2087 4905 2206 4962 autem

142 5061 150 5070 ‚
184 4989 375 5076 adsumsit,
395 5005 534 5064 tantum
558 4998 744 5080 societate,
768 4993 860 5065 sicut
878 4999 976 5067 adest
989 4992 1168 5084 Abrahae,
1218 4997 1454 5071 ministerium
1471 4995 1674 5065 immediate
1687 4986 1869 5062 inchoavit
1884 4991 1981 5061 iilius
1993 4988 2061 5062 Dei
2083 4985 2204 5090 λόγος,
2294 4999 2295 5012 ’

182 5085 307 5177 lacob,
333 5087 1074 5187 Prophetis,sicutNestorianifingebant:
1103 5102 1164 5171 sed
1217 5103 1398 5190 proferens
1420 5094 1656 5186 Evangelium
1677 5093 1719 5164 e'x
1741 5094 1823 5163 sinu
1846 5093 1981 5164 aeterni
2003 5093 2133 5184 patris,
2170 5107 2204 5162 et
2294 5101 2295 5192 i

179 5193 265 5261 uuio
283 5208 333 5265 est
348 5189 564 5290 hypostatica
578 5203 647 5272 τοῦ
669 5191 781 5295 λόγου
805 5213 838 5268 et
862 5194 1035 5271 hnmanae
1058 5212 1163 5271 natu·
1214 5213 1256 5271 ut
1278 5213 1363 5272 tuuc
1386 5199 1492 5270 simul
1518 5211 1553 5267 et
1573 5195 1661 5265 foris
1684 5195 1831 5266 sonabat
1852 5217 1995 5280 vocem,
2032 5209 2068 5265 et
2096 5196 2203 5264 corda
2294 5233 2295 5288 t

161 5309 443 5381 ‘raeassumtam
478 5301 516 5366 ιἰι
533 5312 687 5386 gestetur
700 5295 854 5368 humana
870 5314 997 5371 natura
1013 5325 1032 5371 a
1049 5300 1175 5400 verbu,
1213 5303 1459 5393 perterrefacta
1498 5296 1701 5368 ³vivificabat
1744 5309 1945 5366 monstrans
1983 5297 2201 5372 voluntatem
2294 5299 2295 5386 l

176 5399 376 5473 nonsolum
393 5398 777 5504 inseparabiliter‚sed
801 5401 850 5472 ita
874 5403 996 5492 etiam,
1021 5417 1063 5475 nt
1088 5401 1177 5472 nisi·
1211 5405 1345 5474 aeterni
1361 5402 1489 5496 patris,
1517 5413 1551 5474 et
1567 5397 1722 5492 Spiritus
1737 5410 1876 5470 sanctus
1892 5397 2106 5469 accendebat
2128 5397 2199 5475 lae·
2294 5413 2295 5508 t
