4606 5822
257 205 331 286 523
695 279 704 288 g
1033 199 1523 322 utsPUTA'rtortus
1994 132 1998 141 Ι
2195 211 2251 294 tat

260 387 306 457 tis
322 377 499 452 donemur
513 376 719 451 remissione
737 384 969 467 peccatorum,
993 385 1029 446 et
1042 379 1248 467 reputemur
1270 396 1275 426 τ
1296 373 1562 448 misericordiae
1586 375 1792 450 recorderis.
1832 371 2110 458 ··Et0seae11.
2132 385 2252 458 dicitun

261 483 365 570 iusti,
399 483 436 552 id
469 494 538 565 est,
573 480 704 571 accepti
729 477 802 548 Deo
835 476 880 544 ad
909 476 1018 548 vitam
1047 477 1247 559 aeternam,
1296 477 1380 550 Nou
1403 478 1529 548 faciam
1555 478 1713 548 iuromm
1739 479 1812 550 irae
1835 503 1957 568 meae,
1994 485 2078 577 quia
2097 482 2184 560 Deus
2206 511 2253 577 ege

263 613 337 660 uun
356 599 501 680 propter
516 596 635 654 nostra
651 578 786 648 merita.
1297 602 1395 668 sum,
1422 592 1457 650 et
1471 602 1546 648 uon
1563 575 1685 652 homo.

363 691 422 761 st.
457 685 560 758 Hauc
576 681 771 752 doctrinam
789 693 821 750 et
836 679 963 770 passim
982 680 1069 750 alias
1092 680 1248 752 inculcat
1400 682 1462 754 28.
1501 678 1579 750 Hae
1600 681 1717 753 tristes
1739 706 1874 774 poenae
1896 686 2165 760 considerandae
2183 703 2256 770 suut,

265 792 416 878 Paulus,
459 802 494 859 et
518 787 674 856 illustrat
700 777 983 873 splendidissima
1011 782 1247 874 descriptione
1299 797 1334 854 et
1350 783 1552 876 quaerenda
1567 807 1649 854 vera
1670 785 1851 868 remedia,
1875 811 1941 857 uec
1958 801 2119 880 putemus
2133 792 2256 861 castelli

265 895 408 972 Colum.⁴
423 895 458 966 2.
479 891 525 959 de
546 881 690 957 Christo
707 884 886 975 iuquiens:
911 883 1130 956 Cundouaus
1144 884 1248 954 nobis
1300 885 1511 978 spectaculis
1525 885 1816 973 satisfactionum,
1835 889 1896 960 sed
1913 903 2056 982 propter
2071 916 2177 963 veram
2193 916 2257 982 poe·

269 997 388 1068 omnia
412 992 560 1074 delicta,
584 988 705 1056 delens
724 981 997 1078 chirographum
1021 981 1059 1054 iu
1087 986 1249 1070 decretis,
1301 987 1488 1058 nitentium
1512 986 1742 1075 mitigantur,
1774 1004 1810 1061 et
1831 990 1972 1084 aliquae
1993 1015 2131 1083 prorsus
2150 994 2257 1066 tollun-

266 1099 362 1194 quod
394 1106 468 1163 erat
502 1090 717 1160 contrarium
748 1088 873 1172 nobis,
911 1081 1007 1182 quod
1030 1088 1251 1158 sublatume
1301 1103 1381 1175 tur,
1406 1101 1446 1159 ut
1469 1087 1557 1160 dicit
1571 1086 1768 1182 Propheta:
1803 1088 2067 1165 Convertimiui
2087 1097 2128 1165 ad
2150 1109 2257 1176 me,et

264 1198 381 1270 ruedio
397 1194 519 1264 adfixit
532 1191 645 1280 cruci,
671 1189 782 1280 spolia
802 1184 987 1259 detrahens
1009 1189 1252 1281 potestatibus,
1303 1212 1367 1280 ego
1382 1202 1570 1262 convertar
1585 1190 1630 1259 ad
1647 1211 1722 1262 vos.

265 1290 488 1388 triumphum
504 1293 574 1383 egit
594 1315 657 1384 per
673 1313 764 1376 sese,
789 1301 854 1364 etc.
985 1285 989 1292 “

365 1399 427 1472 22.
459 1393 533 1486 Qui
549 1396 716 1485 ignorant
730 1392 928 1464 doctrinam
943 1391 988 1461 de
1008 1391 1098 1477 fide,
1123 1405 1158 1464 et
1178 1413 1253 1462 non

266 1499 494 1598 acquiescunt
509 1510 654 1591 propter
668 1491 871 1579 Christum,
905 1493 966 1562 sed
987 1515 1124 1587 semper
1147 1493 1253 1564 dubi·
1298 1507 1300 1516 ’

263 1618 361 1684 taut,
383 1601 424 1671 iu
438 1595 495 1671 his
511 1621 586 1670 uon
601 1598 739 1668 deletur
753 1587 1048 1696 chirographum,
1070 1596 1132 1666 scd
1148 1594 1254 1666 altius

265 1705 441 1796 infigitur,
480 1713 514 1772 et
536 1701 620 1795 quia
644 1699 745 1770 nulla
769 1709 820 1768 e'st
844 1697 887 1766 iu⁴
906 1695 1036 1767 talibus
1065 1695 1256 1783 invocatio,
1305 1688 1394 1776 Una
1426 1712 1480 1770 est
1503 1695 1661 1772 Ecclesia
1687 1701 1757 1774 Dei
1788 1714 1958 1795 perpetua
1990 1703 2075 1774 iude
2104 1723 2203 1795 usque
2227 1703 2259 1770 ab

265 1833 341 1879 uon
362 1799 555 1877 detrahunt
575 1801 690 1892 spolia
711 1796 883 1886 Diabolo,
917 1799 978 1868 sed
999 1813 1147 1870 ‘manent
1170 1800 1257 1870 sub-
1307 1799 1446 1887 Adam,
1470 1801 1510 1870 iu
1524 1826 1594 1896 qua
1610 1800 1752 1874 seDeus
1765 1804 1938 1876 immensa
1950 1804 2109 1876 bonitate
2122 1802 2260 1896 patefecit,

265 1910 348 1983 iecti
362 1905 527 1980 Diabolo.
609 1920 611 1924 ’
1307 1905 1397 1975 etin
1411 1926 1481 1995 qaia
1497 1927 1637 1996 semper
1652 1918 1688 1977 et
1702 1905 1845 1990 innuit,
1872 1917 1908 1976 et
1926 1927 2066 1978 necesse
2082 1907 2145 1976 tuit
2161 1925 2258 1974 souare

213 2043 287 2068 *a
367 2008 429 2080 23.
461 2003 555 2079 Vera
573 2005 660 2076 fides
676 2009 728 2075 es't
739 2023 832 2073 nova
842 2005 924 2088 lux,
951 2014 987 2087 et
1005 2002 1200 2073 consolatio
1217 2001 1258 2070 in
1309 2027 1430 2076 vocem
1451 2001 1538 2092 Dei,
1578 2022 1783 2096 arguentem
1811 2013 1951 2100 peccata
1975 2007 2112 2098 generis
2133 2002 2287 2094 humanij

267 2112 456 2193 cordibus,
480 2123 516 2180 et
539 2106 673 2196 agnitio
698 2105 961 2177 misericordiae
984 2117 1018 2174 et
1039 2103 1257 2194 praesentiae
1308 2121 1344 2178 et
1374 2107 1640 2196 promittentem
1672 2109 1918 2180 remissionem
1938 2115 2173 2200 peccatorum,
2198 2095 2287 2196 pro-j

265 2211 347 2286 Dei.
369 2191 479 2280 llauc
492 2208 707 2299 agnitionem
722 2207 883 2301 sequitur
896 2207 1091 2277 necessario
1105 2229 1187 2276 vera
1201 2205 1259 2274 iu·
1310 2223 1387 2302 pter
1412 2206 1548 2280 Filium
1581 2210 1792 2302 promissum
1802 2263 1821 2298 ,.
1850 2225 1885 2283 et
1918 2211 2168 2283 restitutionem
2192 2209 2260 2276 vitat
2286 2227 2287 2232 ’

268 2313 427 2399 vocatio,
467 2325 501 2383 et
522 2310 682 2404 sequitur
706 2332 799 2379 nova
824 2309 1046 2396 obedientia,
1078 2301 1156 2379 Deo
1179 2309 1258 2400 pla·
1310 2323 1483 2382 aeternae.
1588 2309 1625 2320 '⁴
1660 2313 1663 2322 '
1883 2347 1885 2350 ·
2134 2370 2139 2382 ,
2286 2309 2287 2394 j

268 2439 368 2502 cens,
394 2435 500 2506 quam
518 2413 671 2483 retinere
686 2402 900 2487 studeamus.
1411 2412 1448 2480 Ξ.
1487 2405 1567 2482 Etsi
1596 2411 1650 2480 ira
1675 2409 1743 2482 Dei
1768 2412 1937 2486 adversus
1959 2425 2136 2504 peccatum
2154 2408 2260 2501 generis

367 2513 431 2590 24.
478 2512 622 2600 Privata
656 2513 833 2583 absolutio
867 2525 919 2582 est
952 2533 1034 2605 pars
1065 2507 1259 2582 ministerii
1310 2508 1460 2585 humaui
1481 2513 1658 2582 declarata
1679 2524 1748 2597 est,
1780 2514 1865 2582 iude
1885 2537 1998 2607 usque
2018 2517 2065 2586 ab
2086 2513 2179 2584 initio
2198 2531 2260 2578 voce

160 2697 164 2708 „
273 2616 485 2708 evangelici,
510 2631 544 2688 et
561 2638 636 2684 nou
652 2627 758 2684 estex
773 2610 930 2684 Ecclesia
946 2612 1116 2686 tollenda.
1309 2615 1415 2707 legis,
1455 2627 1488 2686 et
1518 2607 1754 2685 horribilibus
1783 2614 2046 2688 calamitatibus
2068 2615 2188 2708 generis
2208 2607 2287 2694 hu}

371 2715 435 2793 25.
466 2715 558 2789 Cum
574 2715 782 2786 remissione
798 2717 924 2808 culpae
945 2737 1068 2784 verum
1091 2726 1260 2785 estsem-
1309 2716 1431 2801 mani,
1461 2715 1503 2786 ac'
1531 2716 1718 2806 praecipue
1739 2713 1973 2802 Sanctorum,
2008 2731 2123 2790 tamen
2149 2727 2178 2786 et
2193 2707 2260 2782 lilii
2286 2731 2287 2746 ¹

270 2847 334 2913 per
348 2819 574 2892 coniunctam
590 2839 663 2888 esse
677 2818 921 2890 remissionem
937 2837 1072 2908 poenae
1085 2831 1260 2889 aeternae.
1310 2818 1426 2911 passio
1456 2830 1508 2888 est
1536 2817 1675 2887 illustre
1702 2817 1945 2890 testimouium
1975 2843 2080 2890 verae
2106 2831 2139 2890 et
2164 2817 2260 2904 iugen-

268 2921 317 2996 Et
340 2924 469 2997 salsum
489 2933 559 3011 est,
586 2933 765 2990 aeternam
785 2933 937 2990 mortem
962 2929 1108 3014 propter
1125 2916 1261 3007 Purga-
1310 2921 1357 2993 tis
1370 2920 1455 2990 irae.

270 3026 423 3109 terium,
447 3036 510 3094 aut
525 3023 612 3092 alias
631 3032 769 3090 nostras
790 3019 1095 3112 compensatioues
1116 3017 1261 3103 remitti,
1414 3020 1450 3092 8.
1482 3017 1591 3090 Nulla
1612 3043 1711 3090 mens
1732 3014 1887 3090 humana
1909 3021 2094 3112 iutelligit,
2123 3029 2260 3112 quantum

273 3128 334 3198 sed
348 3138 488 3196 tantum
502 3122 642 3195 tollitur
658 3133 802 3214 propter
809 3116 1015 3216 Christum,
1038 3118 1137 3191 iuxta
1153 3119 1261 3190 illud:
1310 3122 1444 3192 malum
1460 3121 1505 3190 sit
1522 3133 1722 3214 peccatum,
1745 3121 1826 3189 idco
1841 3143 1965 3192 omnes
1983 3149 2063 3195 vere
2077 3135 2260 3213 expavescere
2286 3133 2287 3140 ’

271 3221 308 3298 Ο
326 3249 441 3308 mors,
466 3249 525 3295 ero
542 3227 637 3293 mors
654 3237 727 3296 tua.
1248 3273 1250 3275 -
1311 3222 1525 3312 cogitatione
1544 3222 1618 3291 irae
1630 3219 1700 3292 Dei
1721 3222 1949 3309 deberemus,
1972 3223 2191 3297 sicutPaulus
2209 3216 2261 3284 cla·

371 3327 433 3403 26.
468 3323 589 3416 Quare
613 3323 737 3393 deliria
762 3325 806 3392 de
827 3320 1125 3392 satisfactionibus
1152 3345 1261 3392 cano·
1312 3326 1430 3395 mitat:
1454 3320 2160 3418 ConclusitDeus'omuessubpeccatum.
2195 3315 2260 3388 lton

270 3431 362 3502 uicis
377 3427 643 3502 taxari'necesse
660 3438 729 3511 est,
747 3445 820 3496 nec
836 3437 919 3496 suut
944 3424 1047 3495 novis
1068 3423 1157 3495 fucis
1181 3423 1264 3514 pin·
1312 3421 1442 3497 Zacha.
1455 3427 1508 3498 2.:
1533 3425 1643 3496 Sileat
1658 3449 1677 3494 a
1695 3425 1783 3492 facie
1801 3421 1868 3494 Dei
1883 3428 2004 3498 omnis
2019 3452 2110 3500 caro.
2286 3411 2287 3430 ¹

270 3536 395 3624 ganda.
1414 3529 1453 3599 4.
1486 3524 1698 3610 Alexander,
1718 3527 1856 3596 etiamsi
1872 3527 1991 3601 doluit
2005 3515 2261 3601 interfectuClitu

230 3645 232 3652 ’
372 3633 434 3709 27.
467 3629 602 3703 Verum
619 3640 684 3714 est,
710 3623 902 3698 horribiles
918 3619 1048 3717 poenas
1062 3623 1263 3716 corporales
1312 3643 1432 3702 tamen
1445 3641 1624 3721 peecatum
1641 3651 1715 3698 uon
1731 3627 1972 3718 intelligebat,
1999 3632 2081 3726 quia
2097 3625 2190 3700 dolor
2206 3637 2260 3686 uon

240 3763 242 3768 ¹
276 3737 428 3826 grassari
444 3758 508 3828 per
524 3734 727 3803 universam
745 3725 959 3813 Ecclesiam,
981 3741 1015 3799 et
1031 3726 1164 3798 multae
1179 3738 1263 3796 suut
1312 3731 1518 3801 intuebatur
1532 3731 1622 3798 iram
1637 3729 1716 3805 Dei.

272 3859 408 3909 causae.
462 3833 534 3906 Nec
556 3831 759 3922 negandum
781 3843 851 3915 est,
876 3831 1061 3922 plerasque
1081 3851 1155 3900 esse
1178 3851 1261 3896 vere
1413 3827 1451 3906 5.
1486 3831 1557 3902 Sed
1578 3831 1619 3899 in
1641 3829 1779 3900 Davide
1802 3843 1855 3901 est
1876 3831 1997 3926 aliqua
2020 3831 2144 3924 peccati
2164 3819 2259 3892 eticae

272 3960 406 4031 poenas
438 3950 613 4008 certorum
643 3933 827 4023 lapsuum,
865 3943 904 4001 ut
936 3930 1081 4000 exilium
1102 3929 1262 4016 Davidis,
1310 3932 1379 4005 Dei
1393 3932 1569 4022 cognitio,
1594 3955 1675 4004 cum
1699 3933 1766 4002 ait:
1792 3929 1948 4005 Domine
1967 3959 2015 4006 ne
2036 3936 2074 4007 in
2095 3935 2199 4004 surore
2217 3933 2260 3986 ltt⁰

272 4039 509 4132 captivitatem
527 4033 732 4122 Manassae,
756 4034 911 4102 furorem
931 4033 1023 4121 regis
1045 4031 1261 4121 Nabugodo-
1298 4057 1438 4126 arguas
1451 4057 1517 4106 me.

274 4164 396 4214 uosor.
445 4135 493 4210 Et
506 4136 666 4231 quotidie
681 4134 805 4206 multis
826 4133 955 4203 sanctis
972 4146 1117 4234 propter
1137 4157 1262 4202 eorum
1414 4135 1450 4206 6.
1482 4134 1727 4205 Perterrefacti
1752 4149 1869 4206 autem
1895 4135 2009 4208 sciant
2029 4127 2260 4228 promissionem

273 4245 393 4334 lapsus
424 4239 651 4311 cumulantur
680 4258 814 4327 poenae
842 4235 1002 4330 privatae
1030 4249 1064 4306 et
1089 4234 1261 4326 publicae.
1311 4233 1519 4326 Evangelii,
1542 4237 1587 4306 de
1602 4235 1809 4307 remissione
1832 4249 2073 4327 peccatorum,
2097 4242 2261 4304 seorsum·
2286 4267 2287 4280 .

271 4342 329 4416 De
353 4339 410 4412 his
432 4344 518 4412 dicit
545 4335 699 4410 Ecclesia
725 4333 955 4412 Micheae7.:
996 4334 1090 4406 lram
1112 4333 1261 4407 Domini
1312 4340 1511 4425 eiliatioue,
1537 4361 1600 4408 sen
1622 4338 1886 4425 iustificatione,
1912 4342 2009 4434 qsiod
2031 4335 2183 4408 videlicet
2201 4343 2262 4416 pro-

272 4447 444 4539 P⁰r¹³b⁰s
467 4443 550 4537 qula
566 4439 766 4533 peccaviei·
819 4437 907 4510 Vult
921 4439 1016 4510 euim
1030 4436 1126 4510 Deus
1142 4439 1179 4506 in
1192 4433 1261 4506 Ec-
1311 4456 1390 4534 pter
1410 4436 1593 4513 Christum
1622 4441 1853 4512 mediatorem
1886 4442 2014 4530 gratis,
2053 4459 2125 4508 nou
2152 4435 2262 4522 propter

272 4547 376 4617 clesia
392 4544 548 4637 conspici
563 4544 652 4626 iram
667 4543 834 4612 adversus
849 4553 1048 4640 peccatum,
1073 4556 1108 4610 et
1124 4539 1201 4609 vult
1222 4540 1261 4608 in
1311 4543 1403 4613 ullas
1432 4557 1569 4613 nostras
1600 4543 1748 4613 virtutes
1773 4564 2032 4636 consequamur
2059 4531 2261 4637 remissionem

274 4647 379 4717 nubis
399 4671 552 4718 crescere
581 4643 847 4734 poenitentiam.
914 4638 998 4711 Ideo
1029 4642 1135 4710 nuliis
1160 4663 1262 4732 saepe
1311 4657 1555 4736 peccatorum,
1597 4643 1688 4728 fide,
1721 4644 1853 4727 idest,
1886 4644 2015 4714 fidrtcia
2041 4628 2263 4712 misericordae

275 4760 356 4837 post
381 4749 499 4840 lapsus
523 4745 642 4817 induit
665 4745 764 4834 sigua
789 4757 926 4834 reatus,
961 4754 1001 4812 ut
1023 4742 1196 4812 induebat
1221 4765 1262 4812 ea
1313 4759 1458 4841 propter
1469 4740 1653 4816 Christum
1671 4746 1877 4837 promissae.

274 4844 408 4918 Davidi
424 4851 523 4938 pulso
541 4872 560 4919 e
577 4869 701 4936 regno,
728 4844 857 4914 scelere
871 4844 935 4914 filii
950 4855 1016 4914 etc.
1065 4839 1125 4923 Et,
1151 4856 1191 4913 ut
1208 4844 1261 4913 ira
1416 4845 1451 4915 7.
1493 4845 1599 4917 Fides
1632 4848 1671 4916 in
1704 4840 1772 4917 hac
1804 4847 1968 4917 doctriua
1995 4843 2096 4917 Pauli
2125 4830 2264 4926 siguificat

182 4954 187 4960 ’
272 4945 342 5021 Dei
361 4961 413 5021 est
428 4951 518 5020 iusta
536 4965 570 5022 et
584 4972 729 5042 inagna,
764 4946 813 5017 ita
837 4941 903 5016 hae
925 4967 1058 5038 poenae
1082 4967 1158 5014 uun
1179 4960 1262 5016 suut
1311 4949 1495 5033 fiduciam,
1521 4961 1644 5018 etuon
1658 4947 1770 5018 solam
1792 4946 1981 5034 noticiam,
2006 4940 2183 5040 quaestio
2198 4929 2263 5004 oa·

273 5050 369 5120 leves
388 5073 587 5123 aerumnae.
638 5049 709 5120 Sed
725 5047 865 5137 mitigat
879 5061 995 5117 umen
1017 5042 1081 5116 has
1103 5045 1262 5116 miserias
1285 5011 1289 5138 l
1312 5049 1405 5120 bolis
1426 5063 1496 5130 est,
1522 5062 1562 5118 ut
1588 5047 1694 5119 lacob
1719 5049 1851 5144 iuquit:
1877 5046 2074 5120 Daemones
2094 5040 2223 5114 entant
2240 5035 2264 5091 ⁰¹

271 5147 370 5222 Dens
390 5150 722 5234 invocantibus,xut
737 5162 842 5220 orant
859 5143 1072 5240 Prophetae:
1097 5147 1263 5233 Domine,
1285 5141 1288 5176 ¹
1313 5151 1601 5224 contremiscunt.
1626 5155 1628 5162 ‘
1688 5179 1692 5188 ¹

273 5255 311 5321 iu
329 5251 463 5324 iudicio
480 5251 618 5340 corripe
636 5275 710 5338 me,
734 5273 810 5320 nou
833 5251 873 5319 ia
896 5249 1039 5335 lurore,
1066 5273 1111 5318 oe
1135 5251 1177 5318 ad
1196 5249 1263 5318 ui·
1416 5250 1452 5326 8.
1483 5248 1641 5323 Econtra
1656 5252 1782 5324 deiide
1797 5252 1846 5324 ait
1861 5251 2011 5326 Paulus:
2034 5234 2200 5319 iustificati
2215 5225 2265 5296 file

271 5351 388 5426 hilum
420 5353 557 5445 redigas
586 5375 653 5426 mc.
713 5349 819 5422 ltern:
858 5349 949 5422 Cum
973 5351 1133 5422 irasceris
1153 5347 1262 5436 Deus,
1314 5377 1433 5449 pacem
1450 5347 1633 5428 habemus.
1687 5351 1792 5426 ltem:
1817 5354 1892 5444 Qui
1908 5353 2024 5426 eredit
2044 5350 2082 5420 in
2101 5343 2264 5420 eum,11⁰¹¹

1304 1421 1424 1526 (LII.)
1457 1429 1570 1501 Atta
1597 1424 1890 1528 disputemus
1925 1427 1974 1503 de
1995 1451 2085 1504 uero
2104 1407 2258 1526 elperpe·

1555 1539 1624 1604 tuo
1643 1530 1818 1604 doctrino
1840 1533 2046 1607 Ecclesiae.
2096 1609 2101 1618 ,
