4726 5828
182 309 309 394 „aaa
353 307 357 313 ·
866 213 867 218 Ὺ
926 267 1087 356 ouon
1123 269 1199 350 ou
1235 212 1548 358 contusio.
2187 272 2266 348 rra
2358 229 2359 238 ‘

335 470 449 548 Vobis
467 475 585 540 autem
608 451 834 532 auditoribus
861 461 937 523 toto
963 463 1106 544 pectore
1127 460 1226 542 opto,
1371 443 1450 520 Etsi
1469 461 1586 520 autem
1614 461 1711 520 tanta
1734 447 1931 541 amplitudo
1955 460 2008 520 est
2027 443 2263 518 admirandae

235 599 277 661 up
296 581 401 654 guum
421 569 547 652 ialam,
573 565 619 635 da
640 581 714 656 quo
739 556 835 627 lilius
856 547 926 624 Dei
947 551 1127 646 loquitur,
1160 545 1225 620 ha·
1275 550 1468 643 sapientiae
1489 564 1524 622 et
1536 551 1721 641 dignitatis
1743 551 1784 624 in
1804 550 1990 642 coniugio,
2012 562 2053 621 ut
2067 571 2144 620 eam
2160 549 2264 618 nulla

237 681 368 764 beatis,
398 675 487 746 sicut
520 663 654 760 inquit:
690 659 818 734 Solem
846 658 1012 729 celime
1040 657 1083 726 itt
1112 651 1226 736 vohis,
1275 652 1404 723 mentis
1427 645 1602 721 humanae
1630 653 1721 722 acies
1742 652 1884 746 penitus
1912 651 2163 743 introspicere,
2196 671 2266 720 nec
2358 711 2359 730 ,

241 797 281 864 et
301 788 388 858 sttts
409 766 623 850 conandae.
682 758 732 834 Et
752 755 1006 851 ipsum'tiliuan
1029 751 1120 838 Dei,
1153 747 1228 824 Do·
1276 755 1351 826 ulla
1366 753 1567 847 eloquentia
1583 753 1693 845 possit
1713 749 1918 838 erhanrirc,
1939 765 2059 824 mmen
2076 749 2267 823 Floiiferis

241 889 379 964 minum
408 889 572 949 nostrum
593 868 708 942 lesum
730 858 932 943 Christum,
963 855 1025 949 qui
1048 867 1100 926 cst
1122 848 1230 954 λόγος
1279 869 1319 927 ut
1335 877 1415 946 apes
1431 854 1469 923 in
1484 855 1631 926 saltibus
1647 856 1770 926 omnia
1782 857 1908 936 libant,
1924 855 2044 927 omnia
2059 875 2125 924 nos
2137 853 2266 924 itidem
2358 873 2359 928 f

244 984 379 1064 aeterni
411 975 540 1072 patris,
581 983 616 1040 et
647 961 882 1053 Evangelium
915 981 957 1028 ert
990 979 1119 1026 arcano
1148 958 1229 1028 sinu
1280 955 1460 1047 depascier
1491 979 1596 1026 aurea
1627 953 1739 1037 dicta,
1782 978 1887 1028 aurea
1920 970 2089 1048 perpetua
2124 975 2269 1046 semper
2358 1023 2359 1040 ,

245 1084 380 1164 aeterni
403 1077 513 1174 patris
535 1071 706 1167 protulit,
731 1087 813 1149 oro,
837 1075 877 1132 ut
900 1083 942 1129 co
963 1059 1055 1143 sale,
1078 1052 1146 1127 hoc
1169 1073 1232 1138 est,
1282 1055 1486 1148 dignissima
1503 1057 1574 1130 vita
1588 1057 1826 1144 decrevimus,
1851 1071 2071 1151 acquantum
2095 1054 2269 1146 temporis

246 1211 287 1265 ea
300 1183 462 1261 doctrina
477 1191 512 1248 et
530 1168 713 1266 sapientia,
735 1185 841 1259 quam
857 1159 1030 1253 patefecit,
1053 1173 1187 1231 mentes
1199 1171 1233 1230 et
1282 1157 1453 1251 propositi
1471 1158 1629 1248 angustia
1642 1160 1820 1245 concedit,
1841 1159 1956 1231 fontes
1972 1180 2075 1228 verae
2087 1155 2271 1228 laudatio·

248 1301 390 1387 pectora
404 1293 519 1354 vestra
532 1295 669 1366 semper
682 1269 865 1360 gubernet.
915 1258 1013 1344 Dixi.
1284 1261 1341 1332 nis
1358 1258 1513 1348 coniugii
1530 1259 1694 1330 indicatis
1711 1283 1829 1330 rerum
1853 1259 2046 1351 capitibus,
2072 1271 2106 1328 et
2130 1255 2271 1348 praeci-

1285 1385 1354 1455 pue
1369 1359 1557 1450 imaginem
1574 1361 1777 1432 admirandi
1790 1361 1944 1432 foederis
1965 1361 2059 1430 inter
2073 1353 2271 1442 Christum,

254 1451 1232 1512 ..-----·-·-·²···········-·····
1265 1495 1266 1498 ¹
1286 1477 1321 1534 et
1334 1458 1526 1533 Ecclesiam
1551 1460 1590 1529 in
1607 1484 1727 1531 amore
1746 1462 1924 1552 coniugali
1943 1461 2160 1554 propositam
2178 1458 2273 1530 deli·

1066 1617 1115 1658 ω,
1139 1575 1234 1658 1555,
1286 1562 1458 1634 habimus.
1506 1559 1668 1656 Cumque
1683 1562 1722 1631 in
1736 1558 1802 1633 hae
1815 1563 1986 1652 tenuitate
2002 1586 2078 1632 mea
2094 1583 2168 1630 non
2187 1581 2272 1650 pos-

1059 1681 1230 1714 m
1287 1665 1355 1736 sim
1380 1661 1552 1734 orationis
1579 1663 1750 1737 suavitate
1771 1687 1812 1734 ac
1835 1663 2006 1754 elegantia
2039 1661 2273 1754 politissima-

503 1893 507 1902 ,
576 1801 652 1888 ¹²⁶
678 1793 910 1904 ⁰⁰⁷⁸2'1‘8‘0·
1287 1763 1539 1937 '¹¹3th
1555 1763 2274 1936 Vtttlttatttll“ti-„tttlttt

324 1961 631 2095 “⁰³³³¹,²,g,‘if'l¹⁰2ii
646 1952 921 2080 ⁰ss¹¹³1⁸³⁰pffi⁰ffi
932 1946 1177 2072 gffnffssffl‘}
1187 1945 1240 2071 {h
1290 1890 1422 2038 etimne
1453 1919 1805 2048 commemoratione,
1843 1979 1878 2038 et
1901 1890 2075 2038 aimonis
2099 1964 2273 2036 brevitate

355 2047 453 2185 t‘chffl
466 2077 542 2180 equ..
558 2045 686 2156 'Serreiti
701 2090 736 2150 Τ.
748 2088 797 2146 Ν.
816 2105 844 2160 p.
857 2086 920 2141 tto.
941 2097 968 2142 et
987 2083 1117 2143 Richard.
1136 2082 1170 2140 Τ.
1190 2083 1238 2138 lll.
1290 2067 1443 2139 laedium
1458 2081 1612 2140 vestrum
1633 2068 1760 2138 levem·

360 2201 389 2255 p.
404 2177 467 2236 tt9.
1392 2165 1528 2238 Indidit
1541 2165 1638 2240 Deus
1653 2167 1821 2238 omnibus
1834 2161 1982 2256 Angelis
2000 2180 2035 2238 et
2053 2161 2275 2251 hominibus,

1292 2282 1333 2341 ut
1356 2281 1570 2339 caeterarum
1588 2269 1779 2354 virtutum,
1804 2269 1850 2338 ita
1864 2268 2031 2338 castitatis
2048 2291 2190 2361 quoque
2206 2291 2274 2338 no-

1292 2369 1430 2454 ticiam,
1453 2379 1493 2440 ut
1508 2392 1754 2460 agnoscamus,
1778 2369 1893 2461 qualis
1906 2368 1953 2439 sit
1969 2368 2053 2460 ipse,
2079 2369 2167 2441 etin
2182 2391 2275 2461 quo-

192 2555 196 2569 ,
1292 2469 1427 2542 tidiana
1448 2471 1675 2542 invocatione
1690 2495 1770 2540 eum
1791 2493 1811 2540 a
1830 2470 1966 2539 naturis
1982 2469 2084 2539 malis
2105 2481 2140 2540 et
2155 2468 2277 2560 impu·

260 2582 359 2668 'fota
381 2581 550 2659 divinitas
572 2593 694 2648 amans
722 2567 917 2640 castitatem
947 2558 1158 2631 admiranda
1186 2581 1242 2628 sa·
1294 2570 1393 2655 dicia,
1416 2593 1457 2642 ac
1473 2569 1869 2641 immundisadiabolis
1885 2582 1920 2641 et
1935 2567 2192 2642 commenticiis
2205 2593 2275 2640 nu-

261 2690 396 2793 pientia
431 2698 466 2754 et
495 2674 702 2770 gravissima
729 2665 985 2739 deliberatione
1017 2656 1135 2731 statim
1164 2675 1243 2752 post
1294 2671 1452 2744 minibus
1484 2673 1716 2744 attributione
1745 2665 1917 2743 virtutum
1950 2671 2209 2754 dissereremus,
2241 2684 2277 2744 et

261 2790 504 2872 conditionem
519 2781 558 2848 in
571 2772 739 2846 Paradiso
752 2771 932 2839 decretum
946 2761 1041 2846 fecit,
1056 2761 1150 2856 quod
1166 2762 1245 2838 vult
1294 2795 1374 2846 rum
1398 2773 1509 2867 ipsius
1528 2773 1700 2867 sapientia
1719 2786 1754 2844 et
1774 2772 1976 2854 voluntate,
2000 2771 2102 2842 cuius
2121 2771 2215 2842 radii
2238 2773 2277 2842 in

260 2902 404 2971 firmum
420 2896 455 2957 ct
467 2883 655 2954 immotum
670 2893 756 2957 esse,
782 2893 854 2964 quo
868 2863 1024 2938 instituit
1039 2877 1074 2936 et
1095 2862 1244 2935 mutivit
1295 2887 1428 2946 mentes
1451 2887 1588 2945 nostras
1611 2874 1777 2946 transfusi
1801 2887 1904 2959 sunt,
1928 2895 2175 2964 congruamus.
2228 2869 2277 2946 Ut

263 2998 360 3072 hunc
384 2983 565 3066 ordinem,
596 2990 637 3048 ut
656 2970 819 3045 homines
839 2969 879 3037 in
901 2965 1067 3054 coniugio
1087 2964 1244 3052 legitimo
1295 2974 1403 3064 igitur
1419 2971 1589 3063 agnoscis,
1612 2987 1646 3044 et
1660 2975 1802 3044 invocas
1816 2974 1931 3046 Deum
1947 2973 2152 3069 sapientem,
2176 2997 2279 3045 vera-

265 3111 357 3172 caste
377 3091 519 3168 vivant,
550 3092 586 3149 et
606 3075 722 3148 vitatis
754 3066 968 3140 libidinibus
989 3064 1087 3154 vagis
1105 3060 1183 3133 Deo
1205 3062 1245 3132 in
1295 3097 1390 3158 cem,
1414 3075 1565 3156 iustum,
1589 3075 1802 3156 beneficum,
1828 3075 2109 3161 misericordem,
2135 3073 2277 3146 liberri-

263 3196 420 3273 castitate
437 3183 610 3263 serviant,
635 3190 670 3246 ct
683 3170 750 3244 hoc
765 3167 908 3240 vinculo
923 3187 1034 3257 genus
1049 3160 1243 3234 humanum
1296 3199 1415 3258 murn,
1439 3173 1501 3268 qui
1524 3198 1561 3244 se
1583 3175 1746 3267 patefecit
1770 3175 1893 3261 talem,
1916 3175 2094 3268 insculpta
2109 3175 2165 3247 sui
2187 3177 2278 3246 ima-

266 3293 486 3373 consocietur
501 3296 536 3353 et
551 3291 644 3349 certa
662 3277 737 3364 lege
757 3282 981 3364 propagetur·
1022 3262 1110 3372 ¹Hoc
1123 3267 1245 3335 detre-
1287 3276 1377 3367 gine
1390 3274 1430 3345 in
1450 3290 1582 3347 mantes
1603 3290 1759 3357 nostras,
1785 3290 1819 3346 et
1835 3277 1874 3345 in
1892 3279 2000 3348 verbo
2023 3298 2105 3361 suo,
2131 3290 2165 3348 et
2182 3272 2278 3350 hunc

264 3420 342 3476 pum
357 3396 430 3487 ipse
445 3383 540 3457 lilius
554 3379 625 3450 Dei
648 3377 686 3446 in
702 3373 870 3445 Paradiso
884 3369 996 3458 dtatt,
1022 3391 1062 3438 ec
1084 3365 1248 3458 patefecit
1297 3399 1409 3472 uuum
1433 3400 1554 3446 verum
1574 3375 1691 3448 Deum
1712 3379 1757 3446 ab
1776 3378 1944 3447 omnibus
1965 3363 2046 3447 aliis'
2068 3378 2207 3448 naturis
2225 3401 2279 3447 se-

266 3503 305 3572 in
321 3490 525 3568 conditione
544 3501 646 3552 sexus
667 3473 854 3558 foeminei,
879 3494 984 3565 quam
1006 3468 1117 3559 ipsam
1133 3467 1246 3537 voluit
1297 3499 1433 3568 pragae:
1459 3478 1507 3548 ita
1530 3495 1663 3549 castum
1686 3503 1827 3571 qnoque
1840 3475 1955 3549 Deum
1976 3491 2068 3548 casta
2091 3491 2126 3550 et
2147 3478 2280 3571 impol.

266 3596 458 3689 imaginem
472 3609 545 3658 esse
558 3579 735 3653 Ecclesiae
751 3600 792 3645 ex
814 3596 887 3644 sese
908 3569 1095 3642 irascentis.
1148 3566 1248 3639 Sicut
1298 3580 1371 3649 luta
1394 3590 1511 3660 mente
1534 3579 1764 3669 compellato,
1798 3601 1950 3673 euinque
1976 3573 2042 3650 hac
2066 3579 2281 3672 proprietate

269 3701 364 3776 enim
389 3718 431 3764 ex
453 3686 569 3762 Adam
597 3679 797 3754 dormiente
824 3671 976 3744 sumitur
1005 3681 1122 3753 costa,
1150 3669 1249 3739 unde
1298 3703 1318 3750 a
1341 3677 1493 3749 diabolis
1513 3680 1648 3770 spurcis
1668 3692 1703 3750 et
1729 3680 1942 3764 immundis,
1974 3679 2037 3774 qui
2065 3680 2282 3754 imbecillam

268 3799 471 3873 aedificatur
491 3785 587 3869 Eva,
610 3784 660 3852 sic
679 3775 835 3850 Ecclesia
859 3797 901 3844 ex
923 3773 1000 3864 ipso
1023 3769 1249 3859 eorporefilii
1299 3775 1485 3849 homiuum
1514 3796 1676 3850 naturam
1710 3782 1754 3848 ad
1787 3781 1995 3869 spurciciem
2027 3796 2061 3853 et
2085 3781 2282 3854 libidinum

268 3900 337 3976 Dei
352 3917 417 3990 pro
434 3887 539 3960 nobis
553 3893 712 3960 mortuo,
738 3878 863 3958 idest,
888 3896 929 3943 ex
946 3885 1071 3940 natura
1094 3863 1249 3988 hpmana
1300 3877 1524 3950 confusiones
1546 3881 1753 3973 impellunt,
1779 3882 1989 3964 discernito,
2013 3905 2053 3952 ac
2069 3897 2108 3952 ut
2131 3885 2169 3951 in
2188 3885 2284 3955 veri·

269 4025 360 4098 quae
380 4007 432 4066 est
452 3987 546 4062 socia
568 3982 634 4052 filii
648 3979 735 4064 Dei,
758 3989 793 4048 et
813 3997 877 4067 per
900 3986 1048 4045 mortem
1065 3971 1177 4063 ipsius
1192 3995 1250 4042 rc·
1300 3992 1389 4063 tate,
1421 3979 1578 4065 iusticia,
1611 3983 1838 4052 beneficentia
1861 3995 1895 4052 et
1925 3981 2068 4055 caeteris
2091 3983 2285 4058 virtutibus
2358 3983 2359 3988 ’

269 4109 430 4194 dempta,
455 4089 620 4162 sumitur.
1299 4080 1419 4152 studes
1440 4103 1520 4149 curn
1544 4084 1725 4153 voluntate
1746 4081 1812 4152 Dei
1837 4082 2046 4167 corrvenire,
2071 4084 2119 4154 ita
2141 4086 2284 4157 castita·

372 4197 493 4288 Quare
513 4187 617 4260 initio
636 4183 748 4253 tilium
768 4175 836 4250 Dei
850 4170 1069 4244 conditorem
1087 4172 1194 4241 maris
1211 4194 1250 4243 ac
1300 4194 1371 4252 tem
1387 4203 1529 4275 quoque
1544 4205 1730 4273 cognoscas
1745 4196 1779 4254 et
1792 4205 1905 4265 alites,
1928 4207 2032 4277 qnam
2048 4184 2185 4276 legibus
2196 4210 2284 4258 con-

269 4303 465 4379 focmiuae,
490 4305 526 4364 et
545 4285 700 4382 primum
723 4292 883 4350 autorem
900 4273 1099 4345 admirandi
1120 4288 1154 4345 et
1170 4274 1250 4345 dul·
1301 4281 1390 4374 iugii
1405 4276 1501 4353 Dens
1520 4285 1677 4354 sancivit.

203 4425 207 4432 ’
270 4402 403 4486 eissinn
426 4390 578 4468 foederis
603 4381 791 4472 coniugum
824 4389 900 4450 toto
926 4387 1069 4466 pectore
1094 4397 1176 4462 oro,
1209 4388 1252 4447 ut
1400 4376 1465 4455 Est
1487 4384 1583 4454 enim
1600 4385 1740 4458 castitas
1755 4386 1811 4456 vel
1826 4385 1864 4454 in
1880 4381 2015 4455 coelibe
2030 4385 2102 4457 vita
2120 4385 2197 4460 sine
2211 4389 2286 4460 ulla

270 4499 476 4594 coniugium
487 4491 612 4575 foelix,
636 4479 891 4576 tranquillum,
912 4476 1129 4548 foecundum
1144 4490 1178 4550 et
1190 4499 1251 4548 sa·
1302 4481 1550 4556 commixtione
1585 4501 1618 4558 ct
1649 4485 1948 4558 contaminatione
1987 4487 2166 4578 corporis,
2206 4491 2285 4560 sine

270 4612 385 4681 {nme
406 4617 536 4694 ‚poam
559 4603 595 4662 et
625 4607 773 4681 sponsae
794 4581 940 4654 tribuat.
997 4575 1094 4649 Haec
1114 4592 1195 4650 vota
1216 4593 1252 4650 et
1300 4584 1453 4656 flammis
1467 4587 1681 4665 libidinum.
1706 4587 1782 4656 sine
1803 4584 1991 4678 impudicis
2012 4589 2288 4678 cogitationibus

270 4728 337 4802 pro
359 4700 525 4777 omnibus
547 4689 616 4785 piis
638 4683 867 4773 coniugibus,
892 4692 928 4751 et
947 4679 1135 4772 praecipue
1156 4703 1252 4750 nunc
1301 4709 1432 4778 purum
1452 4700 1488 4760 et
1508 4690 1684 4758 mundum
1698 4687 1834 4773 viuere,
1857 4687 1915 4758 vel
1932 4688 2026 4778 leges
2048 4691 2202 4782 coniugii
2216 4693 2288 4760 rni-

271 4832 337 4903 pro
358 4805 456 4886 viro,
481 4791 661 4871 doctrina,
686 4785 816 4856 villule
839 4794 876 4853 ²2
903 4782 994 4851 bess?
1014 4779 1151 4851 meriti!
1171 4803 1251 4871 erte
1302 4787 1416 4858 raudo
1431 4782 1499 4860 Dei
1512 4787 1664 4860 consilio
1679 4787 1858 4860 institutas
1870 4811 2027 4873 servam,
2054 4807 2089 4866 et
2103 4791 2196 4862 intra
2211 4817 2287 4862 me-

271 4905 463 4982 Eeclesiam
483 4897 549 4970 Dei
571 4907 604 4964 et
621 4883 897 4980 Rempuhlictm'
919 4881 1111 4952 literariam
1132 4881 1254 4953 clarit-
1303 4902 1377 4968 tas,
1403 4911 1490 4980 quas
1505 4889 1670 4982 coniugio
1684 4885 1782 4962 Deus
1794 4889 2045 4977 circumdedit,
2069 4916 2225 4967 manere.

271 5011 381 5090 simo,
403 5001 617 5072 Tilemanno
632 4990 760 5072 Stella,
785 4999 820 5056 ct
841 5005 970 5076 sponsa
992 4981 1102 5074 ipsius
1117 4979 1253 5056 Helena
1400 4987 1448 5060 Ut
1470 5005 1587 5064 autem
1603 4992 1698 5063 solae
1716 4990 1874 5079 anglicae
1887 5003 2034 5064 naturae
2047 5006 2082 5065 et
2096 4994 2288 5068 immatura

271 5108 453 5200 virginum
467 5097 611 5180 decore,
636 5091 772 5166 faciunt
787 5107 913 5157 omnes
924 5083 1013 5154 boni
1029 5097 1064 5156 et
1078 5081 1255 5157 Ecclesiae
1304 5101 1418 5175 actas,
1442 5104 1477 5164 et
1491 5092 1605 5189 aliqui
1626 5093 1801 5185 peculiare
1815 5094 1951 5164 donurn
1974 5089 2145 5167 habentes
2159 5097 2197 5166 in
2213 5098 2288 5171 vita

270 5207 339 5284 Dei
365 5230 406 5278 ac
429 5203 613 5273 literarum
632 5204 808 5276 amantes,
832 5185 896 5282 qui
917 5207 1015 5255 suam
1036 5185 1255 5259 voluntatem
1306 5189 1441 5262 coelibe
1455 5193 1531 5266 Deo
1554 5194 1731 5281 serviunt,
1755 5194 1804 5265 ita
1826 5195 2045 5267 severissimo
2065 5199 2234 5271 mandato
2256 5212 2291 5271 ct

272 5329 308 5385 et
320 5298 603 5383 bencvmendam
619 5315 684 5414 per
703 5315 761 5364 me
776 5287 862 5364 huic
882 5285 1122 5361 illustrissimo
1137 5288 1258 5362 coetui
1306 5291 1532 5366 ordinatione
1555 5292 1644 5382 Dei,
1668 5307 1821 5368 caeteros
1842 5317 1984 5380 omnes,
2009 5297 2080 5368 nisi
2101 5298 2191 5369 iram
2209 5298 2291 5388 Dei,

206 5515 209 5525 V
273 5413 464 5487 coluerunt
479 5396 692 5497 significatu,
996 5441 1002 5450 ·
1307 5393 1531 5469 amissionem
1552 5395 1684 5490 gratiae
1697 5397 1765 5472 Ilei
1785 5409 1820 5472 et
1839 5396 1935 5470 vitae
1954 5411 2133 5487 aeternae,
2157 5423 2293 5494 poenm

249 1626 318 1705 No.
339 1611 423 1689 148.

257 1711 430 1752 ,ον-ν

300 2345 427 2420 Oruts‘o
459 2331 508 2407 de
540 2320 935 2518 conizplipcnzepiotptu
968 2335 993 2386 u
1024 2308 1209 2385 Doride

21 5709 273 5802 ᾉΑ
