4696 5820
104 214 187 290 sss
674 214 833 296 uuor.
866 211 942 290 uu
972 212 1285 291 uunovrco
1317 214 1577 314 ravano.
2062 218 2137 294 sss

105 386 309 468 lomacensi,
336 386 400 482 qui
421 400 459 460 ct
476 385 645 490 Princeps
668 401 703 460 et
723 385 926 483 Cardinalis
943 401 1020 462 erat
1041 412 1102 458 ex·
1150 391 1245 461 dic'to
1272 385 1496 482 Epicharmi:
1537 393 1634 486 νῆφε
1666 385 1730 462 καὶ
1759 385 1928 484 μέμνησο
1958 387 2136 478 ἀπιστεῖν,

106 489 241 560 tellens
256 489 399 562 virtute.
1150 491 1279 588 ἄρθρα
1292 495 1413 563 ταῦτα
1428 495 1507 562 τῶν
1521 495 1682 586 φρενῶν.
1709 490 1781 563 Nec
1798 492 1927 564 fiducia
1942 495 2139 576 amicorum

1149 618 1205 664 res
1233 617 1307 663 non
1337 594 1549 662 necessarias
1576 615 1800 674 moveamus,
1840 619 1905 664 nec
1934 596 2062 666 deserti
2093 597 2139 666 ab

215 637 257 710 ln
280 635 338 712 his
355 665 444 735 quae
459 636 628 711 hactenus
644 641 713 732 egit
729 641 953 726 Ludovicus,
979 642 1101 710 mode-

105 741 201 813 ratio
226 743 303 813 eius
327 745 433 816 laude
452 743 556 832 digna
580 757 642 814 est.
695 741 819 814 Postea
836 740 974 814 Romae
990 743 1101 812 creari
1149 718 1289 815 ‘mim’
1312 695 1519 783 smngamm
1531 715 1660 763 'mmm
1674 718 1713 763 ¹¹¹
1727 719 1840 766 πω
1854 708 1956 766 '⁰⁸⁸¹'
1970 710 2006 768 a
2019 720 2139 768 Μ

106 845 215 914 iussi,
244 841 462 937 Episcopum
490 841 694 916 Romanum
719 844 863 916 petrum
887 841 1101 915 embadum
1150 797 1269 917 sarria,
1296 799 1356 865 sed
1373 821 1392 866 a
1408 793 1484 867 Deo
1502 808 1661 887 petamus
1675 808 1709 866 et
1724 811 1942 889 expectemus
1957 798 2141 884 auxilium,

106 945 386 1032 franciscanus„
403 947 441 1016 in
458 945 720 1038 ammaum,
748 971 788 1016 ac
804 945 1005 1016 nominavit
1019 969 1101 1014 eum
1150 912 1240 969 sicut
1255 892 1433 988 Propheta
1453 896 1586 991 inquit:
1617 894 1724 968 Pater
1740 913 1776 970 et
1792 912 1903 972 mater
1917 901 2140 994 reliquerunt

105 1047 299 1120 Nicolaum
317 1046 502 1138 Quintum.
556 1045 591 1120 ls
613 1049 887 1119 etsualulmina
904 1059 1026 1118 contra
1043 1045 1101 1116 lo·
1150 1024 1225 1087 '¹¹⁰’
1247 996 1343 1070 ΒΜ
1362 1012 1479 1069 amem
1497 999 1733 1090 “mellum

106 1145 268 1221 hannem
282 1150 495 1221 Vicesimum
511 1153 704 1222 secundum
722 1150 845 1221 edidit.
895 1147 965 1219 Hic
981 1169 1102 1218 rursus
1254 1145 1330 1220 Est
1347 1164 1463 1220 autem
1479 1149 1562 1218 vivo
1580 1146 1765 1220 Ludovico
1783 1162 1818 1220 et
1833 1150 2014 1241 elegerunt
2030 1162 2063 1221 ct
2079 1174 2141 1220 co-

108 1253 331 1345 disputatum
354 1267 422 1323 est:
449 1249 508 1322 An
524 1256 566 1322 ad
584 1251 838 1342 Imperatorem
856 1251 912 1320 ios
929 1249 1103 1342 pertineat
1151 1265 1325 1323 ronarnnt
1342 1247 1521 1320 Electores
1538 1251 1684 1343 quidam
1699 1249 1882 1324 Camlum:
1908 1265 2024 1323 tameo
2039 1265 2141 1327 auto-

108 1353 294 1425 adimendi
327 1354 535 1443 dignitatem
558 1353 742 1438 Pontifici,
775 1364 808 1422 et
832 1353 942 1422 alium
969 1350 1102 1421 consti·
1151 1356 1237 1424 ritas
1259 1348 1375 1424 adhuc
1390 1366 1488 1423 tanta
1506 1353 1574 1424 luit
1587 1350 1764 1423 Ludovici
1783 1367 1817 1424 et
1833 1354 2016 1426 civitatum
2032 1355 2142 1426 bene-

108 1456 262 1538 tnendi,
296 1469 334 1550 ‘l
360 1481 431 1549 quo
460 1457 588 1526 ordine
610 1451 676 1525 hoc
699 1455 775 1523 ficri
798 1454 952 1524 debeat?
1004 1451 1104 1523 Sicut
1152 1455 1308 1526 volentia
1329 1477 1410 1542 erga
1433 1479 1513 1526 eum
1537 1468 1651 1540 tanta,
1685 1469 1723 1525 ut
1748 1455 1854 1526 manis
1875 1452 2025 1526 Carolus
2047 1451 2141 1525 nihil

108 1553 204 1630 Otto
231 1555 374 1627 Primus
400 1555 564 1627 Pontifici
595 1557 733 1648 cognita
760 1578 862 1626 causa
894 1557 933 1625 in
956 1553 1103 1649 Synodo
1153 1571 1314 1629 tentaret.
1362 1553 1433 1626 Sed
1447 1569 1527 1644 post
1537 1557 1772 1627 eiusmortem
1785 1558 1974 1627 exercitum
1986 1555 2143 1627 erBoie-

108 1658 321 1749 dignitatem
352 1659 495 1731 ademit.
559 1657 634 1728 Nec
660 1657 811 1728 dubium
837 1669 889 1727 est
909 1653 1102 1726 Ecclesiam
1154 1660 1223 1728 mia
1240 1661 1283 1727 ad
1295 1656 1665 1748 urbemRatisponam
1676 1659 1831 1750 primum
1843 1659 2003 1732 adduxit.
2038 1657 2143 1729 Mor-

107 1761 244 1831 dehere
272 1783 402 1830 munus
425 1759 578 1830 docendi
602 1761 756 1830 adimere
778 1759 865 1828 falsa
887 1756 1103 1836 defendenti,
1152 1775 1236 1832 tuns
1255 1773 1309 1831 est
1327 1774 1444 1830 autem
1459 1758 1664 1830 Ludovieur
1685 1782 1781 1828 anno
1802 1759 1963 1850 proximo
1980 1773 2060 1852 9051
2071 1757 2142 1830 Ca.

108 1863 224 1956 idque
245 1861 371 1930 ordine
390 1861 591 1932 iaciendum
615 1874 668 1931 est
690 1883 792 1931 causa
817 1859 969 1949 cognita.
1033 1857 1104 1928 Sed
1154 1863 1223 1932 roli
1252 1862 1461 1934 electionem
1487 1862 1613 1953 quinto
1638 1860 1723 1931 ldus
1746 1856 1915 1931 Octobris
1942 1885 2037 1931 anno
2060 1861 2143 1930 mil-

108 1962 337 2033 Lndovicom
360 1963 513 2054 optarim
538 1962 645 2033 luisse
668 1975 873 2031 contentum
891 1959 1031 2032 iudiciis
1049 1983 1104 2029 sa·
1153 1965 1276 2034 lesimo
1303 1962 1547 2034 trecentesimo
1571 1963 1839 2055 quadragesimo
1858 1964 2027 2055 septimo,
2061 1986 2142 2032 cum

109 2065 275 2157 pientum
293 2063 336 2131 dc
348 2063 410 2148 iis,
436 2087 525 2156 quae
539 2077 639 2133 antea
654 2076 780 2151 egerat,
806 2063 1010 2155 praesertim
1024 2084 1104 2129 sum
1154 2089 1266 2136 annos
1287 2079 1356 2136 tres
1381 2078 1415 2134 ct
1436 2065 1581 2152 triginta
1602 2065 1699 2134 intes
1722 2086 1865 2153 magnas
1882 2063 2143 2135 adversationes

110 2269 178 2339 ille
193 2265 363 2337 Nicolans
387 2279 507 2359 postea
529 2280 650 2359 captus
672 2267 711 2334 in
728 2263 885 2335 Galliam
901 2263 1028 2333 missus
1042 2275 1105 2343 est,
1154 2283 1189 2339 et
1220 2291 1366 2338 suorum
1386 2268 1552 2338 defensor
1574 2291 1648 2337 non
1671 2269 1789 2338 lentus
1812 2281 1909 2341 esset.
1944 2307 1945 2310 π
1974 2263 2024 2338 Et
2046 2267 2143 2360 quod

109 2369 179 2440 ubi
210 2369 248 2436 in
278 2391 416 2438 carcere
440 2382 602 2439 mortuus
621 2383 681 2440 est.
749 2367 818 2439 Sed
844 2365 954 2437 animi
976 2365 1105 2434 irritati
1154 2371 1284 2441 mirum
1309 2368 1411 2442 estin
1431 2368 1507 2438 vico
1525 2369 1772 2458 magnamiuo,
1798 2393 1878 2438 cum
1895 2369 2003 2440 tantis
2018 2382 2145 2440 contu·
2224 2429 2226 2438 .

112 2469 344 2541 contumeliis
376 2469 566 2539 difficulter
595 2470 733 2538 frenare
757 2470 845 2538 iram
870 2482 904 2538 et
928 2467 1107 2536 vindictae
1155 2472 1269 2541 meliis
1293 2471 1513 2558 irritaretur,
1537 2470 1670 2538 nemini
1695 2484 1813 2539 tamen
1831 2494 1991 2563 unquam
2010 2469 2145 2540 bellum

115 2571 347 2664 cupiditatem
376 2583 542 2661 possunt,
585 2571 786 2661 praesertim
819 2572 932 2640 donec
962 2570 1105 2639 fortuna
1154 2574 1295 2656 intulit,
1329 2573 1388 2640 sed
1417 2594 1554 2662 semper
1577 2584 1714 2639 tantum
1739 2571 1930 2640 inserentes
1954 2571 2061 2640 armis
2083 2572 2146 2639 de-

112 2687 168 2744 est
191 2671 447 2761 lntltllgenllor,
511 2671 583 2740 Nec
604 2685 685 2764 posi
704 2672 858 2741 reditum
880 2694 921 2739 ex
942 2669 1044 2739 lialla
1069 2669 1106 2735 ln
1157 2675 1267 2766 pulit,
1293 2696 1363 2766 qua
1386 2697 1426 2741 ex
1447 2696 1484 2741 re
1507 2673 1653 2761 adparet
1671 2696 1753 2740 eum
1769 2671 1895 2752 fuisse,
1921 2673 2020 2741 utde
2034 2669 2146 2741 Lace.

113 2773 349 2845 Germaniam
373 2797 429 2842 res
449 2775 619 2843 memoria
635 2774 759 2862 dignas
774 2771 978 2842 Ludovicus
992 2769 1107 2860 gessit,
1156 2775 1353 2845 daemoniis
1362 2768 1591 2867 Thucydides
1602 2772 1734 2868 inquit:
1758 2765 1965 2868 φιλήσυχον
1975 2767 2038 2844 καὶ
2050 2766 2143 2868 δρα-

112 2877 257 2969 placare
271 2871 477 2960 Pontifices,
498 2876 560 2968 qui
575 2875 720 2944 luerunt
734 2888 813 2965 post
829 2868 1026 2943 Iohannem
1042 2869 1107 2938 Vi·
1157 2869 1307 2972 στήριον
1316 2927 1328 2960 ,
1355 2898 1445 2968 quae
1463 2876 1576 2944 virtus
1594 2875 1632 2942 in
1648 2873 1816 2966 Principe
1831 2890 1962 2968 quanta
1979 2874 2045 2959 sit,
2071 2897 2145 2942 non

113 2977 288 3048 cesimum
312 2979 505 3048 secundum
525 2989 671 3048 conatus
687 2990 749 3046 est.
800 2973 871 3045 Sed
888 2972 1107 3043 Clementem
1157 2981 1346 3049 obscurum
1371 2989 1435 3052 est.
1486 2973 1584 3045 Haec
1598 2975 1753 3045 breviter
1769 2977 1812 3044 de
1830 2973 2014 3046 Ludovico
2031 2972 2147 3065 lmpe.

113 3074 248 3149 hahuit
275 3102 349 3148 non
378 3079 641 3148 clementiorem
664 3072 824 3147 iohanne
844 3073 1022 3145 Vicesimo
1053 3097 1111 3143 se«
1157 3094 1273 3151 rasore
1293 3078 1384 3162 dixi,
1411 3103 1490 3148 cum
1516 3078 1659 3172 quidem
1683 3077 1837 3148 libenter
1860 3093 1893 3148 et
1914 3077 2018 3169 plura
2033 3071 2147 3146 histo-

114 3182 257 3266 cundo‚
281 3204 390 3273 quare
405 3194 438 3251 et
453 3181 620 3250 adversus
634 3175 730 3250 hunc
748 3179 858 3248 edicta
876 3177 998 3246 edidit.
1157 3183 1230 3253 rica
1253 3195 1285 3252 et
1310 3179 1567 3270 disputationes
1592 3179 1770 3269 longiores
1794 3180 1980 3263 adderem,
2006 3179 2035 3247 si
2057 3189 2147 3248 tem-

111 3399 114 3404 .
223 3332 417 3404 lnleliciter
436 3335 543 3404 etiam
559 3331 736 3422 implicuit
752 3355 788 3400 se
807 3331 1003 3400 discordiae
1017 3333 1107 3399 duo·
1157 3307 1223 3376 ΡΜ
1242 3296 1431 3386 melem*

115 3460 199 3508 rum
226 3460 348 3527 regum
371 3431 532 3528 Philippi
554 3433 686 3504 Valesii
714 3447 748 3504 et
770 3429 932 3504 Eduardi
954 3425 1109 3521 Anglici‚
1259 3428 1330 3500 Sed
1358 3429 1547 3500 utilitatem
1578 3423 1687 3501 huius
1717 3424 1887 3498 historiae
1915 3428 2145 3498 considerate.

115 3537 181 3633 qui
211 3562 291 3608 cum
317 3549 432 3606 essent
453 3536 674 3618 astutissimi,
706 3535 811 3604 ambo
833 3558 914 3603 eum
937 3532 1109 3605 ludificati
1158 3531 1305 3614 Monet,
1329 3546 1370 3602 ot
1393 3530 1585 3619 cogitemus
1607 3530 1647 3597 in
1669 3529 1777 3600 tantis
1798 3528 1949 3597 miseriis
1971 3523 2148 3598 humanae
2242 3551 2247 3558 ·

117 3652 215 3714 sunt.
257 3638 327 3710 Sed
342 3639 486 3732 utrique
501 3638 628 3716 accidit
642 3636 823 3729 aliquanto
839 3630 998 3727 posthoc
1011 3635 1106 3727 quod
1158 3636 1270 3719 vitae,
1295 3628 1364 3703 hoc
1385 3656 1526 3726 quoque
1549 3655 1650 3722 saepe
1671 3630 1848 3712 accidere,
1873 3641 1912 3698 ut
1928 3629 2148 3716 tristissimae

117 3741 268 3810 dicitur:
298 3735 433 3864 peperci
460 3731 611 3832 ἀλώπηξ
640 3729 748 3837 μόγις
776 3731 981 3821 ἁλίσκεται,
1016 3730 1108 3808 ἀλλὰ
1159 3736 1357 3808 discordiae
1380 3737 1425 3803 ab
1449 3733 1642 3802 ambitione
1665 3744 1699 3801 et
1720 3730 1798 3800 aliis
1821 3731 2002 3801 furoribus
2022 3729 2149 3803 Ponti-

116 3839 223 3934 ὅμως
245 3836 443 3916 ἁλισκεται.
497 3839 660 3910 Valesius
682 3839 786 3910 etiam
810 3864 851 3910 eo
875 3840 1025 3910 multum
1044 3859 1107 3908 no·
1148 3842 1264 3926 ‚ficum
1289 3850 1324 3906 ct
1348 3829 1666 3932 sycophantarum,
1692 3834 1753 3927 qui
1774 3832 1914 3901 venales
1928 3833 2067 3922 linguas
2083 3828 2149 3903 ha-

118 3945 194 4015 cuit
206 3943 409 4028 Ludovico,
434 3944 529 4036 quod
545 3943 590 4012 ab
604 3964 647 4011 eo
664 3937 860 4029 Iohannem
876 3939 1108 4030 regemBoie-
1159 3945 1263 4026 bent,
1306 3939 1426 4042 quales
1465 3962 1561 4007 nunc
1599 3947 1683 4005 scint
1721 3929 1937 4026 Staphylus,
1974 3931 2149 4019 Cauisius,

115 4045 211 4116 miae
229 4045 411 4124 abstraxit,
434 4046 730 4138 quisueratantca
746 4035 984 4138 παραστάτης
998 4041 1108 4134 ipsius
1159 4041 1386 4116 Cressanicus
1416 4054 1450 4110 et
1472 4039 1624 4122 similes,
1656 4037 1836 4116 oriantur,
1868 4035 2059 4129 inquibus
2082 4032 2150 4105 hoc

118 4148 157 4216 in
187 4147 358 4224 omuibus
385 4147 501 4221 bellis.
557 4142 739 4216 Disiunxit
767 4168 803 4214 se
829 4169 848 4214 a
870 4143 1053 4214 Ludovico
1076 4157 1109 4214 et
1159 4143 1348 4217 consilium
1379 4139 1613 4211 rectissimum
1638 4152 1672 4208 et
1697 4136 1913 4208 tutissimum
1937 4151 2008 4222 cst,
2041 4160 2149 4229 quae·

120 4247 350 4320 Trevirensis
371 4244 536 4332 Elector,
565 4247 627 4339 qui
647 4259 750 4317 antea
772 4245 870 4316 velut
891 4259 1012 4336 pectus
1034 4246 1109 4316 eius
1160 4271 1237 4320 rere
1251 4242 1433 4314 veritatem
1447 4243 1486 4310 in
1501 4241 1678 4320 sontibus,
1700 4238 1863 4308 videlicet
1881 4236 2078 4328 inscriptis
2092 4238 2149 4305 di-

120 4351 252 4436 luerat,
279 4363 313 4419 et
324 4351 486 4419 omnium
501 4347 730 4418 consiliorum
745 4348 973 4434 gubernator.
1011 4344 1109 4417 ldem
1159 4346 1293 4418 vinitus
1307 4343 1464 4428 traditis,
1488 4337 1581 4413 hanc
1598 4352 1801 4412 constanter
1814 4337 1987 4428 amplecti,
2014 4352 2049 4409 et
2061 4363 2148 4409 con-

79 4491 82 4498 ,
121 4453 252 4522 deinde
273 4445 1109 4522 incitatoretadiutorestCaroloBoiemicoin
1160 4449 1239 4522 silla
1277 4461 1311 4517 et
1339 4445 1495 4516 actiones
1518 4443 1678 4532 ,dirigere
1709 4443 1753 4510 ad
1782 4461 1945 4510 normam
1976 4440 2149 4510 divinitus

120 4553 295 4645 petitione
314 4552 468 4644 imperii.
519 4551 624 4624 Tales
641 4551 835 4622 amicorum
853 4550 1111 4620 inconstantiae
1159 4562 1410 4628 monstratam,
1435 4571 1499 4615 nec
1519 4547 1572 4616 ira
1594 4559 1629 4614 et
1646 4542 1839 4633 cupiditate
1854 4540 2032 4610 vindictae
2047 4541 2092 4610 ab
2109 4565 2149 4611 ea

123 4655 187 4725 etsi
209 4654 247 4722 in
272 4656 479 4746 quotidiana
502 4654 574 4723 vita
589 4653 738 4724 usitatae
756 4666 857 4736 sunt,
881 4665 922 4722 ut
935 4650 1036 4721 Plato
1054 4651 1111 4719 in·
1160 4675 1287 4723 norma
1309 4643 1484 4734 abstrahi,
1509 4671 1575 4716 nec
1599 4645 1801 4716 curiositate
1825 4663 1970 4710 movere
1991 4667 2066 4712 non
2086 4666 2150 4712 ne-

123 4757 217 4850 quit:
246 4751 344 4843 ζῶον
360 4748 469 4850 φύσει
484 4749 770 4852 εὖμτταίβολανό
786 4747 903 4849 φίλος.
947 4748 994 4823 Et
1008 4753 1111 4845 poe‘ta
1162 4754 1329 4837 cessaria,
1354 4751 1461 4820 simul
1485 4763 1601 4819 autem
1628 4744 1746 4816 aDeo
1766 4758 1884 4835 petere
1911 4757 1945 4812 et
1968 4759 2149 4834 expectare

124 4858 226 4929 dicit:
253 4852 390 4928 Omnia
413 4869 618 4942 vertuntur,
643 4871 737 4928 certe
758 4869 945 4928 vertuntur
960 4878 1111 4924 amores:
1162 4855 1334 4926 auxilinm
1371 4853 1469 4924 iuxta
1504 4852 1653 4922 dictum:
1695 4844 1914 4918 Commendo
1946 4841 2022 4928 Deo
2055 4846 2148 4932 viam

123 4972 243 5030 tamen
268 4958 307 5028 in
331 4959 613 5030 dissensionibus
637 4959 804 5030 civilibus
824 4957 938 5028 multo
955 4956 1112 5026 crebrio-
1163 4971 1260 5029 tuam
1284 4970 1317 5026 et
1340 4977 1441 5046 spera
1465 4954 1624 5034 ineam,
1650 4962 1684 5018 et
1706 4948 1780 5038 ipse
1805 4944 1919 5020 faciet.
1970 4945 2026 5020 Eo
2041 4949 2147 5024 etiam

125 5084 180 5130 res
193 5076 228 5134 et
242 5061 417 5132 saeviores
430 5075 516 5132 sunt
529 5063 752 5133 voluntatum
766 5059 992 5130 mutationes.
1029 5056 1111 5128 Non
1163 5055 1331 5130 historiae
1354 5052 1463 5126 huius
1484 5049 1724 5130 consideratio¹
1743 5050 1906 5140 prodest,
1932 5049 2017 5141 quia
2032 5063 2151 5132 osten,-

126 5175 262 5236 tantum
278 5165 490 5235 deseruntur
503 5163 623 5248 amici,
643 5165 702 5232 sed
720 5163 824 5232 etiam
840 5185 882 5232 ex
894 5160 1113 5230 coniunctis·
1162 5160 1216 5230 dit
1245 5158 1436 5229 discrimen
1462 5152 1652 5225 ministerii
1681 5148 1876 5240 evangelici
1906 5163 1941 5218 et
1969 5151 2150 5239 potestatis

10 5301 12 5310 ,
125 5265 222 5336 simis
250 5265 343 5336 liunt
371 5265 607 5336 crudelissimi
639 5260 766 5336 hostes.
833 5261 953 5351 Quare
983 5261 1113 5331 talibus
1162 5261 1345 5354 politicae,
1370 5258 1465 5354 quod
1487 5255 1712 5326 notissimum
1727 5275 1801 5324 esse
1818 5251 1984 5321 omuibus
2002 5264 2150 5340 oportet,

127 5367 344 5461 temporibus
374 5366 577 5460 saepissime
599 5388 665 5435 nos
688 5364 1046 5438 commonefaciamus
1069 5365 1113 5434 de
1163 5378 1198 5436 et
1214 5387 1314 5456 saepe
1328 5359 1554 5534 cogitanplppr
1569 5369 1629 5430 est.
