4682 5826
37 319 112 390 sss
614 257 621 272 ⁶
787 243 1323 396 'pausostrtortaa
1556 287 1562 301 '
2008 319 2107 426 434,

136 482 314 561 LXXIX.
348 479 457 576 Quod
472 497 506 556 et
522 482 587 556 ubi
602 475 834 568 sitEoclesia,
858 505 899 552 ex
914 479 1042 560 defini·
1076 479 1309 581 sessionum.
1363 477 1600 557 Mouetsnim
1622 485 1757 581 aliquid
1784 488 1945 579 caliginis
1968 504 2002 564 et
2023 493 2080 564 in·
2195 488 2223 518 *¹

38 592 133 660 tione
152 588 314 678 intelligi
330 600 456 679 potest.
495 583 740 666 Certissimpm
767 597 819 656 est
840 582 937 654 enim
958 583 1041 652 illos
1092 581 1494 668 firmitatis-instuctis,
1511 583 1685 674 etPaulos
1701 589 1835 685 inquit:
1860 591 2024 666 hffirmoc
2041 595 2080 668 in

38 687 209 762 homines
235 703 269 760 et
291 689 375 762 illos
401 702 521 763 coetus
544 712 618 758 non
642 704 715 758 esse
735 681 934 767 ¹Ecclesiam
960 683 1040 766 Dei,
1091 683 1159 754 lide
1174 685 1359 770 assumite,
1379 683 1825 784 Romondecimoquarto.

40 794 95 886 qui
111 805 179 863 aut
193 812 342 883 prorsus
356 787 782 882 ignorantEvangelium,
808 801 870 858 aut
884 787 1039 880 aliquem
1098 843 1103 850 .
1191 782 1359 863 LXXXI.
1401 783 1458 858 Ad
1475 787 1841 866 unitatem'Ecc'losioe
1856 818 2081 893 nequaquam

40 893 238 984 articulum
268 892 511 974 fundamenti,
545 891 587 986 io,
616 905 688 976 est,
725 891 880 984 aliqmm
908 888 1040 964 articus
1090 887 1285 960 necessaria
1306 902 1357 960 est
1379 889 1576 966 sbuilttudo
1600 895 1880 968 ceremoniarum
1902 894 2080 974 humana-

37 999 108 1066 lum
127 995 242 1078 tidei,
268 1007 328 1068 aut
345 989 718 1082 doctrinamDecalogi
734 1003 955 1084 oppugnant,
978 1002 1040 1062 aot
1090 1009 1193 1073 rum,
1218 990 1301 1062 tdeo
1318 992 1534 1068 dictumest:
1567 991 1681 1066 Nemo
1703 1020 1770 1068 vos
1787 1010 1912 1090 arguat
1934 1001 1973 1072 in
1995 1005 2077 1076 cibo

37 1089 231 1168 'manifesta
255 1097 587 1204 idulpdctendunt.
644 1091 715 1166 Hic
738 1107 822 1166 nota
847 1094 919 1164 sint
941 1088 1040 1165 testi·
1091 1103 1253 1183 etpotu,
1281 1093 1320 1170 in
1341 1093 1470 1167 ritibus
1491 1095 1631 1166 dierum
1654 1098 1839 1172 festorum.
1886 1099 1992 1192 ,Hanc
2012 1107 2078 1178 do.

45 1199 158 1268 morlia
176 1185 517 1293 Ioban,.‘,g.quintos
552 1195 626 1284 Qui
641 1221 716 1268 non
739 1191 893 1286 bonopat
913 1187 1039 1280 filium,
1090 1195 1240 1274 utrinam
1256 1194 1338 1268 sciri
1356 1210 1574 1284 accenseat,
1599 1221 1645 1270 ne
1657 1200 1719 1270 alii
1733 1203 1972 1277 condemnent
1988 1207 2078 1281 elios

44 1325 109 1370 non
149 1275 315 1394 bonoiit
341 1315 490 1394 patrem.
554 1296 665 1385 ltem,
698 1299 730 1372 t.
755 1293 963 1370 Corinthios
984 1297 1038 1371 ic:
1090 1308 1237 1400 prepter
1256 1296 1565 1376 dissimilitudines
1594 1299 1634 1370 iu
1663 1301 1792 1376 ritibus
1811 1299 1997 1394 humanis,
2036 1323 2080 1384 ut

47 1401 113 1481 lor.
125 1403 451 1482 ¹lamentumaliod
465 1394 551 1494 poni
569 1425 643 1472 oon
662 1413 792 1492 potest,
816 1423 925 1494 quam
941 1397 1039 1492 quod
1090 1411 1174 1473 sunt
1184 1400 1430 1473 contentiones
1443 1403 1489 1470 de
1505 1417 1596 1493 pane
1615 1426 1758 1499 azymo,
1789 1407 1834 1476 de
1855 1409 2080 1498 temnentem,

48 1505 199 1596 positum
234 1518 310 1592 est,
348 1507 444 1599 quod
473 1517 524 1577 est
550 1499 657 1578 tace
679 1491 865 1576 Christus.
894 1551 901 1562 .
935 1499 1038 1585 Item,
1090 1501 1135 1572 de
1155 1499 1317 1587 ieiuniis,
1344 1504 1389 1574 de
1403 1503 1607 1576 discrimine
1626 1504 1800 1582 ciborum.
1851 1506 1941 1582 Vult
1958 1504 2078 1584 autem

51 1605 160 1680 Galat.
181 1607 238 1678 1.:
273 1606 410 1700 Siquis
431 1605 528 1680 atad
547 1602 782 1696 Evangelium
804 1607 926 1690 docet,
950 1626 1039 1674 ane·
1091 1602 1249 1692 conspici
1271 1600 1367 1680 Deus
1391 1605 1593 1678 libertatem
1610 1607 1649 1676 iu
1669 1602 1727 1678 lm
1747 1609 1878 1681 ritibus
1900 1606 2080 1697 humanis,

50 1707 159 1779 thema
173 1707 234 1780 sit.
287 1707 445 1790 Tantum
461 1707 570 1797 igitur
586 1707 640 1776 illi
657 1701 820 1776 homines
837 1719 872 1778 et
887 1705 942 1776 illi
957 1721 1040 1776 coe·
1091 1729 1136 1774 ne
1151 1705 1365 1778 delabantut.
1376 1701 1541 1782 leminea
1564 1709 1602 1777 in
1623 1731 1761 1785 errores
1779 1707 2017 1802 pharisaicos,
2042 1722 2079 1789 et

52 1826 98 1908 top
120 1823 207 1882 sunt
233 1811 395 1882 membra
411 1805 606 1894 Ecclesiae,
630 1808 836 1902 ubicunque
850 1820 951 1892 sunt,
976 1805 1040 1900 qui
1090 1807 1317 1897 putenttales
1334 1821 1494 1879 externas
1516 1811 1779 1882 observationes
1803 1836 1877 1884 esse
1896 1816 2078 1890 iusticiam

53 1911 311 2002 amplectuntur
337 1907 525 2000 Evangelii
555 1910 753 1984 doctrinam
786 1911 1040 2002 incorruptam,
1091 1901 1295 2001 Evangelii,
1334 1910 1418 1980 item
1435 1911 1659 1984 essemerita
1679 1913 1896 1987 remissionis
1917 1932 2078 2010 peecato-

54 2025 83 2082 et
97 2037 305 2107 quanquam
322 2013 383 2082 alii
399 2013 480 2103 plus
495 2011 556 2082 alii
574 2012 692 2083 minus
706 2011 797 2082 lucis
810 2003 962 2098 habent,
986 2025 1042 2082 ta-
1061 2045 1062 2048 *
1092 2033 1183 2086 rum,
1233 2004 1391 2082 Iustinus
1404 2013 1594 2104 respondet
1610 2009 1739 2086 Iudaeo
1756 2019 1929 2108 pugnanti
1944 2021 1987 2092 de
2002 2042 2078 2092 ser·

55 2137 128 2182 meu
157 2136 308 2190 necesse.
332 2129 385 2186 est
409 2137 471 2184 eos
502 2113 655 2184 retinere
684 2113 975 2198 tundamentum,
1005 2123 1041 2185 et
1091 2111 1218 2181 vandis
1241 2113 1466 2200 ceremoniis,
1501 2109 1664 2186 Christus
1695 2129 1747 2188 est
1777 2131 1898 2191 nostra
1925 2120 1997 2193 lex:
2037 2117 2104 2194 it*

56 2239 166 2285 omues
180 2216 356 2288 articulos
370 2216 473 2300 fidei,
496 2214 695 2288 doctrinam
703 2213 890 2303 Decalogi,
915 2228 951 2286 et
966 2236 1040 2284 non
1092 2214 1226 2306 dictum
1241 2215 1362 2285 dextre
1378 2215 1598 2287 intellectum
1612 2217 1850 2290 dulcissimam
1876 2222 2077 2295 doctrinam

58 2309 279 2404 pertinaciter
294 2318 482 2388 defendere
497 2317 603 2388 idola.
637 2315 719 2388 Huc
731 2317 909 2408 pertinent
927 2315 1048 2388 dietas
1094 2317 1268 2400 continet,
1294 2319 1353 2388 sed
1370 2315 1445 2410 ipse
1459 2320 1503 2388 de
1526 2319 1734 2389 ceremoniis
1748 2320 1919 2416 loquitur.
1960 2320 2077 2395 ·Cbri-

58 2410 142 2486 Ove's
162 2443 266 2492 meae
287 2437 409 2491 vocem
429 2443 543 2490 meam
558 2419 722 2493 audiunt.
773 2415 878 2490 ltem:
904 2416 1041 2510 Siquis
1093 2429 1167 2487 stus
1203 2430 1254 2487 est
1285 2417 1358 2504 lex,
1395 2415 1528 2489 scilicet
1556 2419 1719 2510 impleta,
1759 2423 1833 2515 ipse
1860 2416 2078 2515 significatur

61 2517 162 2608 diligit
180 2547 262 2608 me,
297 2543 496 2592 sermonem
525 2541 645 2590 meum
672 2520 844 2606 servabit,
884 2533 919 2590 et
941 2532 1041 2614 pater
1092 2541 1182 2609 agno
1203 2533 1373 2606 mactato,
1404 2534 1439 2591 et
1458 2521 1573 2612 ipsum
1597 2516 1766 2592 habentes
1786 2518 1956 2597 habemus
1977 2531 2077 2620 quod

61 2641 146 2692 meus
157 2624 287 2714 diliget
300 2646 401 2704 eum,
427 2636 462 2694 et
477 2621 660 2693 veniemus
682 2623 729 2692 ad
751 2645 852 2708 eum,
876 2635 913 2694 et
933 2633 1040 2692 man·
1092 2623 1149 2690 lex
1180 2619 1409 2711 significavit,
1442 2621 1532 2693 sicut
1561 2636 1595 2694 et
1616 2621 1749 2696 Paulus
1772 2623 1905 2721 inquit:
1944 2625 2076 2719 Legem

62 2717 181 2796 sionem
193 2725 296 2816 apud
311 2748 392 2796 eum
405 2723 587 2796 faciemus.
834 2725 840 2738 ¹
1092 2724 1201 2793 luisse
1227 2719 1408 2806 umbram,
1452 2720 1591 2813 Corpus
1618 2739 1734 2796 autem
1765 2749 1838 2796 esse
1869 2719 2076 2804 Christum.

146 2825 302 2900 LXXX.
344 2824 415 2896 Hic
445 2825 515 2894 ianr
543 2823 627 2896 sciri
649 2835 808 2915 oportet,
848 2823 963 2916 qualis
994 2823 1040 2894 sit
1091 2823 1222 2896 Dextro
1238 2838 1355 2896 autem
1370 2827 1628 2899 accommodari
1641 2829 1684 2896 ad
1696 2839 1805 2900 totam
1822 2829 1935 2920 legem
1950 2844 2075 2922 potest.

63 2949 131 2996 vera
144 2925 320 3012 Ecclesia.
362 2926 534 3000 Libenter
550 2927 653 2998 enim
670 2937 856 2999 cernerent
878 2921 1041 2998 homines
1092 2919 1256 2998 Christus
1279 2939 1401 2998 nostra
1425 2925 1480 2996 lex
1496 2939 1564 3013 est,
1590 2928 1722 3000 scilicet
1742 2929 1902 3022 impleta,
1936 2933 2019 3026 quia
2038 2949 2077 3008 'et

62 3031 278 3102 coniunctam
294 3031 407 3100 torma
430 3029 530 3119 regni
546 3028 700 3120 politici,
724 3028 911 3098 florentem
927 3027 1042 3120 impe-
1092 3029 1246 3114 morito,l
1271 3051 1333 3100 seu
1359 3027 1593 3119 imputatione
1621 3043 1655 3100 et
1677 3033 1997 3108 communicatione
2018 3036 2076 3106 sui
2167 3099 2172 3109 ,
2239 3047 2247 3054 “

64 3131 127 3216 rio,
171 3132 267 3204 siout
296 3127 467 3222 Episcopi
495 3131 749 3200 transformant
772 3125 966 3200 Ecclesiam
1001 3129 1041 3198 in
1087 3137 1154 3200 'seu
1170 3129 1352 3200 effectione
1369 3130 1545 3205 iustificat.
1595 3126 1751 3204 Exhibet
1766 3133 1883 3223 igitur¹
1902 3137 1999 3229 quod
2019 3137 2076 3208 lert

67 3254 200 3326 regnum
222 3232 432 3326 politicum,
471 3233 532 3304 sed
557 3227 664 3302 habet
685 3227 842 3302 Ecclesia
867 3232 1039 3325 quaedam
1092 3232 1329 3321 significabat,
1361 3233 1444 3327 quia
1466 3255 1588 3308 sumus
1607 3233 1710 3319 iusti,
1742 3233 1872 3320 idest,
1907 3229 2077 3310 habentes

68 3356 137 3404 vera
159 3337 277 3427 signa,
305 3333 435 3429 quibus
455 3333 595 3424 agnosci
615 3343 746 3425 potest:
772 3331 906 3402 Vocem
917 3327 1040 3402 Evan—
1091 3333 1338 3410 remissionem
1355 3347 1575 3424 peccatorum
1598 3347 1631 3405 et
1649 3335 1971 3408 reconciliationem
1993 3362 2079 3433 pro·

69 3435 139 3522 gelii
171 3439 436 3526 incorruptam,
473 3434 648 3525 legitimos
675 3456 760 3507 usus
792 3431 1041 3503 Sacramentu-
1091 3447 1171 3525 pter
1197 3434 1446 3520 mediatorem,
1487 3433 1602 3506 Deum
1636 3448 1671 3507 et
1696 3431 1878 3506 bominem
1909 3439 2000 3522 fide,
2042 3453 2077 3512 et

70 3557 156 3624 rum,
178 3553 213 3611 et
236 3537 477 3610 obedientiam
503 3536 658 3606 debitam
680 3534 892 3607 ministerio.
943 3531 1040 3604 Haec
1091 3535 1200 3604 simul
1215 3530 1384 3605 habentes
1398 3535 1512 3627 ipsum
1534 3537 1597 3631 qui
1617 3537 1657 3604 in
1679 3538 1784 3607 nobis
1805 3552 1857 3609 est
1877 3539 2016 3622 efficax,
2042 3543 2106 3613 et·

71 3638 155 3726 signa
183 3642 332 3713 auribus
364 3653 397 3708 et
429 3638 540 3708 oculis
571 3636 721 3706 iudicari
744 3648 913 3727 possunt,
950 3658 1040 3730 quae
1093 3636 1248 3707 viviticat
1275 3661 1341 3706 nos
1368 3638 1414 3706 ad
1444 3637 1552 3706 vitam
1583 3650 1781 3724 aeternam,
1823 3639 1913 3712 sicut
1935 3641 2073 3736 inquit:

71 3741 198 3829 quidem
212 3755 247 3814 et
260 3763 403 3812 necesse
417 3752 468 3810 est
483 3737 717 3825 considerari,
742 3749 784 3808 ut
795 3736 958 3822 sciamus,
983 3735 1042 3807 cui
1092 3733 1170 3826 Ego
1186 3739 1296 3808 vitam
1312 3751 1489 3808 aeternam
1506 3739 1551 3808 do
1567 3739 1628 3812 eis.

72 3845 173 3912 coetui
189 3869 252 3916 nos
267 3844 461 3932 adiungere
476 3842 676 3914 debeamus.
725 3837 799 3911 Nec
812 3837 963 3909 dubium
980 3851 1044 3922 est,
1192 3835 1377 3914 LXXXII.
1411 3837 1457 3908 ln
1470 3839 1751 3912 consideratione
1765 3841 1879 3937 qualis
1895 3841 1942 3915 sit
1952 3837 2078 3917 Eccle-

73 3939 105 4007 in
118 3937 169 4013 his
184 3924 269 4038 ipsis
286 3943 445 4018 coetibus
465 3945 604 4036 aliquos
628 3964 700 4012 esse
725 3940 872 4026 electos,
904 3938 1043 4010 etiamsi
1093 3940 1163 4025 sia,
1189 3963 1328 4010 necesse
1345 3956 1396 4012 est
1412 3941 1514 4011 etiam
1532 3941 1638 4028 scire,
1664 3942 1703 4012 in
1723 3937 1788 4014 bac
1809 3945 1882 4035 vita
1901 3945 2078 4022 admixtos

74 4043 163 4114 multi
180 4047 328 4120 admixti
352 4057 456 4131 sunt,
495 4045 653 4140 quinon
676 4056 760 4116 sunt
783 4042 912 4126 sancti,
946 4041 1043 4111 iuxta
1094 4063 1168 4112 esse
1188 4041 1318 4112 sanctis
1337 4043 1470 4113 multos
1489 4066 1564 4114 non
1589 4057 1746 4130 sanctos,
1777 4046 1863 4117 item
1882 4047 2078 4118 'subiectam

75 4139 190 4214 dictum
212 4145 337 4219 Esaiae
364 4148 498 4241 primo:
535 4145 615 4215 Nisi
635 4143 816 4216 Dominus
844 4143 1044 4237 reliquisset
1094 4166 1167 4214 esse
1190 4143 1287 4212 cruci
1314 4157 1348 4215 et
1373 4166 1528 4237 sparsam
1550 4143 1589 4212 in
1611 4143 1748 4216 diversa
1772 4149 1900 4218 mundi
1918 4147 2079 4238 imperia,

76 4245 166 4316 nobis
180 4272 319 4334 semen,
344 4250 435 4321 sieut
451 4248 605 4319 Sodoma
623 4269 788 4320 essemus.
835 4241 885 4315 Et
900 4247 945 4314 ad
960 4244 1044 4314 uni·
1095 4268 1160 4314 nec
1180 4239 1375 4336 Evangelio
1404 4244 1571 4316 constitui
1599 4269 1710 4317 unum
1741 4247 1889 4341 aliquod
1916 4269 2077 4336 regnum,

77 4353 169 4416 tatem
182 4347 360 4424 Ecclesiae
375 4370 567 4421 consensus
584 4347 624 4416 in
646 4342 703 4416 bis
724 4347 839 4418 tribus
854 4347 961 4416 rebus
979 4368 1044 4414 ne-
1095 4344 1192 4439 quod
1229 4344 1473 4438 corporalibus
1511 4347 1696 4438 praesidiis
1733 4349 1898 4418 desendat
1929 4361 2079 4421 sanctos.

78 4449 232 4521 cassarius
252 4469 323 4540 est,
355 4451 535 4535 videlicet,
567 4450 607 4517 in
629 4449 788 4518 ‹loctrina
811 4445 1045 4530 fundamenti,
1094 4446 1192 4520 Haec
1207 4448 1294 4517 scire
1308 4469 1448 4517 necesse
1470 4460 1539 4532 est,
1564 4471 1610 4518 ne
1636 4449 1793 4521 offendat
1814 4471 1880 4520 nos
1904 4444 1991 4520 haec
2015 4453 2079 4522 de·
2176 4471 2177 4474 ’

78 4541 111 4610 in
123 4570 185 4620 usu
201 4551 356 4643 legitimo
374 4553 701 4635 sacramentorum,
731 4561 766 4617 et
782 4547 822 4618 in
835 4548 1044 4640 praestanda
1075 4541 1078 4548 ’
1094 4549 1276 4636 formitas,
1298 4549 1393 4641 quod
1411 4549 1515 4620 multi
1530 4573 1605 4619 non
1621 4550 1831 4621 sanctisunt
1847 4549 1992 4621 admixti
2007 4549 2080 4623 Ec-

78 4643 261 4725 obedientia
290 4656 407 4726 debita
435 4651 647 4734 ministerio,
708 4645 752 4718 ld
778 4661 849 4734 est,
885 4647 1045 4740 Populus
1096 4650 1230 4720 clasiae.
1283 4647 1370 4719 item
1377 4697 1391 4742 ,
1418 4652 1514 4746 quod
1530 4651 1606 4720 sine
1621 4664 1716 4723 certo
1731 4649 1879 4743 imperio
1898 4674 2016 4742 sparsa
2028 4667 2082 4726 est

80 4749 186 4822 audiat
213 4757 430 4837 doctrinam,
470 4757 688 4845 obtemperet
716 4749 867 4826 iudiciis.
937 4747 1045 4820 Com-
1094 4753 1134 4820 in
1167 4751 1359 4832 mundum,
1399 4765 1434 4821 et
1467 4752 1671 4840 ingentibus
1704 4753 1882 4822 aerumnis
1912 4753 2080 4826 subiecta.

79 4844 197 4932 plector
215 4859 309 4930 enim
324 4857 454 4932 iudicia
469 4881 550 4928 cum
564 4853 715 4926 nomino
729 4852 966 4925 obedientiam
983 4851 1047 4922 de·
1095 4850 1176 4923 Huc
1191 4851 1371 4945 pertinent
1387 4853 1480 4924 dicta
1496 4849 1671 4924 Matthaei
1694 4853 1936 4925 decimotertio
1961 4857 2006 4925 de
2025 4881 2082 4928 sa·

81 4943 180 5021 bitom
193 4959 399 5033 ministerio.
450 4957 537 5030 Item
559 4982 605 5029 ne
629 4955 735 5028 saciat
753 4954 1045 5026 distractionesa
1096 4977 1183 5045 gena
1199 4953 1302 5023 missa
1328 4954 1366 5023 in
1383 4978 1489 5025 mare.
1541 4952 1647 5040 Item,
1679 4955 1776 5046 quod
1795 4977 1869 5024 non
1892 4959 2082 5030 constituat

85 5060 248 5128 conmuni
274 5063 437 5134 societate
460 5057 648 5131 Ecclesiae.
710 5053 759 5128 Et
788 5069 875 5126 cum·
897 5055 1045 5124 nomino
1096 5055 1261 5147 imperia,
1293 5056 1329 5129 2.
1344 5052 1507 5128 Corinth.
1527 5056 1602 5130 10.:
1636 5052 1747 5126 Arme
1769 5056 1916 5126 militiae
1939 5073 2081 5130 nostrae

87 5166 276 5232 consensum
296 5165 337 5233 in
358 5165 611 5248 fundamento,
642 5159 837 5255 requiritur
856 5179 1047 5226 consensus
1097 5180 1172 5225 non
1196 5170 1279 5226 sunt
1300 5158 1465 5228 carnalia.
1518 5153 1606 5225 ltem
1629 5156 1674 5225 de
1696 5179 1814 5228 cruce:
1844 5155 1884 5229 st
1904 5159 1985 5252 quis
2004 5161 2082 5232 vult

87 5240 286 5334 inarticulis
305 5266 389 5336 fidei
411 5277 446 5336 et
470 5263 507 5331 in
529 5260 725 5350 Decalogo,
775 5260 911 5329 etiamsi
941 5281 1047 5350 supra
1097 5279 1154 5326 me
1171 5259 1283 5351 sequi,
1310 5259 1410 5329 tollat
1425 5279 1562 5328 crucem
1579 5277 1677 5326 suam
1692 5271 1727 5330 et
1740 5271 1906 5352 sequatur
1921 5283 1990 5332 me.
2012 5259 2083 5329 Hic

88 5343 336 5438 fundamentum
350 5368 414 5439 alii
430 5389 556 5436 aurum
571 5361 635 5432 alii
650 5361 797 5452 stipulas
815 5372 992 5443 extruunt,
1015 5371 1049 5427 et
1097 5361 1242 5452 prodest
1265 5359 1368 5444 etiam
1394 5379 1513 5428 causas
1534 5359 1705 5448 cogitare,
1737 5384 1846 5454 quare
1866 5357 2083 5434 Deusvelit

90 5446 207 5543 aliquid
228 5472 355 5542 erroris
376 5464 509 5539 habent
529 5463 652 5551 multi,
685 5475 721 5532 et
744 5461 955 5555 aliquidest
976 5461 1049 5529 dis-
1098 5455 1291 5532 Ecclesiam
1305 5460 1498 5531 subiectam
1516 5482 1589 5531 esse
1605 5461 1728 5536 cruci·

131 5548 301 5639 Micam.
328 5577 433 5643 Orsa.
459 5572 542 5637 Vos.
568 5567 646 5635 ΧΠ·
741 5647 743 5652 2
1095 5673 1112 5698 ,
1392 5561 1443 5634 28

1375 5771 1502 5800 ,Α
1537 5768 1629 5800 Α.
