4696 5820
232 269 302 342 ast
630 247 788 324 DECL.
830 241 905 322 DE
938 237 1259 319 CHARlTUM
1293 235 1866 320 APPELLATlONlBUS.
2192 249 2267 332 382

236 439 303 511 No.
324 435 407 508 172.
532 421 534 426 ’
1060 417 1227 488 ao.1559.
1279 413 1422 499 cordia,
1453 427 1489 487 et
1515 413 1561 488 de
1584 415 1691 486 modo
1713 415 1919 490 retinendae
1942 419 2154 494 concordiae
2174 424 2266 496 inter

244 531 415 563 *0⁸⁴
1049 508 1220 540 Μ
1279 515 1431 605 gemitus
1448 527 1494 611 ‘et
1522 516 1695 610 lacrymas
1724 519 1852 608 cogito.
1921 516 2020 609 Quid
2049 537 2165 615 potest
2194 525 2266 597 diei

346 657 420 741 De
452 648 691 738 cham-tum
720 637 1124 755 appellatio-nibus·
1279 617 1395 688 maius
1418 611 1484 688 hac
1508 618 1713 707 gravissima
1733 629 1819 692 voce
1836 615 2027 695 Iohannis:
2053 619 2153 698 Deus
2175 627 2267 696 dile-

199 805 205 826 ·
586 815 588 818 1
1280 719 1350 790 ctio
1372 732 1441 808 est,
1466 719 1531 812 qui
1552 735 1671 792 manet
1693 719 1733 790 in
1756 721 1965 809 dilectione,
1987 725 2029 794 in
2042 721 2119 797 Deo
2135 743 2266 809 manet,

309 851 338 904 tn
359 845 486 931 Oratioa.
504 842 540 894 Τ.
553 838 587 921 ll.
605 855 631 913 p.
642 835 691 888 tso
704 851 777 914 sqq„
802 831 873 902 apud
893 828 1020 884 Richard.
1039 827 1073 884 T.
1083 826 1115 883 ll.
1133 827 1228 900 peto
1280 833 1315 890 el
1328 816 1426 891 Deus
1444 818 1481 888 ln
1498 820 1564 890 eo?
1611 817 1701 892 Inde
1714 820 1892 896 iudicetur
1907 823 1994 918 quid
2012 827 2059 898 de
2072 828 2177 900 furiis
2193 829 2268 899 illis

335 909 611 1042 {tsussbgfssnfflffjbl'
631 911 777 976 l⁰⁸¹'‘¹¹¹¹⁸
797 919 821 971 Ρ·
835 897 895 954 ¹⁸⁸·
931 897 974 954 ct.
995 897 1045 970 Ep.
1064 895 1132 953 Met.
1153 895 1181 951 ‘¹'
1200 895 1227 952 ἆ·
1281 921 1507 992 sentiendum
1524 922 1591 1008 sit,
1615 946 1706 1018 quae
1720 937 1782 996 aut
1796 926 1993 1020 praestigiis
2008 924 2266 1022 sophismatum

1280 1035 1374 1093 recte
1393 1022 1523 1094 tradita
1544 1038 1796 1116 corrumpunt,
1825 1040 1886 1098 aut
1908 1029 2072 1101 ardentes
2094 1031 2187 1103 odiis
2210 1032 2269 1100 in-

243 1181 373 1252 strutio
396 1171 442 1245 de
459 1165 654 1242 (iberitam
669 1155 1005 1253 appellationihtssg
1028 1159 1190 1227 recitata
1204 1177 1229 1228 u
1279 1123 1381 1242 fifffl
1407 1125 1564 1194 membffl
1583 1139 1746 1243 ‘fuum‘
1764 1151 1886 1246 §tuam-
1900 1151 2026 1200 tanate
2047 1133 2207 1214 malunt,
2234 1147 2269 1202 et

227 1293 228 1296 ’
268 1264 690 1366 Dccunopltilosopltice
717 1259 917 1353 (Esromo
942 1257 1204 1356 Rudipero),
1281 1222 1338 1298 ¹¹¹⁸
1355 1223 1833 1300 du⁰b⁰⁸m⁰d¹⁸E⁰cl²³1³m
1849 1226 2066 1304 distrahunt.
2117 1231 2269 1304 Prorsus

613 1366 672 1441 15.
688 1365 863 1461 Aupuats‘.
901 1363 905 1373 '
1281 1330 1401 1398 abesse
1426 1327 1471 1398 ah
1498 1321 1655 1399 Ecclesia
1678 1323 1907 1421 sophisticam
1938 1333 2108 1426 oportuit.
2172 1332 2270 1406 sim.

1129 1465 1134 1474 ·
1280 1429 1378 1521 plex,
1404 1427 1607 1522 perspicua,
1634 1441 1669 1500 et
1680 1431 1827 1504 immota
1842 1432 1970 1504 veritas
1983 1447 2051 1506 est:
2077 1431 2161 1506 Non
2171 1431 2270 1506 Deus

240 1543 482 1626 ¹iustissimum
497 1551 566 1624 est,
589 1558 676 1621 nos,
699 1555 781 1605 cum
795 1529 964 1602 omnihus
979 1528 1059 1600 aliis
1072 1523 1231 1599 honestis
1282 1530 1405 1600 volens
1427 1529 1642 1622 impietatem
1666 1545 1706 1602 tu
1722 1555 1770 1603 es.
1820 1528 1994 1629 Adeoque
2008 1536 2203 1607 necessaria
2216 1549 2271 1607 est

244 1649 461 1726 actionibus,
486 1656 563 1713 lum
584 1661 669 1708 veto
693 1634 734 1704 in
754 1628 811 1703 his
827 1631 1070 1722 congressibus
1084 1628 1148 1723 qui
1164 1629 1231 1698 do-
1282 1631 1484 1704 obedientia
1499 1626 1576 1702 Deo
1600 1634 1719 1704 dehita
1743 1634 1840 1706 iuxta
1860 1635 1972 1728 ipsius
1994 1637 2216 1710 voluntatem
2229 1637 2270 1708 in

243 1755 439 1826 ctrinarum
459 1765 561 1816 causa
581 1741 692 1822 liunt,
718 1733 832 1807 ordiri
854 1733 1051 1805 orationem
1065 1733 1110 1804 ab
1126 1730 1231 1798 invo-
1280 1735 1357 1825 lege
1381 1755 1597 1825 expressam,
1622 1746 1665 1805 ut
1686 1735 1840 1806 donatus
1860 1737 1907 1807 sit
1930 1731 2138 1809 hominihus
2161 1738 2269 1818 tilius,

244 1855 383 1928 catione
406 1845 495 1932 Dei,
527 1842 590 1938 qui
613 1842 693 1911 lons
717 1850 768 1908 est
791 1834 982 1927 sapientiae
1002 1845 1038 1904 et
1060 1830 1231 1916 iusticiae,
1283 1836 1345 1930 qui
1359 1833 1458 1906 fieret
1471 1834 1625 1926 victima,
1652 1835 1737 1930 quia
1751 1850 1872 1909 nostra
1887 1851 2014 1910 natura
2030 1840 2288 1916 obedientiam.

245 1971 280 2029 et
299 1968 341 2027 ut
364 1947 453 2022 haec
470 1969 533 2018 sua
557 1963 694 2015 summa
716 1940 811 2010 bona
830 1937 871 2006 in
892 1958 958 2006 nos
972 1948 1129 2026 spargat,
1154 1933 1232 2004 vult
1282 1936 1410 2007 amisit.
1459 1931 1534 2006 Cur
1554 1935 1650 2006 tilius
1669 1936 1711 2007 tit
1730 1937 1893 2025 victima,
1917 1937 1948 2008 si
1970 1939 2174 2012 obedientia
2194 1964 2270 2012 non

244 2061 321 2150 ipse
342 2056 476 2125 intuta
497 2042 702 2118 aeternitate
724 2041 764 2110 in
784 2038 888 2109 nohis
910 2037 1038 2106 lucere.
1087 2033 1231 2105 Mecum
1282 2052 1335 2110 est
1348 2035 1569 2108 necessaria?
1617 2035 1663 2108 lu
1680 2032 1747 2109 hac
1761 2039 1967 2133 quaestione
1983 2064 2065 2112 cum
2081 2042 2210 2112 verius
2226 2041 2272 2111 sit

245 2159 356 2250 igitur
377 2151 481 2226 initio
502 2158 703 2218 reverenter
723 2155 758 2214 et
781 2139 885 2211 castis
907 2137 1087 2208 mentibus
1107 2149 1142 2207 et
1162 2135 1232 2228 piis
1282 2139 1478 2232 perspicua,
1502 2151 1621 2209 tamen
1635 2139 1862 2232 impudenter
1878 2165 1955 2212 eam
1971 2145 2272 2238 oppugnantqui.

246 2258 378 2350 llnguis
395 2249 490 2324 hanc
505 2247 703 2320 orationem
720 2243 873 2317 recitate·
1284 2243 1365 2312 dam
1387 2239 1482 2310 ludis
1499 2233 1719 2334 sophisticis,
1743 2253 1786 2313 ut
1807 2240 1870 2335 qui
1888 2255 1980 2314 stare
1996 2243 2126 2329 solem,
2148 2255 2183 2314 et
2199 2257 2272 2314 ter-

349 2353 437 2427 Tibi
465 2351 690 2439 omnipotens
715 2341 830 2430 Dens,
870 2353 1010 2412 aeterne
1031 2335 1137 2409 Pater
1156 2336 1233 2409 Do-
1283 2343 1368 2414 ram'
1395 2339 1533 2412 moveri
1564 2341 1803 2434 disputarunt.
1870 2337 1920 2414 Et
1948 2365 2086 2434 possem
2113 2345 2272 2436 exempla

296 2458 388 2533 mini
416 2453 533 2526 nostri
557 2449 637 2521 lesu
657 2441 810 2531 Christi,
843 2453 980 2514 creator
999 2438 1138 2532 generis
1162 2433 1233 2509 hu·
1283 2444 1388 2536 plura
1406 2465 1692 2514 commemorare.
1742 2439 1820 2515 Alii
1838 2466 1924 2514 vero
1944 2444 1984 2514 in
1998 2445 2111 2516 causis
2126 2446 2272 2516 leviori-

183 2567 190 2574 '
295 2559 413 2646 mani,
444 2578 516 2628 una
539 2573 620 2622 cum
642 2549 717 2618 tilio
739 2560 802 2618 tuo
825 2542 982 2615 Domino
1007 2553 1129 2611 nostro
1153 2535 1234 2610 lesu
1284 2547 1352 2616 bus
1367 2544 1451 2614 odio
1467 2544 1648 2632 serviunt,
1672 2567 1752 2615 mm
1765 2567 1909 2637 parem
1923 2545 2075 2617 infimi,
2090 2547 2272 2622 deberem·

297 2659 442 2736 Christo
457 2669 493 2727 et
507 2652 646 2746 Spiritu
661 2664 722 2721 tuo
740 2658 860 2718 sancto
876 2643 1004 2734 gratias
1017 2641 1152 2731 agimus
1167 2663 1234 2735 pro
1285 2645 1378 2718 Sunt
1400 2644 1497 2716 enim
1519 2659 1555 2716 et
1574 2645 1614 2714 in
1636 2669 1718 2716 vera
1735 2642 1894 2717 Ecclesia
1914 2647 2044 2718 tenella
2059 2649 2221 2718 membra
2239 2664 2273 2718 et

299 2762 469 2835 omnibus
488 2751 667 2828 beneficiis
682 2749 772 2836 tuis,
796 2747 833 2816 in
849 2745 977 2839 quihus
992 2757 1026 2816 et
1040 2738 1128 2813 haec
1142 2755 1235 2828 sunt,
1284 2747 1446 2833 infirma,
1470 2746 1676 2839 praesertim
1698 2747 1737 2816 in
1760 2742 1826 2817 bac
1846 2746 2078 2840 opinionum,
2103 2761 2137 2821 et
2152 2749 2192 2818 iu
2206 2744 2274 2820 hac

298 2868 361 2938 lux
384 2876 465 2936 tuae
484 2854 687 2938 doctrinae,
711 2863 747 2921 et
766 2873 835 2920 vor
851 2843 1079 2918 honestarum
1095 2845 1236 2930 artium,
1286 2847 1494 2939 disciplinae
1527 2848 1745 2920 confusione.
1812 2845 1928 2920 Valde
1955 2849 2068 2922 multa
2093 2849 2273 2930 accidunt,

301 2980 337 3039 et
357 2961 464 3035 buius
480 2956 691 3030 Academiae
712 2949 950 3033 conservatio,
975 2961 1010 3018 et
1027 2946 1236 3036 ardentibus
1286 2971 1377 3043 quae
1396 2949 1525 3019 leniter
1547 2949 1705 3020 sananda
1728 2963 1838 3022 erant.
1889 2947 1929 3022 Si
1945 2951 2027 3044 quis
2043 2973 2118 3021 non
2132 2973 2274 3042 pugnax

299 3066 398 3138 voris
426 3079 631 3155 precamur,
662 3067 704 3124 ut
728 3051 894 3142 deinceps
918 3069 1059 3140 quoque
1080 3069 1146 3118 nos
1169 3047 1237 3116 do-
1287 3049 1407 3120 induit
1426 3061 1557 3119 vestem
1580 3050 1735 3136 lineam,
1760 3072 1825 3122 cur
1847 3063 2018 3144 tanquam
2041 3053 2273 3144 parricidium

302 3189 398 3252 reas,
430 3161 604 3254 gubernes
628 3166 664 3226 et
690 3166 870 3244 protegas,
901 3161 935 3220 et
956 3147 1057 3216 0mni
1078 3162 1237 3239 tempore
1287 3163 1323 3222 et
1337 3149 1495 3221 veritatis
1509 3150 1750 3242 proditionem
1767 3152 1944 3242 exagitas?
2332 3229 2333 3242 ἵ

197 3325 201 3334 .
299 3273 395 3348 inter
434 3265 510 3335 nos‘
533 3257 601 3331 tihi
632 3269 811 3328 aeternam
849 3245 1044 3322 Ecclesiam
1081 3249 1237 3340 colligas,
1390 3249 1493 3321 Talia
1505 3251 1617 3322 multa
1630 3277 1713 3326 cum
1725 3247 1795 3323 huc
1806 3266 1966 3346 tempore
1977 3253 2187 3342 cogitarem,
2215 3281 2276 3326 ve-

293 3370 432 3444 ·Amen.
1289 3365 1421 3426 nerunt
1444 3348 1534 3422 mihi
1557 3354 1597 3423 in
1612 3367 1765 3426 mentem
1781 3367 1898 3426 vetera
1914 3354 2009 3426 dieta
2025 3367 2060 3426 et
2074 3355 2164 3426 lacta
2181 3359 2276 3427 mul-

646 3493 848 3516 ·---··
1289 3469 1344 3543 ta,
1368 3477 1459 3549 quac
1479 3467 1564 3526 suut
1581 3455 1938 3527 commonefactiones
1953 3457 1998 3526 de
2012 3457 2222 3537 concordia,
2244 3470 2277 3528 et

351 3571 456 3645 Nunc
477 3585 548 3661 qua
564 3564 608 3635 de
624 3583 663 3631 re
678 3557 838 3628 dicturus
853 3557 941 3643 sim,
965 3553 1237 3628 uteonsuetudo
1289 3558 1335 3626 de
1355 3555 1607 3628 coniunctione
1629 3557 1762 3626 civium
1783 3557 1928 3630 tuenda.
1981 3555 2114 3630 Scribit
2135 3555 2278 3629 Aristo-

118 3695 125 3711 “
252 3676 424 3775 postulat,
444 3687 635 3760 exponam.
686 3656 853 3732 Difficilis
867 3654 957 3730 mihi
971 3660 1016 3728 de
1030 3667 1238 3748 argumento
1288 3659 1393 3742 teles,
1423 3659 1463 3726 in
1478 3659 1605 3730 mediis
1620 3657 1771 3729 urbibus
1787 3657 1895 3728 luisse
1912 3655 2120 3730 Gratiarum
2134 3661 2278 3751 templa,

254 3773 462 3852 deliberatio
492 3769 572 3842 tuit.
622 3761 715 3834 Nam
743 3761 782 3831 in
808 3754 875 3832 bos
897 3780 1104 3850 congressus
1123 3757 1238 3829 oratio
1289 3773 1331 3831 ut
1358 3761 1452 3830 rives
1473 3760 1786 3830 commonelierent
1808 3760 1853 3829 de
1871 3773 1995 3832 mutua
2018 3761 2279 3846 benevolentia,

254 3876 444 3954 adferenda
469 3881 520 3940 est
541 3890 607 3937 nec
628 3861 747 3933 inanis
766 3882 832 3930 nec
854 3862 1013 3935 molesta.
1063 3855 1140 3948 Ego
1155 3881 1239 3929 veru
1290 3863 1336 3931 de
1357 3861 1607 3942 beneficentia,
1632 3862 1676 3930 de
1698 3859 1934 3950 gratitudine,
1956 3862 2001 3932 de
2016 3862 2280 3934 condonatione

248 4005 294 4055 re
309 3982 384 4073 ipsa
395 3969 551 4063 comperi
559 3987 683 4039 verum
692 3983 766 4032 esse
776 3961 864 4034 illud
874 3959 1098 4032 Ennianum:
1124 3957 1241 4050 Aeger
1290 3962 1541 4033 offensionum.
1593 3960 1710 4033 Pauca
1732 3961 1841 4051 igitur
1862 3963 1908 4032 de
1923 3962 2102 4034 veteribus
2120 3963 2280 4055 appella-

254 4081 396 4158 animus
418 4095 554 4163 semper
573 4080 680 4140 errat.
730 4059 822 4134 Cum
843 4058 936 4134 mihi
952 4065 997 4132 ad
1016 4085 1238 4132 communem
1291 4061 1449 4135 tionibus
1467 4058 1655 4134 Charitum
1674 4062 1807 4148 dicam,
1832 4063 1915 4157 quia
1937 4057 2006 4134 hoc
2030 4078 2280 4154 argumentum

253 4178 494 4264 moesticiam,
521 4192 628 4266 quam
642 4164 788 4238 dissidia
802 4177 836 4236 et
850 4163 1066 4238 calamitates
1079 4162 1241 4255 publicae
1291 4163 1425 4256 gratius
1439 4165 1515 4234 lore
1529 4163 1688 4234 existimo
1703 4164 1857 4259 querelis
1871 4179 1907 4237 et
1921 4165 2219 4237 accusationibus.

253 4283 422 4360 omnibus
443 4271 612 4350 modestis
632 4263 840 4338 hominibus
853 4267 1036 4350 adferunt,
1060 4263 1242 4336 accesserit
1391 4260 1472 4337 Etsi
1486 4278 1603 4337 autem
1619 4265 1865 4338 commenticia
1878 4265 2027 4337 numina
2041 4260 2280 4338 Ethnicorum

254 4393 381 4480 ingens
404 4379 508 4453 dolor
529 4369 759 4451 domesticus,
783 4368 910 4438 accidit
931 4361 1022 4438 mihi
1036 4365 1132 4459 quod
1148 4364 1241 4435 dici·
1291 4367 1495 4439 detestanda
1518 4378 1620 4453 sunt,
1643 4391 1798 4460 quorum
1817 4367 1931 4438 multa
1947 4389 1988 4438 ex
2003 4367 2181 4458 allegoriis
2197 4381 2283 4436 nata

255 4507 333 4563 tur:
360 4481 455 4558 ὅπου
477 4475 582 4575 ἀλγεῖ
603 4471 677 4546 ἐκεῖ
691 4469 800 4566 χεῖρα
824 4465 911 4562 ἔχει,
937 4482 979 4540 ut
991 4466 1095 4538 etiam
1109 4465 1140 4536 si
1154 4477 1242 4536 esset
1293 4481 1392 4540 sunt:
1418 4482 1538 4541 tamen
1551 4468 1638 4563 quid
1652 4468 1756 4538 initio
1772 4466 2006 4558 significatum
2020 4468 2079 4558 sit,
2100 4467 2285 4538 studiosos

255 4591 376 4683 aliqua
390 4585 430 4654 in
442 4577 512 4652 hoc
525 4595 652 4670 genere
665 4571 811 4642 facultas
827 4593 916 4654 mes,
939 4583 1060 4642 lamen
1073 4563 1242 4640 boetem·
1293 4566 1521 4643 historiarum
1538 4569 1762 4640 considerare
1775 4570 1884 4640 timet.
1928 4565 2039 4659 Leges
2050 4581 2200 4640 naturae
2215 4593 2285 4638 no-

256 4713 344 4784 pore
370 4709 449 4756 meo
480 4681 525 4752 ad
555 4677 642 4747 tales
662 4669 978 4764 commentationes
995 4671 1147 4740 idoneus
1168 4691 1242 4740 esse
1292 4671 1429 4743 hiscum
1453 4684 1666 4752 nascuntur,
1695 4665 1763 4740 hae
1783 4671 1976 4742 ostendunt
1998 4665 2162 4740 homines
2186 4670 2286 4740 inter

257 4815 333 4862 non
356 4806 505 4880 possem.
570 4775 746 4848 Externos
771 4767 890 4843 hostes
909 4766 1046 4842 habent
1064 4765 1242 4842 Ecclesiae
1293 4796 1331 4844 se
1354 4771 1538 4844 devinctos
1559 4793 1632 4842 esse
1654 4793 1775 4842 rerum
1797 4783 1833 4841 et
1853 4771 2049 4842 officiorum
2073 4793 2288 4862 compensa·

258 4903 400 4964 nostrae
413 4878 691 4960 cmdelissimos,
717 4873 907 4968 Tyrannus
915 4871 1086 4944 Turrinus
1102 4884 1136 4943 et
1145 4869 1255 4942 Pon:
1293 4874 1410 4959 tione,
1443 4886 1480 4945 et
1510 4873 1632 4942 deberi
1659 4893 1725 4963 pro
1755 4871 1934 4943 mercibus
1961 4871 2123 4966 aequalia
2149 4873 2289 4963 precia.

256 4990 394 5069 tibcios.
443 4983 511 5056 His
524 4977 655 5054 relictis
669 4976 877 5048 dimicamus
890 4974 985 5047 inter
996 4995 1080 5059 nos,
1103 4969 1243 5047 oscad—
1293 4974 1392 5047 Haec
1411 4969 1648 5067 compensatio
1669 4971 1807 5042 iusticia
1824 4972 2041 5045 nominatur.
2094 4968 2288 5061 Quaedam

257 5095 328 5166 mei
350 5093 488 5162 fralm-
536 5081 591 5154 De
611 5077 678 5150 hac
700 5075 896 5148 calamitae
921 5098 962 5146 0⁰
986 5097 1061 5144 non
1083 5073 1171 5144 libel
1186 5074 1244 5144 di·
1296 5101 1379 5148 vero
1393 5074 1562 5162 beneficia
1575 5088 1610 5146 et
1624 5072 1739 5142 officia
1752 5074 1862 5161 gratis
1875 5073 2166 5152 tribuendaesse,
2191 5095 2290 5166 quae

258 5218 354 5280 rere,
379 5191 463 5286 qnia
486 5183 648 5276 dolorem
671 5191 826 5250 vestrum
847 5198 973 5266 augere
987 5176 1094 5262 nolo,
1115 5189 1150 5245 et
1164 5195 1244 5247 ma·
1295 5178 1431 5249 etiamsi
1445 5175 1612 5270 privatim
1626 5173 1700 5244 illis
1714 5175 1843 5268 quibus
1856 5175 2078 5258 tribuuntur,
2107 5195 2183 5244 non
2199 5186 2291 5242 sunt

260 5296 410 5391 gnitudo
432 5287 519 5359 mali
536 5293 678 5374 superat
692 5278 855 5351 omnium
871 5272 1058 5350 hominum
1075 5277 1245 5371 eloquen·
1295 5277 1435 5364 debita,
1468 5291 1587 5352 tamen
1606 5277 1746 5367 generis
1766 5271 1915 5346 huntam
1935 5274 2199 5348 conservationi
2223 5275 2293 5344 de-

257 5403 355 5474 tiam.
412 5391 526 5483 Saepe
549 5383 658 5476 igitur
678 5382 845 5456 mandata
866 5378 1008 5467 divina,
1037 5391 1071 5452 et
1093 5381 1138 5450 de
1159 5403 1245 5450 eon·
1275 5381 1437 5476 brutus.
1502 5375 1599 5450 Haec
1629 5376 1905 5452 communicatio
1923 5377 2019 5450 alias
2038 5375 2294 5456 beneficentia,
