4604 5804
97 280 103 289 =
211 267 287 344 aaa
452 263 662 346 scatent
684 269 763 344 en
787 268 905 348 unx.
929 266 997 343 an
1022 267 1150 348 msa.
1176 255 1323 342 anon.
1349 205 1418 340 un
1441 261 1634 350 anuos.
1658 267 1984 354 senesanna·
2153 280 2233 358 aas

213 441 368 512 reditum
385 435 588 527 Thebanis,
614 454 648 513 et
670 437 770 512 urhis
793 437 1086 514 instaurationem
1110 463 1198 512 con-·
1246 458 1381 532 poenae
1395 439 1621 514 comitantur.
1660 437 1813 518 Nan-et
1825 443 2050 541 ctaap'asraaa
2070 443 2231 524 sororem

215 541 335 629 cessit,
368 565 475 636 quam
501 537 739 614 Athenienses
759 547 795 613 et
817 541 878 612 alii
899 541 1030 616 Graeci
1050 542 1197 613 adiuve-
1247 536 1461 628 Alexandri,
1497 563 1620 613 recem
1650 541 2035 642 interliciAntlgonns
2065 553 2234 642 iusserat,

216 657 312 718 runt.
370 641 411 713 ld
437 645 568 714 sactum
598 657 650 715 est
676 665 771 714 anno
793 643 975 730 vicesimo,
1010 657 1197 738 postquam
1246 654 1431 735 propterea
1451 645 1549 738 quod
1573 643 1650 716 eius
1677 645 1882 738 coniugium
1904 653 2033 724 caeteri
2054 677 2153 748 reges
2168 681 2232 750 pe-

217 741 361 816 Thebae
375 745 420 815 ah
434 743 638 815 Alexandro
652 745 786 818 deletae
801 759 902 829 sunt,
927 745 1111 829 videlicet,
1131 767 1197 816 au·
1246 743 1378 820 tehant.
1429 741 1590 842 Cumque
1606 745 1677 816 iam
1694 747 2003 840 potentiasnmma
2018 755 2232 830 essetAnti-

215 867 262 916 no
277 860 399 919 octavo
416 859 663 940 postmortem
680 843 885 922 Alexandri.
1198 841 1201 850 ’
1247 843 1350 934 goni,
1378 845 1640 919 coniunxerunt
1658 869 1695 918 sa
1717 851 1886 923 adversus
1906 877 1988 925 eum
2012 879 2091 927 curn
2109 856 2233 930 Ptole-

733 1020 741 1038 ·
1247 967 1348 1016 maeo
1372 960 1408 1020 et
1429 943 1577 1018 Seleuco
1596 946 1794 1021 Cassander
1814 967 1850 1025 et
1863 951 2115 1049 Lysimachus,
2140 983 2232 1056 qnos

473 1101 476 1110 .
539 1017 605 1089 De
626 1017 873 1113 A⁸l⁸9⁰”⁰·
1248 1048 1367 1117 tamen
1386 1048 1436 1118 ita
1458 1049 1591 1140 sprevit
1607 1047 1830 1141 Antigonus,
1855 1067 1896 1126 ut
1912 1057 2064 1144 diceret,
2089 1081 2127 1131 se
2155 1059 2233 1132 dis-

312 1146 450 1222 Occiais
478 1146 667 1220 Cassandri
697 1149 780 1218 liliis
808 1148 994 1241 posteritas
1017 1142 1200 1244 Antigoni
1248 1148 1445 1240 sipaturnm
1459 1171 1533 1221 esse
1547 1172 1625 1238 cos,
1646 1165 1817 1248 tanquam
1834 1177 1959 1245 agmen
1973 1161 2112 1248 avium,
2138 1185 2232 1256 qnae

214 1252 362 1325 retinuit
385 1249 655 1337 Macedoniam,
685 1265 727 1322 ut
744 1263 865 1343 postea
888 1251 1060 1323 dicemus.
1114 1249 1196 1340 Qua
1248 1247 1469 1342 spermologi
1491 1253 1734 1325 nominantur.
1784 1253 1998 1352 Quanquam
2022 1273 2141 1333 autern
2162 1264 2233 1333 ali-

214 1355 315 1423 inre
346 1353 517 1423 iudicium
540 1351 610 1423 Dei
640 1353 893 1427 consideretur.
952 1349 1076 1424 Rediit
1099 1353 1196 1422 euim
1248 1363 1335 1443 quot
1361 1353 1499 1443 magnis
1526 1353 1668 1445 praeliis
1691 1352 1893 1445 Antigonus
1920 1357 2071 1443 vicerat,
2107 1375 2233 1434 tamen

154 1463 156 1468 ’
215 1477 363 1544 regnum
397 1456 440 1523 ad
475 1476 550 1538 eos,
595 1452 657 1548 qui
688 1477 729 1523 ex
763 1453 859 1545 regia
895 1453 1004 1543 stirpe
1038 1454 1194 1526 luerunt.
1247 1453 1391 1523 tandem
1414 1453 1454 1525 in
1477 1455 1553 1526 acie
1573 1455 1696 1526 multis
1718 1455 1928 1529 vulneribus
1947 1463 2097 1554 acceptis
2112 1465 2233 1535 extin-

215 1551 352 1625 Omnes
373 1556 468 1624 enim
487 1555 666 1638 scribunt,
698 1550 921 1645 Antigonum
945 1553 1059 1625 filium
1087 1553 1195 1626 luisse
1246 1565 1321 1623 ctus
1338 1565 1408 1639 est,
1432 1579 1512 1624 cum
1529 1556 1700 1647 attigisset
1713 1579 1848 1628 annum
1862 1563 2127 1652 octogesimum.

214 1651 374 1748 Philippi
405 1651 582 1741 Nothum,
623 1680 664 1726 ac
696 1654 791 1726 inter
822 1658 928 1727 duces
954 1656 1196 1726 antecelluisse
1346 1653 1627 1729 Hiciuitexitus
1644 1653 1832 1748 Antigoni,
1858 1662 1921 1756 qni
1941 1663 2233 1736 intersuccesso-

214 1758 456 1842 cumvictute,
481 1757 687 1848 magnitudo
705 1768 1013 1848 rerumgestarum
1029 1756 1194 1833 ostendit.
1246 1775 1300 1824 res
1330 1749 1525 1827 Alexandri
1557 1759 1687 1832 virtute
1713 1755 1893 1843 excelluit,
1925 1785 1966 1833 ac
1991 1765 2104 1836 donec
2126 1767 2230 1854 vixit,

215 1856 294 1952 lpse
311 1859 416 1930 etiam
430 1859 468 1927 in
485 1853 622 1930 Edietis
636 1871 769 1949 patrem
790 1859 954 1930 nominat
974 1853 1194 1952 Philippum.
1245 1853 1426 1927 Minorem
1448 1857 1571 1930 Asiam
1592 1873 1628 1932 et
1642 1859 1778 1932 vicinas
1792 1862 1954 1954 regiones
1969 1885 2080 1960 usqne
2094 1868 2141 1936 ad
2157 1865 2231 1962 Sy-

317 1955 436 2029 Gessit
458 1960 612 2050 primum
635 1960 770 2029 bellum
796 1962 963 2031 adversus
984 1953 1194 2045 Eumenem,
1244 1957 1334 2027 riam
1349 1961 1475 2034 tenuit.
1526 1957 1651 2033 Postea
1673 1959 1768 2031 filins
1780 1959 1982 2036 Demetrius
1996 1967 2123 2037 amissa
2140 1963 2231 2041 Asia

214 2083 319 2154 quem
335 2058 519 2132 Perdiccas
534 2061 603 2131 sibi
616 2062 843 2148 adiunxerat,
869 2085 949 2134 cum
965 2061 1098 2131 bellurn
1107 2056 1194 2131 Pto·
1243 2081 1391 2150 regnum
1407 2057 1639 2132 Macedoniae
1653 2062 1805 2134 extincta
1820 2063 2008 2136 Cassandri
2021 2069 2231 2160 posteritate

213 2162 346 2232 lemaeo
369 2161 535 2246 interret,
568 2157 810 2233 monarchiam
840 2165 884 2234 ad
909 2185 982 2233 sese
1002 2162 1194 2234 translatu·
1243 2160 1401 2232 retinuit.
1452 2160 1522 2232 Sed
1549 2186 1630 2234 cum
1652 2185 1859 2264 recuperare
1880 2162 2003 2237 Asiam
2026 2183 2230 2252 conaretur,

213 2283 286 2336 rus.
345 2261 506 2356 Cumque
533 2260 712 2334 Eumenes
745 2277 869 2336 contra
897 2261 1127 2356 Antipatrum
1157 2275 1194 2336 et
1244 2274 1278 2333 et
1302 2262 1399 2332 varia
1420 2262 1563 2334 fortuna
1588 2263 1723 2334 bellura
1750 2279 1886 2354 gereret
1908 2269 2076 2341 adversus
2098 2269 2229 2342 Seleu-

212 2361 398 2433 Craterum
413 2363 566 2434 duxisset
581 2366 768 2450 exercitus,
794 2380 827 2437 et
842 2365 1008 2437 Craterus
1028 2366 1066 2434 in
1089 2387 1192 2458 prae-
1242 2385 1323 2432 curn
1343 2385 1530 2452 generum,
1560 2365 1618 2435 cni
1641 2363 1864 2437 Stratonicen
1883 2368 1991 2439 filiam
2015 2391 2135 2458 suam,
2160 2395 2229 2443 ns·

211 2463 263 2532 lio
286 2465 465 2558 periisset,
493 2487 597 2560 quem
622 2463 836 2538 Macedones
858 2469 961 2538 valde
983 2467 1190 2547 dilexerant,
1242 2476 1313 2534 tam
1347 2487 1389 2534 ex
1406 2459 1526 2535 Phile
1550 2459 1733 2558 Antipatri
1762 2467 1854 2552 lilia,
1887 2489 2033 2541 uxorem
2065 2475 2226 2559 dederat,

212 2565 292 2636 irati
308 2565 477 2636 exercitus
500 2565 723 2640 Macedonici
743 2571 867 2640 ducem
888 2567 1023 2639 iaciunt
1038 2562 1191 2656 Antigo-
1241 2563 1431 2638 tandem‘a
1452 2563 1599 2637 Seleuco
1621 2590 1750 2658 genero
1766 2580 1889 2661 captus
1910 2583 1977 2658 est,
2001 2576 2096 2666 apud
2116 2597 2227 2668 quern

211 2689 299 2736 num
315 2666 660 2740 eontraEumeuem.
710 2665 764 2741 lta
780 2669 1040 2741 coniunxerunt
1052 2691 1089 2739 se
1104 2691 1190 2738 eon·
1240 2666 1400 2758 captivus
1431 2687 1526 2738 anno
1559 2670 1664 2740 tertio
1687 2682 1849 2741 mortuus
1873 2685 1944 2756 est,
1977 2697 2058 2744 cum
2078 2675 2228 2747 vixisset

209 2780 263 2838 tra
286 2766 544 2842 Perdiccam‘et
563 2763 778 2857 Eumenem,
808 2768 1012 2864 Antipater,
1037 2767 1187 2860 Antigo-
1240 2789 1351 2838 annos
1367 2783 1520 2863 quatuor
1542 2782 1579 2841 et
1598 2767 1872 2864 quinquaginta,
1899 2787 2034 2845 tantam
2058 2791 2228 2867 expertus

210 2889 279 2939 uus
295 2885 328 2940 et
345 2867 575 2943 Ptolemaeus.
628 2868 725 2943 Haec
741 2872 854 2966 prima
876 2873 1051 2944 contraria
1067 2872 1190 2941 foede-
1239 2867 1403 2940 fumnnae
1427 2870 1661 2956 veneratam,
1680 2884 1721 2942 ut
1744 2877 1791 2942 de
1820 2895 1862 2942 eo
1891 2895 2013 2946 versus
2032 2872 2226 2969 Sophoclis

209 2993 247 3039 ra
270 2971 360 3042 sacta
383 2983 477 3042 sunt.
526 2971 574 3044 Et
597 2970 741 3044 initium
764 2974 939 3046 bellorum
964 2987 1081 3046 ortum
1098 2985 1188 3044 esta
1238 2972 1466 3061 pronunciati
1489 2974 1580 3052 sint,
1606 2973 1652 3042 de
1676 2971 1783 3044 lunae
1802 2973 2031 3050 incrementis
2044 2991 2081 3051 et
2096 2979 2225 3051 decre-

209 3073 400 3164 cupiditate
422 3072 675 3144 dominationis
697 3073 901 3160 Perdiccae,
932 3077 1057 3169 quint
1080 3089 1187 3168 supra
1237 3071 1378 3145 mentis.

173 3231 175 3236 ,
209 3172 380 3258 diximus,
412 3176 563 3245 eumad
592 3171 792 3268 Aegyptum
820 3177 1033 3259 accessisset,
1065 3199 1085 3246 a
1113 3174 1186 3248 suis
1276 3235 1281 3245 .
1412 3213 1416 3224 ·

208 3274 387 3365 equitibus
401 3273 607 3345 interfectus
624 3288 685 3345 est.

240 3387 244 3394 ’
307 3372 393 3448 Post
409 3376 602 3446 triennium
617 3371 779 3446 Eumene
793 3377 886 3448 vieto
902 3379 1094 3449 secuudum
1108 3381 1151 3452 be

208 3474 281 3545 lum
306 3478 411 3567 gessit
432 3474 634 3570 Antigonus
660 3481 828 3549 adversus
856 3478 1112 3568 Cassandrum,
1142 3505 1185 3558 ac
1336 3469 1546 3568 Antigonus
1572 3468 1778 3561 Secundus,
1804 3479 1908 3550 natus
1925 3501 1968 3547 ex
1986 3473 2109 3560 Phile,
2137 3476 2221 3548 An·

206 3577 320 3647 victor
334 3601 473 3670 sperare
490 3576 729 3649 monarchiam
745 3580 872 3672 eoepit.
919 3577 1101 3652 Proiectus
1117 3581 1184 3671 igi·
1234 3575 1356 3667 tipatri
1380 3576 1472 3662 tilia,
1503 3577 1667 3647 laudatus
1696 3591 1844 3670 propter
1859 3578 2045 3650 ‘iusticiam
2072 3594 2108 3652 et
2137 3605 2218 3650 mo-

205 3691 265 3749 tur
278 3679 465 3774 inSyriam
483 3682 683 3774 provincias
697 3683 828 3752 vicinas
844 3683 1045 3773 occupavit,
1072 3696 1106 3755 et
1119 3681 1184 3754 Se·
1234 3679 1465 3749 decetionem.
1526 3675 1698 3747 Graeciae
1722 3701 1842 3768 pacem
1865 3680 2031 3752 restitnit.
2092 3679 2219 3771 Quare

206 3780 344 3850 leucum
366 3785 620 3872 perterrefecit,
652 3797 691 3856 ut
713 3783 758 3852 ad
778 3781 1018 3855 Ptolemaeum
1047 3783 1086 3853 in
1108 3780 1182 3854 Ae-
1233 3775 1418 3849 aGraecis
1432 3777 1637 3849 nominatus
1653 3791 1704 3850 est
1716 3776 1932 3879 Εὐεργέτης.
1983 3779 2040 3855 Ex
2057 3777 2218 3854 hocAu·

204 3893 351 3972 gypsum
373 3881 521 3973 sugeret.
571 3882 622 3954 lta
641 3883 809 3954 disiuncti
831 3899 913 3956 sunt
927 3881 1131 3976 Antigonus
1148 3899 1183 3959 et
1233 3880 1356 3973 tigono
1369 3879 1535 3953 Secundo
1548 3893 1652 3952 uatus
1667 3893 1719 3951 est

203 3979 446 4069 Ptolemaeus,
484 3984 545 4080 qni
575 3984 815 4055 defensionem
845 3984 982 4058 seleuci
1017 3988 1182 4080 suscepit.
1333 3977 1549 4051 Demetrius
1563 3975 1773 4072 Secundus,
1796 3981 1859 4076 qni
1875 4005 1950 4054 non
1965 3984 2028 4056 diu
2043 3985 2217 4076 manavir.

203 4078 282 4153 Hoc
298 4083 441 4156 tertium
463 4086 596 4156 hellum
620 4085 849 4178 asperrimum
864 4088 949 4171 fuit,
972 4087 1012 4158 in
1032 4113 1182 4183 quosa-
1333 4076 1544 4178 Phiiippus.
1610 4079 1689 4154 Hoc
1727 4083 1913 4174 impubere
1950 4098 2049 4156 tutor
2086 4109 2215 4178 sagna-

203 4183 277 4254 riae
298 4184 391 4255 vices
412 4185 567 4261 inerunt.
623 4185 695 4259 Sed
718 4211 797 4258 cum
818 4186 953 4278 ingenti
974 4213 1090 4279 pugna
1115 4213 1181 4260 na·
1231 4185 1296 4270 vit,
1322 4185 1502 4278 palmellss
1526 4183 1795 4274 cognominant
1808 4180 1942 4255 Down·
1971 4183 2107 4258 Postea
2122 4183 2213 4258 Phi·

201 4285 272 4353 vali
291 4287 335 4356 ad
351 4283 509 4382 Cyprum
524 4280 663 4361 vicisset
677 4287 877 4360 Demetrius
892 4286 1064 4379 Antigoni
1086 4293 1181 4364 filius
1230 4285 1349 4380 lippus
1371 4299 1513 4379 accepto
1536 4293 1682 4378 puerno
1701 4307 1822 4376 regno<
1839 4286 2099 4373 initcrudelis,
2133 4303 2170 4361 et
2191 4311 2213 4361 a

118 4377 123 4388 ’
200 4383 395 4458 Ptolemaei
417 4391 578 4473 classem,
611 4391 719 4482 captis
738 4389 887 4460 sedecim
909 4391 1068 4463 millibus
1082 4393 1180 4464 mili·
1228 4385 1405 4460 Romanis
1435 4387 1550 4459 victus
1574 4408 1694 4479 pacem
1724 4387 1864 4477 petivit.
1923 4383 2056 4460 Filium
2080 4386 2213 4462 Deme-

201 4501 297 4575 tum,
332 4503 367 4562 et
390 4487 560 4561 demersis
589 4491 741 4564 navibus
764 4492 944 4575 ducentis,
975 4489 1180 4582 Antigonus
1229 4489 1337 4561 trium
1357 4485 1836 4561 falsoaccusatnmsPerseo
1850 4489 1976 4573 fratre,
1999 4489 2189 4564 interiecit.

201 4610 275 4660 sese
301 4605 336 4664 et
365 4591 478 4662 filium
494 4590 727 4664 'Demetrium
758 4614 859 4686 reges
888 4594 1107 4681 nominavit,
1145 4609 1179 4667 et
1331 4591 1506 4664 Successit
1529 4583 1701 4676 Perseus,
1732 4601 1855 4681 captus
1878 4613 1899 4660 a
1921 4587 2109 4667 Romanis.

200 4691 397 4765 diademate
428 4696 524 4784 regio
554 4695 608 4766 nti
636 4695 759 4788 eoepit.
812 4691 952 4767 Homm
979 4699 1178 4789 exemplum
1328 4692 1426 4764 Haec
1447 4693 1604 4783 exempla
1624 4704 1826 4780 congruunt
1847 4693 1891 4759 ad
1915 4692 2091 4780 regulam,
2116 4716 2210 4788 qnae

202 4805 236 4862 e't
258 4789 478 4865 Ptolemaeus
503 4795 661 4868 imitatus
692 4808 763 4881 est,
793 4808 826 4866 ct
849 4797 976 4868 deinde
996 4794 1176 4885 Seleucus,
1228 4795 1331 4866 dicit:
1357 4793 1497 4866 iusticia
1511 4791 1663 4866 stabiliri
1678 4787 1866 4871 thronum,
1892 4805 1927 4862 et
1943 4813 2050 4881 regua
2064 4809 2210 4886 propter

199 4895 410 4982 recuperatis
435 4898 507 4966 suis
529 4897 734 4990 provinciis.
791 4894 851 4968 Sic
875 4921 966 4967 nova
998 4921 1105 4989 regna
1135 4923 1176 4969 ex
1227 4895 1441 4967 iniustitiam
1462 4895 1606 4968 mutari.
1662 4889 1760 4963 Haec
1783 4895 1828 4962 ue
1851 4885 2025 4983 Antigoni
2056 4897 2208 4986 posteri·

198 4991 393 5066 Alexandri
407 4994 610 5068 monarchia
625 5012 701 5067 orta
717 5012 809 5082 sunt,
835 4998 923 5068 sicut
934 4995 1062 5071 Daniel
1075 5023 1174 5091 prae·
1226 5010 1295 5068 tate
1318 4998 1474 5069 breviter
1492 4996 1760 5079 annotavimus,
1786 5009 1827 5064 ut
1849 5017 1971 5084 regum
1999 4996 2105 5066 series
2128 5009 2207 5088 post

1153 3379 1185 3449 l·
1261 3327 1450 3418 Posteri
1473 3319 1679 3446 fueraut
1700 3347 1834 3424 reges
1853 3327 2191 3432 ‘Macedonian

57 5144 63 5155 ,
197 5096 342 5167 dixerat.
392 5094 514 5186 Pugna
531 5103 573 5169 ad
590 5097 747 5195 Cyprum
762 5101 850 5169 lacta
867 5112 917 5171 est
934 5114 1173 5192 postmortem
1226 5093 1468 5170 Alexandrum
1485 5095 2036 5192 utcunquecousiderari-possit.
2075 5094 2205 5168 Daniel

76 5255 83 5270 ,
186 5186 411 5282 Alexandri,
436 5199 575 5270 circiter
595 5224 728 5270 annum
754 5200 988 5288 sedecimum,
1011 5199 1174 5273 videlicet
1224 5201 1368 5270 caeteris
1389 5199 1545 5284 omissis,
1576 5201 1620 5268 de
1641 5197 1784 5288 regibus
1797 5193 1981 5290 Aegyptiis
1996 5209 2031 5270 st
2049 5195 2205 5292 Syriacis

196 5291 410 5390 Olympiade
424 5299 609 5370 centesima
626 5317 658 5372 et
673 5302 806 5374 decima
820 5316 954 5374 octava.
1005 5302 1175 5374 Achrevi
1223 5303 1334 5371 multa
1358 5299 1586 5383 vaticinatur,
1613 5321 1767 5393 quorum
1783 5297 1891 5369 series
1911 5301 2203 5404 ncenmdaest,

72 5421 75 5428 ·
195 5412 274 5488 post
287 5421 456 5472 conversa
474 5412 525 5470 est
537 5397 711 5492 Antigoni
727 5403 889 5491 fortuna,
912 5418 954 5477 ut
968 5405 1170 5498 superbiam
1222 5416 1261 5474 ut
1277 5403 1366 5474 sacri
1381 5401 1466 5472 libri
1480 5401 1734 5493 intelligantur.
