4726 5828
206 341 262 414 oo-

207 515 318 584 sectos
341 521 449 593 esset,
482 505 511 572 si
537 505 719 574 convictus
749 519 849 578 esset.
905 504 1010 576 Nunc
1036 506 1074 574 in
1099 519 1199 576 tante

211 613 340 690 scelere
361 609 479 678 lenior
506 620 557 677 cst
576 605 684 676 etiam
707 606 826 694 legum
850 605 1069 696 indignatio,
1094 631 1201 700 quam

214 713 368 807 prodest.

315 809 415 882 Olim
442 809 603 889 debitor,
637 808 698 900 qui
725 831 799 877 non
824 822 962 898 poterat
985 808 1121 877 solvere
1145 833 1203 880 aes

215 919 388 997 alienum,
414 913 613 981 debebatur
635 910 674 978 in
695 910 898 978 servitutem
924 909 1111 996 creditori,
1143 925 1202 981 aut

216 1019 445 1088 vendebatur.
469 1051 474 1062 ι
498 1011 603 1082 Nunc
620 1010 730 1080 cessio
746 1013 922 1080 bonorum
940 1011 1084 1080 inventa
1104 1025 1165 1094 est.

316 1132 389 1202 Lex
405 1125 621 1199 homicidam
637 1129 735 1198 iubet
750 1129 839 1198 affici
856 1129 997 1220 capitali
1014 1129 1203 1220 supplicio:

217 1239 277 1308 sed
300 1247 421 1325 postea
444 1231 574 1320 scripta
593 1231 754 1322 aequitas
778 1233 909 1318 gradus
925 1230 1104 1300 discernit.
1157 1228 1205 1299 Et

219 1333 371 1408 Athenis
385 1334 523 1402 diversa
539 1333 616 1400 loca
635 1331 847 1400 iudiciorum
865 1345 976 1415 erant,
997 1331 1086 1400 alibi
1102 1355 1205 1402 accu-

219 1440 388 1512 sabantur
405 1433 647 1516 insidiatores,
671 1431 760 1502 alibi
782 1432 844 1524 qui
863 1434 983 1500 eadem
1007 1434 1046 1500 in
1063 1433 1137 1502 rixa
1153 1435 1206 1502 se-

219 1552 359 1620 cecant,
382 1536 468 1605 alibi
486 1535 548 1627 qni
563 1557 643 1602 casu
661 1534 911 1602 interemerant
930 1530 1104 1604 homines.

321 1652 378 1723 Ex
399 1648 456 1721 his
478 1651 646 1742 exemplis
670 1649 823 1739 intelligi
845 1663 977 1741 potest,
1010 1651 1106 1718 aliud
1133 1674 1205 1720 esse

220 1755 474 1828 calumniosam
500 1751 849 1843 interpretationem,
885 1752 983 1822 aliud
1008 1775 1127 1819 revera
1150 1752 1207 1821 ius

221 1879 421 1934 summum,
447 1853 580 1922 senius
597 1853 770 1925 strictum.
813 1851 882 1921 Sed
899 1876 963 1941 ego
980 1876 1125 1943 prorsus
1140 1849 1207 1921 boc

222 1959 387 2049 adfirmo,
422 1955 461 2022 in
490 1954 565 2041 lege
595 1951 751 2036 Placuit,
791 1953 943 2041 intelligi
976 1954 1118 2044 proprie
1150 1980 1208 2023 ca-

222 2059 436 2130 lumniosam
452 2055 792 2144 interpretationem.
823 2051 927 2122 Hauc
944 2050 1120 2146 prohibet,
1142 2077 1207 2123 nec

223 2161 301 2230 vult
321 2158 456 2227 iudices
474 2179 536 2225 sna
559 2155 750 2224 calliditate
775 2179 978 2246 exasperare
1001 2172 1062 2225 aut
1091 2157 1208 2224 laxare

224 2263 331 2349 leges:
358 2260 417 2327 sed
436 2257 514 2326 vult
529 2279 587 2324 eos
606 2279 647 2324 ex
665 2255 795 2346 scripto
813 2258 934 2326 dextre
956 2257 1134 2326 intellecto
1154 2259 1211 2325 iu-

223 2364 352 2431 dicare.
394 2354 442 2428 Et
459 2372 571 2428 totum
588 2352 726 2426 hocius
742 2358 929 2448 scriptum,
956 2361 1051 2451 quod
1070 2358 1208 2448 imperii

225 2461 399 2532 autoritas
432 2459 640 2547 gravissimo
673 2459 822 2527 consilio
858 2461 1006 2549 recepit,
1049 2459 1211 2527 nominat

226 2563 390 2654 scriptam
416 2561 643 2652 aequitatem:
678 2559 761 2650 quia
784 2560 875 2646 leges
900 2561 938 2625 in
968 2560 1039 2628 illis
1063 2562 1211 2642 casibus,

226 2666 270 2733 de
291 2664 421 2756 quibus
445 2656 687 2752 principaliter
715 2660 931 2751 loquuntur,
964 2661 1210 2753 aequalitatem

225 2765 325 2836 illam
350 2763 660 2852 sanciunt,·quam
683 2783 766 2832 vera
781 2761 1035 2831 demonstratio
1057 2763 1213 2832 ostendit

225 2863 369 2948 artifici3
394 2875 513 2954 postea
535 2861 600 2930 ubi
621 2862 659 2950 in
684 2885 764 2929 casu
784 2861 1037 2931 dissimilitudo
1061 2865 1212 2932 circum-

227 2964 375 3036 stantiae
391 2977 464 3047 est,
490 2987 591 3054 saepe
607 2962 700 3050 leges
720 2963 821 3052 ‘ipsae
843 2965 980 3030 addunt
1006 2960 1213 3034 ἐπιείκειανι

225 3080 266 3136 ιιι
288 3068 332 3134 de
349 3066 453 3133 caede
469 3063 632 3145 fortuita,
658 3063 701 3129 de
716 3063 913 3148 ignorantia
930 3064 1032 3148 facti,
1058 3067 1102 3132 de
1118 3065 1214 3148 dolo,

228 3169 271 3236 ‹le
287 3165 409 3256 culpa,
436 3165 480 3232 de
494 3178 601 3234 metu.
653 3158 703 3231 Et
717 3186 896 3254 expressae
919 3175 1002 3232 scint
1020 3167 1057 3233 in
1075 3166 1213 3255 scriptis

227 3268 363 3358 legibus
387 3265 519 3333 multae
549 3261 787 3352 mitigationes
814 3264 939 3357 plena'e
966 3259 1213 3336 humanitatis:

229 3383 267 3437 ιιι
295 3391 376 3436 cum
408 3365 533 3434 iubent
562 3363 795 3434 manumissos
819 3367 971 3435 retinere
1002 3366 1214 3447 libertatem,

229 3469 380 3538 etiamsi
397 3480 644 3538 testamentum
661 3490 735 3533 non
752 3467 875 3536 valuit.

329 3579 377 3655 Et
398 3582 673 3652 innumerabilia
697 3583 855 3674 exempla
874 3583 1134 3672 mitigationum
1158 3585 1215 3651 in-

231 3685 360 3774 scripto
376 3685 453 3752 inre
470 3707 645 3774 expressa,
671 3685 800 3774 passim
817 3684 921 3753 obvia
942 3697 1036 3758 sunt.

331 3799 513 3870 interdum
534 3797 681 3870 Praetor
705 3823 769 3868 suo
793 3801 941 3869 consilio
958 3802 1093 3893 aliquid
1117 3802 1216 3887 lenit,

230 3903 293 3972 arbi
315 3916 432 3972 tamen
456 3898 631 3988 mitigatio
645 3924 686 3970 ex
708 3900 867 3971 fontibus
890 3902 1006 3991 legum
1023 3903 1214 3974 derivanda

231 4017 291 4072 est.
345 4001 397 4070 Ac
409 4001 585 4092 sapienter
601 4001 639 4068 in
656 4002 730 4091 lege
741 3999 890 4086 Placuit,
916 4005 1079 4092 scriptam
1094 4007 1217 4097 aequi-

232 4117 336 4174 tatem
362 4102 561 4172 nominavit
584 4099 798 4193 Imperator,
829 4115 869 4172 ut
893 4103 1027 4173 indices
1045 4107 1158 4177 sciant
1181 4131 1216 4176 se

230 4205 392 4295 alligatos
406 4225 480 4273 esse
496 4205 540 4272 ad
555 4203 611 4272 ius
628 4203 811 4296 scriptum.
846 4201 943 4292 Quid
961 4205 1054 4274 enim
1070 4208 1216 4300 prodes-

231 4321 281 4376 set
295 4303 424 4374 habere
440 4305 497 4375 ius
512 4305 700 4397 scriptum,
726 4305 757 4373 si
772 4304 894 4378 liceret
908 4307 1080 4378 anteferre
1096 4311 1215 4400 priva·

230 4422 282 4477 tas
298 4404 512 4499 opiniones?

330 4521 404 4594 Nec
427 4520 645 4610 intelligatur
670 4544 799 4594 nomen
816 4523 998 4615 aequitatis
1018 4537 1155 4595 tantum
1172 4528 1216 4596 de

233 4625 449 4695 correctione
474 4623 590 4712 legum
603 4619 687 4694 ¹nrm
702 4623 849 4716 scripta,
875 4635 914 4694 ut
928 4619 1136 4697 Aristoteles
1160 4628 1216 4698 lo·

234 4725 371 4820 quitur:
394 4723 464 4795 Sed
480 4722 698 4812 intelligatur
713 4727 757 4794 de
778 4724 1005 4818 aequalitate,
1030 4752 1119 4821 qnae
1136 4729 1216 4800 ideo

234 4827 361 4918 scripta
384 4839 455 4904 est,
480 4824 564 4918 quia
588 4848 671 4894 vera
695 4827 994 4898 demonstratione
1014 4853 1055 4898 ex
1074 4831 1217 4921 opinin-

235 4949 320 4995 num
337 4926 538 4995 diversitate
554 4941 652 4998 eruta
672 4940 730 4995 est.
787 4923 872 4995 Vult
890 4930 985 4998 enim
1001 4928 1098 5002 Deus
1112 4933 1217 5002 intel-

137 5117 142 5124 .
233 5028 307 5116 ligi,
322 5027 495 5098 iusticiam
512 5028 757 5121 aequalitatem
775 5023 865 5096 esse:
882 5044 920 5098 ut
934 5033 1085 5102 sciamus
1101 5033 1216 5127 ipsum

234 5127 418 5221 aequalem
434 5149 519 5201 esse.

337 5245 525 5336 Quaerunt
554 5244 664 5333 igitur
693 5247 940 5336 legumlatores
969 5252 1218 5322 eruditissimis

235 5347 433 5419 rationibus
445 5345 704 5442 aequalitatem,
727 5373 817 5441 qnae
833 5374 907 5422 nou
922 5375 1060 5446 semper
1075 5356 1219 5448 conspi-

234 5450 326 5520 citur
338 5453 383 5522 ab
399 5449 585 5544 imperitis.
637 5445 844 5544 Aequalitas
868 5465 936 5538 est,
963 5468 1004 5526 ut
1027 5454 1141 5526 solvat
1157 5455 1218 5531 dc·

834 331 994 408 onon.
1038 332 1112 426 na
1146 331 1304 428 naon
1339 333 1610 408 attacum.

2168 329 2242 407 100

1252 507 1348 578 bitor
1369 505 1548 578 creditori.
1602 503 1812 593 Quaesitum
1835 517 1888 575 est
1908 500 2039 592 igitur,
2066 524 2113 572 an
2136 501 2245 573 liceat

1253 608 1420 679 creditori
1436 609 1634 697 irrumpere
1648 607 1687 675 in
1707 609 1811 679 aedes
1829 604 2020 688 debitoris,
2046 618 2081 676 et
2104 603 2245 674 auferre

1254 723 1426 803 quantum
1443 708 1615 779 debetur?
1637 705 1802 796 prohibet
1818 703 1886 774 hoc
1896 705 2036 796 sapiens
2046 702 2245 798 imperator

1254 810 1478 882 Antoninus:
1504 811 1586 902 quia
1602 811 1672 879 alia
1689 809 1881 903 aequalitas
1904 807 2045 896 publica
2062 806 2174 899 pluris
2190 799 2264 874 [ιζ

1256 913 1380 981 cienda
1394 925 1465 996 est,
1489 925 1530 981 ut
1546 934 1608 984 sna
1624 912 1752 1004 cuique
1772 912 1898 979 domus
1920 909 2088 978 adversus
2106 907 2246 976 violen-

1256 1014 1340 1084 tiam
1365 1026 1439 1082 tuta
1455 1013 1512 1084 sit.

1359 1111 1459 1182 lubet
1483 1113 1592 1200 igitur
1605 1113 1814 1182 creditorem
1837 1124 1975 1203 petere,
2001 1124 2041 1180 ut
2061 1111 2248 1200 magistra-

1256 1229 1313 1284 tus
1334 1215 1454 1284 iuheat
1476 1215 1673 1283 debitorem
1697 1215 1846 1290 solvere.
1897 1211 1958 1281 Sic
1980 1212 2088 1300 igitur
2110 1211 2248 1302 inquit:

1257 1315 1316 1384 Tu
1334 1315 1406 1383 vim
1421 1329 1523 1406 putas
1538 1338 1611 1384 esse
1624 1317 1754 1399 solum,
1781 1314 1810 1380 si
1825 1309 1986 1380 homines
2002 1313 2250 1380 vulnerentur.

1258 1416 1323 1484 Vis
1340 1430 1393 1486 est
1409 1431 1442 1485 et
1464 1431 1569 1500 tunc,
1596 1417 1734 1510 quoties
1753 1415 1833 1508 quis
1853 1414 1890 1482 id
1915 1415 2010 1506 quod
2035 1413 2157 1481 deberi
2178 1412 2250 1479 sibi

1257 1531 1379 1608 putat,
1401 1541 1476 1586 non
1499 1541 1561 1607 per
1582 1517 1734 1585 iudicem
1754 1517 1917 1608 reposcit.
1969 1513 2021 1584 lta
2038 1515 2135 1602 gravi
2155 1512 2249 1582 deli·

1259 1618 1440 1688 heratione
1456 1619 1611 1709 quaesita
1630 1632 1681 1686 est
1696 1618 1889 1711 aequalitas
1906 1615 1944 1683 in
1964 1615 2115 1708 scripto:
2143 1639 2161 1682 a
2178 1638 2250 1706 qua

1260 1744 1339 1789 cum
1359 1719 1572 1803 disceditur,
1606 1719 1766 1787 infinitae
1791 1718 2016 1787 confusiones
2037 1729 2249 1809 sequuntur.

1363 1836 1587 1927 Intelligatur
1621 1859 1703 1926 ergo
1737 1836 1775 1904 in
1810 1837 1884 1924 lege
1918 1832 2059 1904 Placuit
2091 1833 2250 1927 aequitas

1260 1938 1408 2030 scripta,
1435 1940 1479 2007 de
1504 1935 1569 2006 hac
1593 1937 1822 2030 aequalitate,
1854 1959 1959 2028 quam
1984 1934 2163 2024 legislator
2186 1936 2253 2002 de·

1261 2040 1581 2108 monstrationibus
1598 2052 1733 2108 erutam
1757 2037 1883 2106 sanxit.
1933 2035 1993 2104 Sic
2011 2051 2044 2105 et
2067 2037 2104 2103 in
2123 2035 2251 2103 defini-

1262 2141 1359 2211 tione
1375 2141 1510 2210 dictum
1528 2154 1597 2224 est,
1624 2142 1679 2206 ius
1696 2161 1768 2206 esse
1784 2137 1873 2206 boni
1887 2151 1922 2206 et
1937 2136 2039 2229 aequi
2055 2135 2251 2202 scientiam.

1261 2239 1405 2310 Bonum
1419 2242 1602 2323 nominat,
1628 2240 1667 2308 in
1683 2263 1809 2328 genere
1825 2234 2030 2307 honestum:
2059 2250 2099 2305 ut
2113 2237 2251 2303 bonum

1263 2355 1333 2420 est,
1354 2367 1427 2410 non
1442 2343 1653 2430 prostituere
1669 2339 1868 2430 coniugem,
1892 2352 1932 2408 ut
1946 2339 2073 2409 licebat
2087 2337 2162 2426 lege
2178 2335 2253 2404 La·
2293 2379 2295 2382 -

1264 2443 1396 2517 conica.
1435 2441 1575 2511 Deinde
1589 2445 1799 2535 aequitatem
1815 2441 1987 2518 nominat,
2014 2433 2106 2506 hanc
2123 2462 2254 2532 aequa-

1263 2545 1397 2613 litatem
1423 2545 1560 2612 ratione
1584 2545 1786 2624 inventam,
1813 2566 1900 2634 quae
1922 2554 1973 2610 est
1989 2539 2171 2608 vinculum
2195 2562 2254 2606 so·

1264 2646 1399 2717 cietatis
1423 2639 1612 2715 humanae.
1663 2643 1787 2737 Neque
1809 2643 1903 2710 enim
1929 2655 2041 2732 potest
2063 2635 2252 2711 hominum

1263 2746 1334 2815 vita
1370 2747 1571 2815 conservari
1602 2745 1678 2814 sine
1708 2745 1842 2813 mutuis
1863 2743 1988 2811 officiis
2010 2755 2043 2810 et
2064 2741 2142 2808 sine
2164 2765 2254 2809 con-

1264 2848 1446 2916 tractibus.
1500 2843 1549 2916 Ut
1562 2861 1678 2914 autem
1696 2847 1741 2914 sit
1760 2857 2003 2913 contractuum
2027 2843 2254 2932 perpetuitas,

1265 2937 1511 3039 aequalitatem
1527 2969 1600 3016 esse
1622 2959 1777 3036 oportet:
1803 2945 1937 3038 alioqui
1962 2968 2043 3035 pars
2061 2938 2253 3011 hominum

1265 3049 1375 3118 altera
1390 3042 1556 3116 exhausta
1574 3062 1635 3116 aut
1649 3071 1812 3140 oppressa
1829 3047 2104 3134 extingueretur.

1368 3161 1502 3236 Omnia
1522 3180 1638 3235 autem
1652 3161 1740 3234 haec
1756 3166 1909 3237 iustitiae
1925 3164 2090 3233 exercitia
2102 3163 2255 3232 sciamus

1266 3289 1308 3334 eo
1332 3267 1491 3337 instituta
1515 3291 1606 3350 esse,
1628 3280 1668 3334 ut
1683 3263 1799 3335 Deum
1817 3287 2046 3355 agnoscamus
2065 3265 2196 3334 iustum
2221 3280 2256 3332 et

1266 3369 1447 3460 aequalem
1463 3392 1557 3453 esse,
1582 3369 1676 3436 iuxta
1693 3391 1857 3436 normam
1874 3391 1978 3459 quam
1995 3366 2168 3457 patefecit.

1358 3481 1527 3556 Ostendit
1541 3511 1639 3555 snam
1656 3487 1864 3576 sapientiam
1879 3497 2057 3554 aeternam
2077 3497 2111 3552 et
2125 3483 2256 3552 immo-

1267 3603 1360 3672 tam,
1386 3611 1475 3680 quae
1502 3588 1557 3656 lex
1580 3601 1650 3656 est:
1677 3600 1711 3656 et
1734 3587 1830 3656 iuxta
1854 3580 1946 3654 hanc
1965 3585 2110 3654 damnat
2130 3608 2255 3674 pecca-

1267 3702 1342 3757 tum
1362 3689 1400 3758 in
1417 3689 1596 3757 omnibus.
1644 3685 1783 3758 Rursus
1804 3687 1929 3766 etiam,
1956 3687 2033 3754 sine
2058 3705 2256 3778 προσωπο-

1267 3784 1383 3884 inpia
1406 3812 1529 3858 omnes
1551 3787 1676 3880 recipit
1698 3789 1870 3858 immensa
1895 3785 2158 3874 misericordia,
2192 3789 2255 3879 qui

1267 3895 1310 3960 ad
1328 3873 1441 3960 filiuni
1454 3891 1683 3959 mediatorem
1701 3890 1920 3979 confugiunt.
1971 3886 2075 3960 Hanc
2095 3888 2257 3981 aequali-

1268 4005 1376 4061 tatem
1393 3992 1619 4060 considerare
1636 4014 1701 4060 nos
1714 3992 1752 4058 in
1771 3986 1927 4060 Ecclesia
1941 4013 2080 4058 necesse
2098 4003 2161 4062 est.

1370 4106 1440 4178 Hic
1455 4121 1571 4177 autem
1587 4121 1621 4176 et
1636 4103 1702 4175 hoc
1720 4108 2018 4177 considerandum
2034 4121 2104 4191 est,
2130 4103 2257 4176 Evan-

1268 4211 1398 4302 gelium
1414 4209 1594 4278 continere
1602 4206 1841 4280 dulcissimam
1856 4203 2049 4282 inscienter
2062 4207 2147 4296 legis
2161 4209 2257 4277 divi-

1269 4336 1347 4396 nae,
1369 4334 1460 4405 qnae
1476 4309 1666 4382 iustissima
1682 4324 1752 4381 est:
1775 4323 1808 4380 et
1822 4325 1941 4382 tamen
1955 4309 2160 4381 admirabili
2176 4335 2257 4382 mo·
2330 4313 2337 4320 ”

1269 4416 1315 4483 do
1332 4411 1442 4486 lenita
1458 4426 1529 4497 est,
1552 4413 1602 4482 sic
1618 4424 1660 4482 ut
1674 4412 1742 4501 legi
1757 4412 1840 4485 satis
1856 4412 1985 4481 faceret
2001 4411 2113 4492 lilius,
2139 4424 2176 4481 et
2191 4435 2257 4480 nos

1269 4513 1483 4606 recipiamur
1507 4529 1650 4605 propter
1669 4513 1800 4582 lilium:
1829 4524 1863 4581 et
1880 4513 2053 4604 approbet
2068 4507 2165 4585 Deus
2186 4512 2258 4580 ini-

1265 4618 1319 4688 ·tia
1340 4614 1565 4685 obedientiae
1585 4615 1623 4683 in
1645 4615 1766 4698 nobis,
1792 4636 1882 4707 quae
1901 4616 2093 4682 admodum
2114 4613 2257 4685 infirma
2331 4687 2339 4702 ἱ

1271 4731 1373 4802 sunt,
1392 4729 1426 4785 et
1441 4716 1564 4805 procul
1583 4739 1602 4783 a
1619 4715 1705 4804 legis
1721 4715 1929 4814 impletione
1945 4714 2085 4786 absunt.

1371 4829 1468 4903 Haec
1483 4845 1534 4902 est
1551 4855 1632 4902 vera
1649 4825 1838 4916 ἐπιείκεια,
1862 4831 1989 4921 scripta
2006 4855 2080 4900 non
2101 4829 2259 4919 Solonis,

1270 4947 1331 5006 ant
1351 4933 1503 5024 Augusti
1535 4932 1665 5017 literis,
1696 4935 1756 5004 sed
1780 4931 1951 5025 sanguine
1976 4933 2043 5005 lilii
2067 4931 2144 5010 Dei.
2198 4933 2259 5005 Fit

1270 5051 1386 5109 autem
1404 5033 1577 5108 illustrior
1597 5031 1724 5106 harum
1739 5033 1972 5105 maximarum
1988 5058 2108 5107 rerum
2124 5034 2260 5115 doctri-

1270 5162 1335 5226 na,
1368 5161 1448 5210 cum
1470 5138 1686 5207 voluntatem
1710 5132 1777 5206 Dei
1802 5134 1840 5204 iu
1862 5135 2003 5211 indiciis
2027 5151 2061 5211 et
2082 5139 2259 5211 exercitiis

1270 5240 1428 5312 iusticias
1444 5237 1483 5306 in
1498 5238 1568 5310 vita
1586 5238 1861 5311 consideramus.

1370 5353 1448 5428 Oro
1463 5369 1581 5429 autem
1597 5353 1723 5443 Deum,
1746 5357 1878 5430 fontem
1895 5357 2089 5450 sapientiae
2103 5372 2139 5433 et
2152 5360 2259 5432 iusti-

1271 5459 1355 5547 ciae,
1380 5470 1516 5552 patrem
1532 5473 1713 5532 aeternum
1730 5439 1879 5527 Domini
1891 5458 2003 5529 nostri
2022 5455 2102 5532 Iesu
2110 5455 2260 5548 Christi,
