4706 5818
18 5301 26 5747 l

211 175 307 284 ¹⁰⁸⁸.
450 161 657 244 SCRIPTA
682 163 763 242 PH.
783 160 901 237 MEL.
928 161 995 240 AD
1019 155 1148 234 tttst’.
1172 150 1318 234 PROF.
1342 151 1410 228 ET
1434 151 1635 233 enetos.
1652 152 1970 235 SPECTANTIA.
2115 157 2214 230 tote

205 343 323 414 foelix.
375 335 428 410 Ac
444 319 635 410 multarum
651 337 684 407 ei
707 335 945 408 calamitatum
963 333 1086 413 causae
1103 334 1183 404 fue
1233 327 1423 419 imperium
1442 350 1555 398 annos
1579 328 1688 412 duos,
1720 327 1851 402 delevit
1874 328 2106 418 imagines‘in
2125 342 2214 398 tem·
2325 377 2329 384 -

205 459 291 514 rnnt
308 445 379 512 duo
398 441 474 511 eius
489 439 670 510 domestici
690 451 920 510 assentatores
936 450 970 507 et
985 429 1184 530 sycophan-
1234 427 1315 520 plis.
1366 427 1490 499 Sextac
1502 427 1640 522 Synodi
1660 429 1796 500 decreta
1818 430 2055 520 oppugnavit,
2082 441 2115 498 et
2129 427 2213 499 Mo-

208 561 264 615 tae
290 545 352 636 qni
379 541 526 610 nimiam
559 540 752 633 polentiam
775 537 845 607 sibi
870 548 1113 628 sumpserunt,
1143 545 1184 604 ut
1235 524 1431 600 notheletas
1447 529 1760 615 rursusdeiendit,
1785 531 1845 599 sed
1861 528 2214 602 Artemii.sccretarii

209 648 303 736 apud
314 638 557 712 Theodosium
573 643 748 710 iuniorem
756 633 960 728 Eutropius,
975 660 1080 731 quern
1089 634 1185 706 Gor·
1235 629 1396 700 consiliis
1412 629 1524 700 oculis
1539 629 1696 722 privatus
1710 631 1749 700 in
1764 653 1939 702 carcerem
1961 633 2137 730 coniectus
2153 645 2216 700 est.

211 769 338 835 gonem
368 744 676 830 cognominarunt.
726 739 864 808 Horum
887 735 1183 831 sycophantarum

211 849 300 916 alter
322 846 436 913 tuerat
461 836 656 912 monachus
678 841 822 909 nominc
849 831 887 907 T
886 832 1102 922 lreodosius,
1127 835 1185 907 cui
1285 831 1394 903 Anno
1410 831 1536 902 mundi
1552 847 1675 926 qnater
1690 832 1880 902 millesimo
1894 835 2143 906 sexcentesimo
2159 857 2217 904 se-

202 971 291 1016 ·cum
314 967 489 1014 summam
511 943 733 1012 autoritatem
753 941 956 1020 tribueret,¹
986 936 1185 1010 nominavit
1444 934 1662 1024 ptuagesimo
1678 933 1838 1024 septimo.

214 1071 293 1115 cnm
311 1043 543 1114 Generalem:
573 1044 662 1112 alter
676 1033 891 1136 Stephanus
906 1037 1185 1112 nominaturSa·
1288 1029 1542 1106 AnnoRonrae
1556 1034 1742 1105 millesimo
1759 1030 2105 1128 quadringentesimo
2118 1057 2199 1104 sexa
2214 1084 2218 1091 -

214 1145 402 1229 cellarius,
435 1145 498 1236 qui
522 1144 608 1213 rexit
630 1143 775 1212 consilia
796 1142 841 1210 de
861 1143 1049 1231 religione,
1081 1139 1185 1211 etiam
1440 1133 1572 1223 gesimo
1587 1149 1722 1209 octavo.

204 1260 361 1317 matrem
381 1244 601 1336 imperatoris
618 1245 801 1313 verberare
815 1265 919 1314 ausus
937 1255 1016 1312 cst.v
1048 1237 1098 1308 Hi
1114 1242 1186 1309 duo
1289 1238 1397 1306 Auno
1409 1231 1544 1308 Christi
1559 1236 1870 1328 septingentesimo
1883 1236 2020 1308 decimo
2037 1235 2180 1327 quinto.

214 1351 454 1416 adsentatores
483 1345 726 1424 crudelitatem
756 1345 798 1412 in
828 1345 935 1412 duces
962 1343 1186 1413 exercebant:

213 1441 412 1515 Leontium
434 1447 558 1514 ducem
583 1445 728 1514 biennio
750 1446 937 1513 incarcere
953 1443 1188 1525 retinuerunt,
1601 1404 1856 1480 ammiti·

215 1547 374 1637 quicum
394 1548 557 1614 evasisset
572 1569 614 1614 ex
627 1567 763 1615 carcere
776 1545 964 1614 adiuvante
974 1537 1189 1621 Patriarcha,
1342 1534 1539 1624 Artemius,
1556 1537 1833 1630 quinominatur
1845 1533 2073 1608 Anastasius
2081 1535 2220 1606 Secun-
2334 1621 2335 1626 ἵ

215 1647 327 1712 lactus
349 1657 401 1710 est
423 1645 626 1731 imperator.
661 1643 1189 1734 ⁴Hiclnstinianonarcsprae·
1240 1643 1318 1711 dus.
1371 1640 1507 1711 Tenuit
1535 1639 1723 1729 imperium
1754 1663 1887 1710 annum
1914 1662 2044 1718 unum,
2073 1650 2118 1706 -ct
2148 1651 2221 1706 tres

216 1743 319 1827 cidit,
348 1765 500 1833 eumque
523 1739 740 1816 Chersonem
763 1746 949 1834 relegavit,
974 1767 1054 1813 cum
1077 1767 1189 1812 annos
1240 1764 1396 1827 menses,
1420 1741 1478 1809 vir
1499 1738 1670 1812 cntditus.
1720 1738 1850 1810 Fuerat
1872 1739 1967 1808 enim
1991 1739 2083 1806 inter
2101 1761 2220 1807 secre-

216 1847 335 1913 decem
364 1841 552 1932 imperium
587 1841 766 1914 tenuisset.
826 1846 926 1915 Duos
956 1838 1190 1934 sycophantas
1241 1840 1347 1908 tarios
1363 1841 1582 1930 praecipuus,
1609 1861 1759 1931 cumque
1772 1858 1895 1910 amans
1906 1850 1995 1910 esset
2011 1837 2222 1908 concordiae

215 1942 347 2012 aulicos
362 1938 604 2011 Theodosium
622 1957 655 2012 et
671 1939 888 2030 Stephanum
904 1939 1051 2008 funibus
1069 1941 1113 2006 ad
1130 1961 1191 2029 pe·
1242 1938 1281 2002 in
1304 1935 1480 2010 Ecclesia,
1505 1932 1669 2020 repressit
1693 1961 1771 2018 cos,
1795 1941 1857 2028 qui
1878 1952 2009 2009 sextam
2031 1936 2220 2030 Synodum

216 2047 277 2110 des
300 2040 451 2127 alligatis
470 2058 533 2127 per
555 2036 679 2104 urbem
704 2038 826 2121 traxit,
852 2050 969 2126 postea
986 2030 1190 2104 combussit.
1240 2025 1512 2120 oppugnabant,
1551 2035 1612 2100 sed
1642 2033 1681 2102 in
1711 2033 1805 2104 bello
1834 2037 1981 2106 infoelix
2007 2038 2094 2121 fuit,
2135 2037 2221 2128 quia

215 2141 284 2211 Hic
303 2140 414 2208 exitus
429 2137 626 2206 aulicorum
641 2134 935 2225 sycophantarum
950 2136 1016 2204 suit
1031 2156 1104 2202 non
1121 2132 1191 2200 mi·
1243 2127 1412 2198 exercitus
1427 2132 1586 2221 corrupti
1601 2133 1836 2206 seditionibus
1849 2137 2091 2226 proximorum
2103 2137 2223 2230 impc-

215 2243 287 2309 tior
303 2262 407 2331 quam
422 2233 541 2307 Seiani
562 2235 655 2323 apud
672 2230 875 2316 Tiberium,
908 2237 1002 2326 apud
1020 2233 1191 2306 Severum
1244 2243 1420 2302 catorum,
1462 2243 1544 2298 tum
1574 2231 1754 2304 licentiam
1784 2236 1916 2305 frenari
1947 2259 2049 2326 aegre
2074 2237 2221 2316 terrent,

216 2338 416 2419 Plautiani,
440 2335 535 2424 apud
551 2329 794 2402 Theodosium
815 2329 991 2402 iuniorem
1016 2331 1193 2422 Eutropii.
1244 2319 1512 2400 Theodosium·
1523 2326 1819 2405 Adrammmm
1848 2337 2095 2426 impgfgyorem
2127 2336 2223 2420 fecit,
2334 2405 2335 2430 χ

216 2440 290 2508 Nec
310 2435 445 2506 diutius
467 2433 622 2502 triennio
643 2431 816 2506 Leontius
844 2435 1033 2523 imperium
1064 2435 1194 2504 tenuit·
1245 2427 1307 2522 qui
1329 2421 1606 2519 puteoanenno
1626 2449 1660 2506 et
1678 2437 1717 2504 in
1732 2438 1985 2507 monasterium
2010 2437 2147 2510 incluso
2169 2450 2221 2505 te·

215 2537 307 2608 Nam
322 2531 495 2606 Tiberius
511 2528 743 2628 apsimarus,
767 2536 829 2629 qui
843 2536 984 2604 rediens
998 2558 1078 2601 cnm
1095 2554 1194 2602 exer·
1246 2528 1324 2600 nuit
1339 2521 1525 2617 imperium
1541 2539 1618 2604 reor,
1633 2537 1784 2628 „mplius
1798 2561 1871 2607 un„
1895 2561 2010 2622 anno,
2035 2536 2143 2630 idque
2158 2561 2223 2603 vo,

217 2641 291 2708 citu
313 2661 353 2705 ex
371 2634 488 2704 Africa
506 2635 660 2726 pulsusa
675 2633 876 2719 Saracenis,
901 2649 1061 2712 metuens
1076 2632 1195 2704 Leon·
1247 2633 1324 2702 lens
1348 2625 1449 2701 cessit
1460 2613 1583 2728 Lgvm'
1594 2609 1757 2716 Panum,
1783 2639 1843 2706 ced
1860 2637 2040 2708 Artemius
2063 2650 2139 2728 pose
2157 2659 2222 2706 an.
2334 2691 2335 2696 ,

218 2742 324 2821 tium,
355 2761 374 2806 a
395 2737 459 2805 suo
484 2732 637 2804 exercitu
662 2736 778 2806 dictus
798 2749 850 2807 est
871 2734 1075 2825 imperator.
1126 2732 1196 2803 Hic
1247 2755 1314 2804 nos
1335 2733 1470 2826 aliquot
1490 2719 1699 2814 constasse
1713 2735 1877 2828 Bulgaris
1898 2738 2049 2808 exercitu
2073 2758 2223 2826 recupe-

217 2836 587 2910 Leontiumtruncatis
602 2836 753 2905 naribus
764 2835 801 2906 in
817 2837 1068 2907 monasterium
1079 2835 1195 2905 inclu-
1246 2858 1326 2904 rare
1340 2833 1528 2924 imperium
1538 2849 1684 2908 conatus
1700 2839 1770 2922 e'st,
1795 2861 1918 2910 verum
1934 2839 2095 2928 proditus
2109 2835 2223 2906 Leoni

217 2942 274 3010 sit.
322 2936 457 3008 Contra
480 2937 673 3007 Saracenos
695 2937 733 3004 in
758 2937 897 3030 Syriam
925 2938 1022 3008 misit
1051 2937 1194 3007 tratrem
1248 2933 1449 3005 interiectus
1462 2947 1525 3009 est.

217 3037 440 3117 Heraclium,
466 3035 526 3126 qui
543 3035 800 3129 aliquantisper
819 3060 878 3108 cos
894 3036 1070 3128 repressit.
1122 3034 1195 3105 Te-

209 3137 297 3206 nuit
319 3137 507 3224 imperium
531 3158 644 3204 annos
666 3151 810 3226 septem.
860 3135 984 3208 Rediit
1001 3131 1195 3205 antemlu-
1297 3131 1403 3199 Anno
1446 3133 1572 3201 mnndi
1604 3145 1729 3223 quater
1750 3135 1938 3222 millesimo
1973 3137 2223 3208 sexcentesimo
2334 3123 2335 3126 ¹

216 3237 390 3305 stinianus
419 3236 562 3299 adiutus
592 3253 611 3298 a
643 3232 825 3318 Belgaris,
864 3236 925 3322 qui
947 3231 1136 3302 Leontium
1160 3244 1195 3302 et
1449 3235 1696 3322 octuagesimo.
1757 3257 1774 3316 f

218 3335 445 3424 Apsimarum
463 3354 526 3421 per
544 3329 661 3398 ionem
679 3331 815 3401 vinctos
830 3331 912 3400 duci
928 3331 1041 3416 iussit,
1061 3347 1097 3406 et
1110 3357 1193 3424 pro-
1296 3329 1405 3403 Anno
1428 3329 1774 3405 Romae‘millesimo
1801 3337 2147 3429 quadringentesimo
2171 3362 2224 3406 se-

218 3435 334 3505 stratis
350 3455 465 3501 coram
481 3432 557 3525 ipso
573 3431 661 3501 colla
678 3432 844 3515 calcavit,
869 3431 1000 3502 deinde
1014 3433 1064 3502 eis
1079 3433 1193 3523 capita
1451 3434 1668 3524 ptuagesimn
1684 3436 1812 3527 primo.

219 3535 410 3624 praecidit,
449 3530 623 3602 Callinico
652 3529 877 3603 Patriarchae
908 3534 1030 3603 oculos
1060 3533 1195 3618 effodit,
1250 3569 1253 3574 ·
1299 3528 1407 3603 Anno
1422 3529 1556 3605 Christi
1573 3536 1882 3624 septingentesimo
1900 3534 2037 3605 decimo
2053 3548 2188 3606 octavo.

218 3632 423 3702 Heraclium
439 3635 583 3704 tratrem
599 3631 779 3723 Apsimari
799 3657 1007 3724 suspensum
1030 3648 1193 3724 strangu-
2054 3631 2060 3642 ’

219 3735 316 3804 lavit.
365 3731 457 3804 Cum
478 3747 595 3804 sutem
619 3736 786 3812 adversus
811 3730 1028 3806 Chersonem
1050 3737 1195 3806 classem
1579 3703 1670 3776 ιω
1696 3697 1904 3780 Teium·

219 3836 389 3918 misisset,
411 3835 580 3906 exercitus
603 3825 854 3930 Philippieum
879 3829 1098 3904 Bardonem
1127 3838 1197 3905 inr-
1350 3821 1428 3900 Leo
1454 3825 1605 3902 Tertius
1628 3829 1695 3904 hoc
1717 3835 1880 3920 nomine,
1904 3829 2067 3906 Isauros
2095 3829 2224 3910 Conon

220 3946 417 4026 peratorem
434 3932 533 4018 fecit,
552 3933 613 4026 qni
629 3957 821 4026 properans
835 3937 879 4004 ad
896 3935 1198 4029 Constantinopo-
1249 3945 1350 4006 antea
1362 3933 1585 4017 nominatus,
1608 3949 1743 4012 mancat
1756 3932 1902 4008 Alanos.
1952 3937 2078 4011 Postea
2092 3940 2137 4008 ab
2156 3933 2225 4007 Ar-

220 4037 273 4104 lin
296 4034 529 4105 lastinianum
543 4048 575 4104 et
593 4032 705 4103 filium
723 4034 994 4108 eiusTiberium
1008 4039 1199 4108 abstractos
1250 4034 1358 4106 tcmio
1381 4047 1501 4103 contra
1522 4033 1714 4105 Saracenos
1736 4037 1882 4120 missus,
1920 4063 2001 4108 cum
2035 4023 2225 4109 audivisset

222 4139 268 4206 ab
284 4160 342 4206 ara
359 4135 498 4206 occidit.
541 4133 594 4205 lta
607 4149 677 4218 tres
691 4136 923 4240 imperatores
937 4138 1071 4228 exiguis
1087 4137 1197 4210 iuter·
1251 4149 1372 4206 contra
1397 4134 1596 4203 Artemium
1624 4136 1754 4207 iactum
1785 4139 2031 4231 imperatorem
2057 4136 2227 4211 Theodo-

223 4237 326 4306 vallis
342 4237 447 4307 occisi
471 4249 565 4312 sunt.
1252 4236 1362 4321 sium,
1395 4235 1469 4326 ipse
1490 4237 1891 4328 tanquam'detensurus
1913 4237 2113 4312 Artemium
2135 4242 2225 4310 redit

294 4419 299 4430 ι
1255 4337 1519 4420 Nicomediam,
1544 4348 1580 4407 et
1604 4351 1706 4429 capto
1726 4340 1802 4408 lilio
1818 4337 2015 4412 Theodosii
2038 4341 2225 4432 paciscitur

277 4441 383 4508 Anno
397 4437 521 4508 mundi
539 4452 664 4532 quater
676 4438 864 4510 millesimo
881 4439 1130 4510 sexcentesimo
1145 4463 1202 4512 se·
1254 4449 1474 4527 compatre,
1512 4451 1552 4509 ut
1573 4437 1722 4528 imperio
1753 4443 1863 4513 cedat.
1913 4445 1966 4514 lta
1989 4441 2064 4512 Leo
2086 4439 2226 4512 isaurus

430 4539 647 4628 ptuagesimo
663 4541 799 4632 quinto.
1015 4596 1019 4608 .
1255 4539 1323 4608 sibi
1346 4541 1452 4608 duces
1474 4552 1507 4609 et
1531 4540 1701 4611 exercitus
1726 4565 1849 4612 omnes
1864 4542 1981 4613 iurare
1997 4543 2107 4616 iubet.
2156 4541 2227 4612 Te-

276 4637 526 4711 AnnoRomac
539 4641 726 4712 millesimo
745 4641 1090 4734 quadringentesimo
1104 4665 1203 4714 sexa·
1255 4641 1333 4710 nuit
1350 4639 1537 4730 imperium
1553 4662 1666 4709 annos
1682 4642 1808 4731 viginti
1827 4644 1996 4736 quinque.

433 4741 565 4828 gesimo
581 4754 690 4810 sexto.
1356 4739 1570 4825 Dignissima
1594 4764 1678 4813 vero
1702 4745 1986 4815 consideratione
2015 4755 2097 4815 sunt
2123 4737 2227 4812 huius

276 4831 384 4907 Anno
402 4836 536 4913 Christi
551 4840 862 4934 septingentesimo
877 4843 1013 4913 decimo
1038 4842 1153 4915 tertio.
1256 4840 1386 4912 Leonis
1403 4838 1514 4910 Isauri
1535 4854 1693 4934 ternpore
1716 4843 1806 4912 bella
1824 4844 2049 4927 saracenica,
2075 4867 2164 4934 quae
2179 4844 2227 4911 le-

232 4963 236 4971 ’
1256 4955 1377 5030 gentes
1392 4955 1550 5031 tempora
1566 4945 1789 5014 considerent
1802 4971 1907 5040 quam
1932 4942 2090 5018 celeriter
2105 4959 2229 5035 poten-

1257 5043 1305 5115 tia
1320 5041 1525 5114 Saracenica
1548 5046 1715 5130 creverit,
1739 5058 1774 5116 et
1799 5070 1903 5138 quam
1919 5051 2019 5121 triste
2031 5048 2229 5138 exemplum

328 5131 562 5235 Philippicas
582 5139 783 5214 Bardcenes
807 5148 916 5217 factus
947 5147 1140 5237 imperator
1159 5146 1205 5215 ab
1257 5145 1320 5225 sit,
1345 5156 1396 5214 tot
1420 5156 1540 5232 gentes
1560 5145 1744 5216 fascinatas
1765 5145 1960 5220 aDiabolis
1980 5146 2095 5218 subita
2109 5169 2230 5215 amen·

229 5241 399 5328 exercitu,
445 5244 508 5336 qui
537 5265 558 5310 a
588 5241 785 5316 lustiniano
814 5251 999 5320 defecerat.
1065 5245 1204 5318 Tenuit
1257 5245 1304 5315 tia
1323 5245 1691 5324 deficereafltiottei.
1732 5246 1842 5320 Clare
1856 5252 1950 5320 enim
1969 5249 2008 5318 in
2036 5243 2230 5319 hac'histo-

412 5005 713 5101 Philippices
751 5007 1014 5090 bardanes.
