4726 5828
175 227 179 236 ’
243 231 316 307 175
707 209 866 290 DECL.
904 207 978 282 Dii
1015 207 1224 284 causis
1256 212 1794 318 PUTREFAQTIONlS.
2196 223 2275 320 1176

244 409 396 482 mixtum
417 399 513 469 velut
539 389 671 462 disiicit
685 410 725 456 ac
743 383 891 475 dissipat
909 383 948 452 in
964 404 1023 468 ea,
1049 381 1246 474 exquibus
1282 412 1387 474 num,
1412 386 1452 456 in
1465 411 1537 480 quo
1552 410 1634 459 cum
1651 387 1743 460 sicco
1765 402 1881 472 terreo
1905 385 2096 465 humidum
2117 415 2276 486 aqueum

245 509 375 584 coierat
391 495 576 596 principia.
627 487 866 561 Mutationem
883 479 976 554 hanc
993 483 1078 554 cieri
1093 496 1128 554 'et
1141 485 1233 554 ellici
1282 503 1411 561 temere
1425 489 1613 559 confusum
1627 491 1812 573 cemitur,
1829 491 2001 584 tantisper
2019 496 2131 566 donec
2153 509 2188 566 et
2203 491 2276 566 huc
2357 492 2358 562 ἦ

245 615 401 686 docete
427 599 543 671 calore
567 607 751 673 extraneo,
783 587 911 676 idest,
940 585 1173 655 immoderato
1199 599 1233 656 et
1282 613 1397 684 aqueo
1427 583 1577 660 humido
1606 593 1777 684 paulatim
1810 609 2052 682 exarescente,
2091 595 2276 692 reliquum

246 716 372 804 igneo,
397 722 543 774 accenso
561 696 598 764 in
616 689 813 762 substantia
836 687 936 756 mixti
959 688 1002 756 de
1027 689 1148 757 nativo
1174 710 1234 757 ca·
1282 707 1435 764 terreum
1466 691 1505 760 in
1535 692 1689 763 cinerem
1708 693 1903 784 {redigitur
1980 696 2151 769 Alienum
2187 721 2275 768 vero

247 817 323 886 lore
339 811 378 878 in
393 805 546 876 alienum
564 820 626 866 seu
641 795 805 884 igneum,
829 802 903 860 tota
921 811 1004 859 suae
1018 788 1234 860 substantiae
1282 789 1379 864 hunc
1392 806 1425 862 et
1444 791 1587 883 igneum
1604 795 1755 866 calorem
1776 797 1821 865 ab
1843 798 1964 890 aliquo
1989 812 2134 869 externo
2155 800 2276 870 calore
2357 841 2358 846 κ

247 905 527 990 inflammatione
567 917 746 968 converso.
821 889 923 960 Hanc
959 890 1072 961 nativi
1107 889 1235 960 caloris
1285 893 1450 978 accendi,
1491 894 1639 964 minime
1661 896 1718 965 val
1747 897 1938 970 obscurum
1961 898 2018 968 vel
2038 899 2187 970 dubium
2211 915 2278 971 ega,

248 1008 460 1108 ignescentia
481 1000 734 1078 mutationem,
757 1007 795 1063 ut
819 995 1076 1062 demonstraret
1094 988 1236 1063 Aristo-
1285 995 1355 1068 Sed
1374 997 1469 1065 unde
1483 1009 1647 1066 externus
1662 995 1722 1067 ille
1742 1001 1903 1084 accedat,
1927 1012 1963 1069 et
1987 1001 2167 1093 quomodo
2190 1003 2277 1096 qui-

248 1119 354 1199 teles,
389 1105 497 1201 paulo
527 1101 630 1171 aliter
658 1120 764 1190 quam
788 1093 947 1163 Galenus
971 1093 1094 1162 definit
1114 1105 1231 1183 putre·
1285 1099 1395 1168 busve
1413 1098 1457 1166 de
1474 1098 1587 1167 causis
1603 1111 1637 1167 et
1649 1101 1894 1172 occasionibus
1912 1101 2053 1171 nativus
2066 1102 2112 1171 ab
2126 1116 2275 1174 externo

248 1218 458 1292 factionem,
483 1196 640 1302 φθορὰν
661 1203 725 1291 τῆς
745 1196 784 1268 ἐν
806 1187 949 1288 ἑκάστῳ
971 1189 1079 1292 ὑγρῷ
1102 1190 1237 1275 οἰκείας
1286 1199 1547 1270 circumventus
1584 1199 1814 1294 obsessusque
1848 1214 1909 1271 aut
1943 1216 2134 1295 occupatus
2170 1203 2277 1272 effer-

249 1315 313 1394 καὶ
336 1305 432 1388 κατὰ
454 1300 570 1404 φύσιν
589 1293 819 1397 θερμότητος
844 1293 904 1368 ὑπ’
928 1291 1122 1388 ἀλλοτρίας
1143 1295 1237 1390 dsp-
1287 1313 1404 1370 rescat
1420 1300 1458 1368 in
1473 1299 1635 1390 igneum,
1659 1302 1865 1392 praesertim
1881 1301 1922 1372 in
1940 1305 2150 1394 corporibus
2170 1305 2278 1386 vivis,

249 1413 426 1516 μότητος,
454 1424 497 1479 et¹
509 1417 610 1477 vocat
628 1395 784 1498 φθορὰν
807 1402 871 1490 τῆς
895 1392 1030 1477 οἰκείας
1048 1390 1237 1491 θερμότη-
1288 1401 1436 1472 minime
1453 1401 1663 1493 explicatum
1678 1417 1740 1477 est.
1791 1401 1862 1474 Sed
1880 1415 1912 1473 ct
1928 1404 2041 1477 nativi
2057 1403 2185 1474 caloris
2199 1429 2277 1474 non

251 1545 333 1604 aar,
368 1521 488 1588 aiireae
509 1531 549 1594 ac
571 1517 784 1595 temperatae
804 1499 1020 1570 substantiae
1045 1498 1155 1569 nativi
1180 1523 1238 1568 ca·
1288 1501 1458 1589 nnumin
1474 1502 1683 1595 corporibus
1698 1505 1815 1574 mixtis
1830 1491 1960 1592 genus,
1985 1529 2101 1599 neque
2121 1506 2200 1586 ides
2218 1531 2278 1576 re-

251 1622 360 1702 loris,
394 1636 482 1710 quae
503 1623 538 1680 et
557 1607 667 1676 mixto
691 1595 989 1696 συμμετρὸςοοῑ,
1023 1602 1238 1694 caeterisque
1288 1603 1426 1695 peritur
1446 1626 1538 1688 una,
1566 1605 1770 1695 praesertim
1794 1605 1971 1680 animatis.
2035 1603 2127 1676 Nam
2154 1621 2189 1678 et
2216 1631 2277 1677 ra-

254 1729 294 1796 in
310 1722 421 1792 mixto
445 1715 701 1784 elementorum
725 1703 950 1796 portionibus
974 1693 1174 1798 ἀνάλογος,
1203 1713 1238 1770 et
1289 1705 1387 1775 tione
1410 1705 1677 1790 convincimur,
1717 1723 1752 1776 et
1781 1730 1871 1798 pene
1899 1708 2082 1777 oculorum
2105 1709 2278 1778 docemur
2358 1735 2359 1796 3

253 1826 404 1898 mixtum
433 1815 541 1904 regit,
574 1807 697 1890 allicit,
732 1805 880 1874 sustinet
908 1817 1014 1895 atque
1045 1815 1239 1882 conservat,
1290 1828 1407 1890 sensu,
1429 1805 1580 1875 calorem
1595 1808 1863 1898 temperamenti
1879 1804 1937 1904 (ut
1949 1804 2094 1904 vocant)
2112 1809 2176 1902 qui
2193 1833 2278 1900 par·
2358 1813 2359 1822 ’

255 1923 490 1998 mutationem
513 1914 552 1982 in
578 1900 817 2002 ἀσύμμετρον
841 1917 876 1974 et
898 1904 1060 1994 igneum,
1093 1908 1157 1998 qui
1177 1906 1241 1973 de-
1290 1907 1386 1977 tihus
1400 1906 1596 1976 innascitur
1612 1929 1631 1974 a
1648 1909 1763 1998 prima
1779 1910 1933 1996 origine,
1954 1909 2082 1998 partim
2100 1912 2144 1978 de
2159 1911 2278 1981 calore

255 2027 364 2102 struit
381 2045 420 2090 ac
438 2012 601 2089 dissolvit
622 2032 752 2078 nexum
775 2021 879 2099 atque
900 2005 1067 2075 coalitum
1084 2005 1240 2075 elemen—
1293 2007 1460 2077 materiae
1474 2019 1699 2097 procreatus,
1725 2009 1853 2099 partim
1877 2009 1913 2076 vi
1929 2021 1962 2078 et
1985 2007 2138 2079 efficacia
2154 2033 2278 2082 causa-

256 2148 397 2206 torum,
428 2133 463 2188 et
485 2113 639 2186 actiones
661 2131 783 2179 omnes
805 2107 915 2176 mixto
940 2106 1121 2198 proprias,
1155 2129 1241 2198 quas
1293 2132 1373 2178 rum
1387 2107 1616 2178 formantium
1634 2108 1845 2199 impressus,
1867 2107 2011 2177 differre
2026 2112 2071 2178 ab
2089 2131 2130 2178 eo
2148 2113 2278 2199 calore,

256 2219 438 2314 οὐσιοίὸης
458 2217 520 2287 illa
538 2225 573 2283 et
595 2207 800 2280 harmonica
817 2208 993 2298 copulatio
1009 2208 1242 2278 consociatio-
1294 2209 1356 2302 qui
1373 2209 1411 2276 in
1426 2209 1643 2278 cordelonte
1664 2210 1790 2278 caloris
1812 2221 1849 2279 et
1870 2209 1963 2278 vitae
1987 2209 2032 2278 de
2054 2211 2277 2284 nutrimento

258 2356 340 2430 que,
360 2347 400 2393 ac
414 2313 599 2389 consensio
614 2312 868 2381 elementorum
885 2314 1035 2380 durante
1049 2333 1090 2381 ac
1103 2311 1243 2397 vigente
1293 2309 1463 2402 peculiari
1492 2310 1721 2400 exprimitur,
1750 2310 1904 2404 indeque
1927 2309 2085 2402 impulsu
2108 2311 2279 2406 fluxuque

256 2428 359 2506 mixti
374 2416 624 2494 constitutione
639 2412 807 2483 ediderat.
1059 2475 1063 2482 .
1294 2412 1465 2481 continuo
1478 2411 1641 2480 funditur
1656 2423 1932 2504 acpropagatur
1954 2401 2127 2481 intutum
2148 2437 2279 2506 corpus

359 2517 608 2612 Corruptionis
622 2513 820 2592 mentione,
845 2511 1015 2581 discernit
1029 2512 1259 2602 praecedens
1296 2536 1357 2603 per
1372 2511 1530 2595 arterias,
1548 2534 1589 2580 ac
1604 2513 1870 2602 temperamenti
1883 2512 2034 2582 calorem
2051 2513 2190 2598 excitat,
2214 2539 2279 2585 ve-

258 2651 311 2709 tes
332 2623 557 2699 alterationes
578 2642 598 2687 a
618 2615 815 2686 mutatione
831 2613 1065 2702 substantiae,
1096 2635 1186 2706 quae
1204 2624 1244 2682 ut
1295 2625 1388 2702 getat
1402 2625 1437 2683 et
1452 2612 1617 2688 vivificat.
1668 2611 1790 2681 Alium
1807 2613 1911 2683 etiam
1937 2637 1976 2684 ae
1999 2614 2181 2687 diversum
2203 2639 2280 2686 esse

259 2727 441 2821 corruptio
466 2721 581 2794 omnis
604 2714 894 2814 (alterationibus
919 2737 1008 2806 quae
1033 2715 1245 2784 antecedunt
1295 2715 1447 2784 calorem
1473 2713 1605 2806 plantis
1624 2713 1871 2806 plantarumve
1898 2714 2095 2797 radicibus,
2128 2717 2279 2792 semini-

163 2873 166 2880 ·
260 2825 453 2919 absolutis)
474 2820 656 2917 peragitur
679 2815 823 2889 tandem
852 2813 891 2883 in
918 2828 1096 2884 momento
1120 2814 1244 2884 solutis
1294 2817 1362 2885 bus
1386 2826 1447 2884 aut
1472 2813 1646 2885 fructibus
1665 2813 1881 2902 ingenitum,
1906 2816 1952 2884 ab
1977 2839 2036 2901 eo,
2063 2814 2125 2910 qui
2145 2819 2279 2909 partim

261 2953 425 3030 compage
453 2939 488 2998 et
516 2920 659 2991 vinculo
688 2931 793 3011 atque
820 2939 884 2987 eeu
915 2911 1179 2986 dehiscentibus
1204 2938 1244 2984 ec
1295 2918 1339 2984 de
1354 2929 1447 2987 terra
1464 2915 1547 2985 solis
1559 2916 1691 3005 sotsac
1705 2929 1865 3006 percocta
1884 2915 1994 2986 radiis
2005 2915 2204 2988 ministerio
2221 2944 2280 2990 ra·

259 3031 523 3112 discedentibus
539 3047 559 3094 a
574 3044 648 3091 sese
670 3020 822 3088 invicem
847 3017 939 3087 etin
961 3018 1115 3108 priorem
1138 3029 1245 3086 natu-
1295 3017 1415 3090 dicum
1435 3017 1613 3105 exugitur,
1648 3011 1909 3110 attrahiturque
1930 3040 1970 3088 ac
1989 3017 2218 3090 distribuitur
2240 3022 2280 3090 in

259 3163 338 3213 ram
357 3128 528 3226 paulatim
551 3119 781 3194 redeuntibus
809 3117 999 3190 elementis.
1064 3115 1246 3187 Praecedit
1295 3118 1436 3210 plantae
1466 3141 1615 3209 corpus,
1659 3119 1790 3208 partim
1818 3120 1863 3188 de
1889 3131 2052 3190 contactu
2079 3119 2282 3192 circumflui

261 3241 357 3313 enim
372 3227 634 3322 corruptionem
652 3217 744 3292 hanc
763 3218 877 3288 nativi
896 3217 1021 3287 caloris
1036 3218 1189 3309 primum
1208 3217 1245 3285 in
1296 3218 1387 3290 aiiris
1405 3213 1634 3302 inhaerescit,
1660 3232 1694 3288 et
1714 3219 1860 3305 insitum
1884 3221 1983 3310 prius
2007 3244 2047 3290 ac
2072 3244 2136 3290 eeu
2156 3223 2281 3292 ahtru·

261 3342 373 3414 mixto
396 3329 490 3421 ζίσις
505 3342 540 3398 et
561 3325 648 3394 levis
666 3322 812 3414 quidam
828 3321 964 3404 fervor,
989 3321 1063 3390 sola
1079 3319 1246 3412 qualitate
1296 3343 1375 3390 sum
1396 3319 1634 3413 latentemque
1655 3320 1807 3389 calorem
1830 3335 2016 3411 provocat,
2041 3322 2137 3393 acuit
2160 3335 2193 3392 et
2218 3348 2281 3394 ro-

201 3513 210 3522 ,
262 3436 459 3516 accessione
475 3429 648 3522 graduum
664 3424 802 3516 aliquot
822 3445 882 3492 seu
904 3421 1103 3492 intensione
1121 3419 1247 3491 caloris
1296 3423 1411 3492 horat.
1469 3419 1608 3492 Vocant
1631 3434 1749 3493 autem
1770 3415 1866 3498 huuc
1887 3423 2039 3492 calorem
2060 3423 2280 3496 inlluentem.

264 3539 460 3616 secundum
490 3531 620 3622 gradus
644 3537 861 3614 augescente.
927 3519 1061 3592 Fervo'r
1089 3543 1247 3592 crescens
1297 3520 1394 3592 Mira
1413 3520 1489 3592 eius
1506 3521 1560 3592 vis
1583 3533 1618 3590 et
1639 3535 1784 3603 natura,
1809 3523 2013 3611 praesertim
2036 3523 2134 3592 illius
2155 3525 2218 3617 qui
2241 3527 2281 3596 in

265 3637 458 3717 exardescit
478 3633 518 3702 in
539 3621 730 3728 φλόγωσιν
748 3638 782 3695 et
805 3623 1121 3693 inflammationem
1144 3623 1247 3690 inva-
1297 3621 1531 3691 animantium
1559 3621 1727 3690 cordibus
1746 3622 1969 3708 accenditur,
2003 3635 2037 3694 et
2064 3623 2164 3712 origo
2189 3627 2282 3698 mira

264 3751 416 3820 lescente
432 3756 521 3830 pene
537 3731 583 3802 ad
598 3751 775 3799 summum
789 3727 924 3810 calore,
950 3746 1115 3814 compage
1128 3737 1247 3794 tamen
1297 3722 1541 3816 explicatuque
1568 3743 1737 3813 perquam
1769 3720 1943 3808 difficilis,
1983 3723 2041 3793 vel
2072 3725 2192 3814 potius
2213 3729 2283 3798 ob·

264 3843 369 3920 mixti
391 3853 495 3933 atque
516 3828 768 3904 constitutione
788 3829 950 3896 nondum
973 3826 1078 3896 laesa.
1145 3821 1248 3892 Hanc
1298 3844 1399 3894 scura
1423 3845 1566 3913 prorsus
1589 3822 1997 3903 etabscondita,1mira
2020 3825 2175 3919 denique
2199 3845 2282 3900 cum

229 3967 235 3984 ⁸
266 3947 411 4022 tandem
428 3938 498 4011 nisi
515 3947 575 4006 aut
585 3945 733 4002 naturae
754 3928 865 3997 robur
889 3927 1058 4016 impediat
1080 3938 1142 3996 aut
1164 3947 1248 4016 pro-
1298 3945 1345 3994 eo
1370 3923 1486 3994 calore
1510 3923 1572 4016 qui
1601 3920 1764 4017 ἔμφυτος
1785 3925 1928 4014 proprie
1951 3937 1985 3994 et
2008 3918 2204 4022 σύμφυτος
2230 3945 2284 4004 est

264 4048 508 4134 hibeatopera
524 4035 630 4118 artis,
656 4029 815 4123 sequitur
836 4051 875 4097 ea
898 4029 942 4097 de
956 4052 1024 4120 qua
1040 4025 1247 4097 Aristoteles
1297 4025 1577 4118 cognatiuatque
1592 4023 1851 4098 convenientia.
1899 4021 2042 4096 Etenim
2067 4029 2164 4098 calor
2184 4025 2285 4122 σύμ-

265 4149 428 4246 loquitur
447 4131 579 4237 φθορὰ
604 4137 674 4205 τοῦ
696 4123 865 4226 ἐμφύτου
886 4127 1044 4222 θερμοῦ.
1097 4127 1248 4218 Utrique
1298 4149 1432 4223 φατος,
1459 4127 1489 4196 si
1511 4126 1603 4195 absit
1620 4125 1795 4209 influens,
1815 4149 1897 4194 mox
1915 4127 2147 4215 elanguescit,
2169 4133 2284 4222 perit-

265 4255 376 4346 igitur
394 4237 578 4316 Aristoteli
594 4248 628 4304 et
643 4230 780 4303 Galeno
805 4224 1088 4323 proximumxui
1110 4223 1248 4322 ἀχοίρι-
1298 4249 1368 4321 que
1384 4229 1470 4297 etin
1487 4228 1630 4317 igneum
1650 4238 1828 4296 exaestuat
1843 4229 1888 4294 ab
1903 4240 2069 4298 extraneo
2085 4253 2284 4322 oppressus,

268 4375 358 4430 mor
378 4348 498 4422 α’ίτιοα
521 4333 786 4432 putrefactionis
808 4345 859 4402 est
881 4330 1017 4401 alienus
1038 4354 1100 4400 seu
1124 4330 1249 4419 igneus
1298 4327 1370 4398 nisi
1384 4327 1549 4399 lomentis
1564 4329 1764 4402 roboretur.
1814 4326 1895 4398 Non
1915 4329 2031 4400 obniti
2050 4331 2146 4400 enim
2171 4345 2205 4402 et
2223 4358 2285 4404 re-

267 4455 384 4536 calor,
407 4445 470 4542 qui
486 4445 527 4512 in
543 4439 652 4508 mixto
675 4435 855 4520 incensus,
881 4445 914 4502 et
935 4433 1162 4502 confirmatus
1183 4454 1249 4520 op-
1300 4429 1420 4500 sistere
1443 4429 1666 4522 impressioni
1688 4428 1899 4522 potentioris
1920 4429 2047 4502 caloris
2068 4431 2287 4506 imbecillior

265 4551 408 4653 primit,
448 4543 618 4634 cliditque
641 4536 801 4609 nativum
828 4559 869 4605 ac
897 4532 1113 4606 dominatur.
1179 4527 1250 4602 Hic
1299 4532 1511 4624 ipsepotest.
1556 4527 1713 4602 lulluens
1727 4531 1758 4599 si
1772 4531 2003 4621 proportione
2017 4545 2051 4604 et
2065 4533 2176 4604 calori
2193 4547 2284 4606 tern-

267 4658 364 4732 calor
383 4671 465 4720 mos
484 4640 658 4724 absumit,
689 4633 851 4707 exhaurit
871 4660 911 4706 ac
934 4635 1082 4726 dissipat
1106 4649 1249 4706 aereum
1299 4634 1495 4725 peramanti
1512 4645 1546 4702 et
1564 4633 1674 4702 totius
1698 4631 1801 4700 mixti
1823 4631 2040 4704 substantiae
2060 4638 2286 4726 respondeat,

264 4753 472 4834 humidum,
495 4745 592 4838 quod
608 4740 768 4810 nativum
785 4739 935 4808 calorem
950 4751 984 4808 et
997 4731 1113 4815 vehit,
1139 4734 1250 4806 stelit
1299 4747 1376 4805 tum
1390 4733 1454 4804 alit
1469 4732 1622 4802 calorem
1638 4733 1755 4826 ipsum
1769 4733 1935 4826 acuitque
1947 4734 2021 4804 vin
2037 4734 2113 4805 eius
2125 4749 2159 4808 ct
2172 4740 2286 4809 actio-

141 4860 147 4872 '
265 4863 441 4948 fovetque.
492 4839 828 4936 QttareAristoteles
840 4834 978 4908 humidi
997 4839 1148 4908 calorem
1164 4859 1251 4904 con·
1300 4855 1382 4918 nes,
1407 4846 1484 4904 tum
1501 4834 1651 4906 mixtum
1673 4847 1857 4905 conservat
1880 4833 2126 4928 defenditque,
2151 4861 2198 4908 ne
2222 4842 2287 4912 de-

200 4940 205 4961 ’
268 4953 417 5036 tinentis
431 4946 611 5029 meminit,
635 4956 671 5013 et
684 4939 844 5011 Galenus
870 4935 966 5009 hunc
989 4940 1084 5031 epoti
1112 4932 1251 5006 humidi
1299 4934 1467 5008 trimento
1498 4935 1618 5028 aliquo
1649 4936 1839 5021 afficiatur,
1888 4934 1927 5007 Si
1960 4930 2284 5036 altiodrensem,

267 5085 308 5136 ac
320 5051 447 5130 caloris
464 5043 702 5116 evanescentis
719 5043 891 5111 deiectum
908 5041 1041 5110 indicat
1057 5039 1251 5110 mutatione
1301 5058 1403 5106 causa
1418 5049 1470 5106 est
1484 5037 1724 5129 corruptionis
1738 5038 1870 5123 mixto,
1895 5039 1956 5108 sed
1978 5061 2053 5106 non
2073 5061 2148 5109 uno
2165 5045 2287 5114 modo.

267 5161 376 5237 totius
391 5147 608 5227 substantiae
620 5145 665 5214 ad
679 5140 963 5233 corruptionem,
987 5164 1077 5234 quae
1092 5165 1174 5209 mox
1196 5161 1252 5206 se·
1301 5134 1341 5208 Si
1360 5138 1524 5226 langueat
1538 5138 1652 5222 enim,
1678 5161 1757 5208 cum
1773 5161 1900 5229 parum
1918 5140 2111 5208 admodum
2126 5145 2287 5216 conferat

267 5249 578 5358 quitur-dissoluto
594 5268 635 5316 ac
651 5243 829 5315 dilabente
850 5242 973 5316 mixto.
1023 5241 1113 5310 Nam
1137 5257 1171 5310 et
1192 5233 1259 5306 hic'
1300 5241 1356 5332 τῷ
1381 5231 1568 5334 συμφύτῳ
1586 5237 1740 5334 θερμῷ,
1776 5241 1816 5310 fit
1840 5252 1881 5309 ut
1904 5239 2054 5311 mixtum
2075 5240 2287 5314 destitutum

203 5449 209 5462 Ι
266 5367 391 5457 ignaua
413 5353 510 5430 calor
532 5347 674 5422 tandem
696 5343 848 5454 expirat,
873 5355 912 5412 et
935 5342 1152 5437 relinquitur
1172 5363 1252 5412 coe-
1301 5339 1477 5431 praesidio
1501 5352 1535 5412 et
1563 5339 1768 5413 adiumento
1798 5339 1892 5427 eius,
1931 5340 2034 5412 facile
2057 5354 2163 5436 etque
2181 5368 2290 5418 occa·
