4706 5818
128 245 230 326 rosa
413 273 416 282 ,
680 233 1573 330 1.'ctttt0tttcottcatt101tts1>atm1t.
1759 217 1761 222 ’
2043 259 2143 340 roas

128 422 207 492 sine
231 416 426 492 mutatione
450 431 658 498 naturarum
685 409 794 488 homo
817 417 928 486 iactus
949 427 983 486 et
999 411 1112 486 cruci·
1165 413 1289 490 forme.
1350 412 1448 488 Haec
1477 419 1625 493 variatio
1654 421 1693 496 fit
1725 449 1789 518 per
1816 427 1984 508 animam·
2035 429 2142 506 Tunc

128 525 219 594 tirus
240 544 276 595 es
290 514 441 592 Christe
451 518 566 606 Deus,
591 532 742 590 mortem
766 530 880 588 morte
906 515 1113 608 proculcans
1164 516 1273 606 tgitnr
1299 517 1418 588 anima
1445 535 1582 592 creatur
1605 523 1645 594 in
1668 539 1781 609 terra,
1807 553 1872 601 nec
1895 531 1965 604 init
1979 547 2082 608 antea
2100 534 2139 606 in

128 637 163 695 et
189 624 295 694 simul
318 623 525 712 glorificaris
546 644 627 692 cum
647 619 753 690 Patre
773 632 809 690 et
822 616 959 709 Spiritu
981 631 1113 698 sancto,
1163 618 1275 692 coelo.
1329 615 1464 688 Eadem
1492 625 1665 696 sententia
1698 638 1793 701 extat
1821 632 1859 699 in
1888 628 1952 704 lob
1979 659 2056 725 cap.
2078 639 2140 709 81.

127 727 227 794 salva
254 745 329 798 nos.
380 718 587 822 μονογενὴς
613 715 694 800 υἱὸς
714 714 779 791 καὶ
807 712 915 816 λόγος
934 722 1001 792 τοῦ
1018 717 1112 790 θεοῦ
1161 719 1239 788 sine
1269 715 1506 810 metaphoris,
1541 737 1576 794 ct
1597 725 1628 794 si
1649 727 1795 802 fuissent
1818 733 2138 807 animaeabinitio

127 820 324 904 ἀθάνατος
336 817 538 916 ὑπάρχων,
563 817 627 894 καὶ
647 813 943 911 καταδεξάμενος
963 814 1026 892 dmi
1043 815 1112 912 τὴν
1162 819 1307 899 mundi,
1331 845 1420 913 qnae
1436 836 1526 893 esset
1541 829 1756 916 absurditas,
1782 827 1876 904 nihil
1892 858 1950 907 cas
1964 861 2005 905 ex
2021 852 2071 909 tot
2084 861 2138 908 sc·

125 923 312 1020 ἡμηέραν
323 919 511 1019 σωτηρίαν
526 921 761 1018 σαρκοθῆναι
777 920 817 992 ἐκ
830 924 895 1013 τῆς
907 914 1017 1016 ἁγίας
1024 919 1113 992 deo·
1163 921 1253 992 culis
1269 922 1493 992 meminisse?

125 1023 243 1100 adam
264 1021 329 1098 aui
350 1020 407 1096 oiri
429 1021 624 1119 παρθένου
644 1017 783 1118 papiae
804 1017 992 1113 ἀτρέπτως
1005 1021 1112 1106 iaaa—
1241 1020 1364 1090 Tertia
1381 1024 1539 1114 quaestio
1556 1037 1627 1110 esta
1641 1025 1700 1099 An
1715 1036 1759 1103 de
1775 1059 1868 1108 novo
1884 1055 2047 1112 creentur
2061 1042 2140 1110 ani·

125 1120 335 1225 θρωπὴσας
355 1119 631 1221 σταυρωθείστε
643 1118 794 1216 χριστὸς
818 1116 838 1194 ὃ
856 1117 961 1206 Θεὸς,
988 1114 1113 1193 θανά·
1163 1145 1240 1191 mae
1258 1143 1299 1192 ex
1314 1118 1429 1194 nihilo
1446 1139 1542 1195 extra
1560 1149 1727 1220 corpora,
1752 1148 1787 1207 et
1802 1139 1931 1210 deinde
1947 1141 2142 1214 infundan-

125 1254 184 1326 τῳ
201 1223 373 1301 θάνατον
385 1220 572 1319 πατήσας,
598 1216 918 1316 συνδοξαζόμενος
929 1225 984 1318 aqi
999 1217 1112 1317 πατρὶ
1163 1238 1223 1293 tur
1239 1227 1465 1315 corporibus:
1493 1223 1554 1296 An
1570 1252 1653 1298 vcro
1669 1231 1762 1304 intra
1779 1262 1926 1330 corpora
1940 1265 1981 1310 cx
1997 1247 2139 1316 traduce

127 1328 193 1404 xci
209 1325 305 1429 cipite
320 1321 503 1420 πνεύματι
519 1321 766 1419 σιῠσονὴμᾶς.
1164 1324 1275 1394 fiant?
1315 1323 1444 1397 Utrum
1469 1351 1553 1396 vero
1575 1331 1724 1418 dixeris,
1753 1361 1828 1406 non
1853 1357 1904 1411 est
1925 1344 2139 1414 excludenda

233 1429 384 1502 Duravit
404 1441 521 1502 autem
545 1429 713 1523 Synodus
743 1425 883 1496 circiter
912 1423 1112 1509 biennium,
1165 1425 1231 1496 Dei
1249 1428 1444 1515 praesentia
1461 1429 1500 1498 in
1514 1429 1726 1504 formatione
1749 1450 1784 1507 et
1800 1439 2052 1514 vivificatione:
2078 1450 2139 1516 sed

125 1557 169 1604 ac
183 1536 228 1605 dc
243 1528 401 1620 Origene
416 1553 543 1620 magna
565 1530 757 1600 certamina
779 1529 935 1599 bierunt.
988 1525 1113 1614 Agita·
1165 1528 1364 1597 firmissime
1378 1532 1604 1601 statuendum
1620 1548 1689 1614 est,
1712 1537 1959 1610 formationem
1981 1559 2016 1615 ct
2033 1548 2140 1621 vitam

126 1650 187 1706 tae
209 1647 291 1704 sunt
312 1631 551 1726 quaestiones:
587 1629 684 1720 Quid
702 1630 747 1700 sit
770 1629 900 1698 Anima
928 1621 1111 1705 hominis?
1165 1626 1231 1698 Dei
1255 1652 1344 1720 opus
1368 1653 1459 1715 csse,
1483 1633 1573 1702 sicut
1593 1646 1687 1707 totus
1703 1635 1864 1710 Psalmus
1882 1643 1964 1715 139.
1981 1647 2143 1731 altirmat,

126 1737 185 1806 Sit
202 1755 248 1803 ne
263 1745 303 1804 ex
318 1732 487 1802 traduce?
510 1729 570 1802 An
582 1745 667 1802 tnnc
679 1753 721 1798 ex
735 1724 851 1799 nihilo
866 1739 1013 1807 creetur,
1031 1749 1111 1796 cum
1165 1751 1230 1800 nos
1247 1732 1413 1814 formari,
1440 1732 1610 1802 viviticari
1628 1749 1663 1806 ct
1676 1737 1789 1808 foveri
1805 1765 1824 1810 a
1842 1739 1935 1812 Deo:
1962 1747 2142 1822 Formasti

126 1835 356 1908 infunditur?
386 1829 459 1905 Aut
481 1857 527 1902 an
553 1833 736 1923 probanda
752 1832 824 1900 sint
841 1825 1009 1917 Origenis
1022 1827 1115 1897 deli·
1164 1831 1279 1900 mein
1304 1835 1548 1904 uteromatris
1570 1859 1679 1908 meae.
1731 1837 1785 1910 Ac
1806 1844 1893 1914 utile
1909 1860 1960 1914 est
1976 1850 2143 1920 adversus

128 1951 309 2015 ramenta,
337 1935 399 2028 qui
422 1935 511 2005 dixit
533 1933 637 2003 simul
652 1955 775 2000 omncs
792 1927 964 2000 humanas
977 1928 1113 1998 animas
1164 1932 1345 2022 epicureus
1370 1934 1638 2020 imaginationes
1656 1941 1858 2012 confirmari
1871 1946 1976 2016 ficiem
1994 1949 2143 2019 illustri·

126 2039 237 2108 initio
253 2037 415 2106 conditas
431 2057 524 2120 esse,
549 2057 676 2127 easque
695 2033 732 2134 in
751 2033 848 2103 coelo
864 2033 978 2122 lapsas
994 2043 1114 2122 postea
1166 2034 1233 2103 bus
1248 2033 1469 2118 testimoniis,
1485 2035 1602 2126 qualia
1621 2031 1705 2108 hacc
1719 2057 1817 2113 suut:
1843 2042 1949 2118 Dent.
1960 2049 2040 2120 30.:
2066 2049 2144 2141 lpse

124 2142 169 2208 in
187 2159 335 2226 corpora
356 2137 461 2211 mitti.
1167 2147 1218 2202 cst
1233 2135 1304 2202 vita
1322 2147 1400 2219 tna,
1425 2149 1458 2205 et
1473 2137 1660 2222 longitudo
1678 2141 1815 2212 dierum
1841 2159 1993 2221 tarumm.

158 2221 161 2228 ¹
235 2237 349 2307 Filius
366 2238 431 2308 Dei
453 2237 633 2328 perspicue
650 2247 686 2304 et
704 2228 1114 2320 sineullaambiguitate
1214 2229 1338 2304 Actor.
1375 2233 1453 2308 17.:
1487 2234 1529 2304 lu
1557 2238 1634 2327 ipso
1657 2263 1796 2328 sumus,
1831 2247 1983 2319 vivimus
2013 2266 2047 2323 et
2068 2275 2145 2322 mo-

130 2341 283 2410 ailrrmat
297 2361 334 2409 se
352 2339 562 2429 corporibus
576 2332 764 2404 hominnm
787 2331 937 2403 mortuis
952 2331 1116 2402 redditu·
1166 2337 1305 2402 vcmdr.

131 2463 213 2510 rum
234 2439 443 2518 csseaitam.
495 2435 590 2506 Haec
617 2436 794 2505 sententia
822 2432 1022 2502 firmissima
1047 2432 1115 2500 fide
1216 2431 1423 2504 Coloss.1.:
1449 2430 1584 2505 Omnia
1603 2440 1759 2531 pereum
1776 2447 1985 2526 consistunt.

131 2541 377 2631 amplectenda
400 2549 470 2621 cst,
504 2549 538 2608 et
561 2537 815 2626 expectandum
837 2534 1010 2602 iudicium
1036 2545 1123 2622 post
1219 2531 1484 2608 alrimunt:
1503 2535 1715 2610 Coracho
1734 2543 2097 2633 quivivilicatomnia.

131 2639 362 2712 haucvitam.
414 2636 546 2707 Verum
560 2639 604 2706 de
622 2636 739 2720 anima
761 2646 919 2725 separata
932 2633 1118 2702 obscurior
1220 2635 1312 2704 Psal.
1342 2635 1440 2708 104.:
1475 2638 1624 2709 Auferes
1648 2643 1812 2732 spiritum
1836 2667 1977 2732 conam,
2010 2668 2044 2722 ct
2066 2677 2146 2742 per-

129 2757 185 2814 est
209 2742 383 2814 doctrina.
435 2738 506 2810 Sed
528 2750 647 2808 tamen
680 2734 765 2806 haec
793 2735 886 2804 dicta
919 2733 1118 2822 significant
1169 2734 1295 2819 ibunt,
1321 2752 1356 2809 et
1372 2739 1411 2808 iu
1428 2740 1607 2830 pulverem
1625 2757 1857 2815 revertentur.
1908 2747 2148 2843 Emittesspi·

130 2843 268 2915 animas
292 2838 478 2911 hominum
500 2839 645 2929 spiritus
668 2836 881 2927 separabiles
897 2857 987 2917 esse,
1012 2848 1047 2905 ct
1063 2833 1118 2908 vir
1169 2835 1277 2906 ritum
1301 2850 1402 2908 tuum
1424 2854 1458 2912 et
1474 2843 1746 2930 recreabuntur,
1774 2857 1808 2915 et
1824 2853 2010 2921 renovabis
2025 2854 2148 2925 faciem

131 2969 216 3016 vere
238 2955 431 3036 separatos:
466 2937 584 3010 Hodie
606 2961 744 3008 mecum
769 2937 838 3006 cris
870 2936 908 3004 in
931 2934 1116 3016 Paradiso:
1147 2952 1294 3011 terrac.

131 3046 253 3117 Nolite
272 3045 395 3114 timere
410 3065 488 3122 cos,
515 3041 578 3134 qui
595 3063 721 3131 corpus
737 3039 915 3132 occidunt,
942 3036 1024 3129 quia
1039 3034 1141 3105 anit
1176 3114 1179 3124 ¹
1221 3036 1313 3108 l’sal.
1339 3039 1416 3108 Sd:
1449 3038 1504 3110 Dc
1527 3043 1626 3112 coelo
1658 3045 1801 3136 respicit
1826 3047 2021 3139 Dominus,
2056 3058 2150 3126 videt
2207 3049 2210 3054 ⁵

131 3170 229 3218 mam
245 3146 405 3216 occidere
419 3167 493 3214 non
510 3155 674 3233 possunt:
702 3137 819 3230 Cupio
834 3139 979 3209 dissolvi
994 3149 1029 3207 et
1045 3159 1120 3206 esse
1170 3163 1294 3210 omnes
1317 3141 1408 3211 filios
1432 3137 1640 3232 hominum,
1672 3148 1804 3222 format
1833 3152 2013 3240 sigillatim
2044 3159 2150 3230 corda

134 3270 216 3316 cum
230 3242 385 3319 Christo.
420 3242 593 3316 Rom.8.:
620 3240 757 3331 Corpus
773 3253 952 3309 mortuum
970 3249 1021 3308 est
1036 3262 1121 3327 pro·
1171 3265 1306 3314 eorum.

74 3425 79 3434 .
131 3361 214 3440 pter
237 3359 427 3437 paccatum.
480 3339 634 3431 Spiritus
657 3353 773 3409 autem
794 3338 884 3406 vivit
905 3350 1048 3426 propter
1064 3337 1120 3404 iu·
1222 3339 1312 3408 Psal.
1330 3339 1408 3410 99:
1437 3341 1571 3415 Scitote
1584 3349 1676 3436 quod
1692 3345 1869 3420 Dominus
1890 3353 1964 3442 ipse
1982 3372 2031 3426 est
2045 3357 2152 3445 Deras,

135 3447 290 3518 sticiam:
330 3445 498 3517 Deusest
529 3439 626 3512 Deus
648 3434 829 3508 Abrahae.
882 3435 978 3505 Vivit
1010 3435 1121 3523 igitur
1172 3437 1246 3528 ipse
1260 3439 1341 3508 lecit
1354 3463 1438 3523 nos,
1465 3456 1499 3536 et
1515 3468 1588 3512 non
1606 3446 1673 3535 ipsi
1689 3471 1762 3516 uos.
1817 3450 2151 3550 Nosautampopn-

138 3543 332 3624 Abraham.
384 3545 480 3615 Haec
501 3544 595 3613 dicta
617 3562 839 3632 opponamus
862 3536 926 3617 iis,
953 3537 1016 3630 qui
1032 3538 1120 3604 ima·
1172 3540 1339 3622 luscius,
1366 3554 1400 3611 et
1416 3565 1499 3611 oves
1515 3560 1660 3633 pascuae
1677 3548 1764 3617 eius.

135 3653 301 3741 ginantcr
323 3648 459 3716 animas
483 3641 658 3714 humanas
683 3665 755 3712 esse
778 3638 995 3721 flammulas,
1030 3659 1119 3729 quae
1214 3639 1288 3708 lob·
1305 3639 1382 3715 14.:
1417 3641 1596 3714 Numerus
1618 3648 1791 3717 mensium
1812 3650 1888 3722 eius
1912 3659 2008 3747 apud
2033 3671 2067 3728 te
2090 3676 2151 3747 est,

136 3748 406 3821 nominanture
425 3745 578 3816 Medicis
594 3745 740 3836 spiritus
758 3741 902 3825 vitales,
927 3739 990 3832 qui
1007 3739 1121 3808 extin-
1172 3742 1386 3813 constituisti
1401 3746 1592 3815 terminum
1607 3747 1658 3831 ei,
1684 3772 1788 3840 quem
1807 3776 1879 3821 non
1897 3760 2113 3846 praeteribit.

137 3864 294 3942 guantur
307 3850 396 3920 ,gem
412 3849 448 3916 i„
465 3847 672 3940 pecudibus,
1275 3841 1425 3912 Talibus
1448 3847 1662 3918 testimoniis
1686 3851 1883 3924 confirmati
1908 3870 2001 3929 certo
2019 3872 2150 3930 statua-

240 3951 348 4040 Quod
374 3973 457 4019 vero
481 3948 619 4018 animae
642 3942 830 4016 hominum
844 3942 1121 4014 nonsintcrea·
1172 3967 1252 4015 mus
1266 3945 1375 4014 vitam
1393 3945 1624 4020 nobisaDeo
1641 3951 1718 4020 dari
1735 3966 1768 4022 et
1784 3961 1994 4041 conservari,
2012 3975 2045 4032 et
2062 3987 2151 4055 quo·
2238 3983 2242 3992 ’

106 4131 110 4138 ,
136 4070 194 4127 tae
211 4053 313 4124 initio
330 4052 456 4122 mnndi
478 4064 559 4120 ante
582 4073 750 4140 corpora,
776 4045 934 4115 narratio
950 4045 987 4112 in
1006 4040 1121 4112 Moise
1172 4047 1260 4116 tidie
1284 4046 1317 4114 ei
1336 4048 1470 4136 gratias
1481 4074 1644 4140 agamus,
1670 4076 1899 4142 agnoscamus
1919 4063 2151 4146 conditorem,

138 4155 314 4238 ostendit,
339 4152 493 4246 quaesit
510 4151 814 4242 priusformatum
837 4169 910 4215 esse
926 4141 1025 4215 Adae
1042 4167 1121 4213 cor·
1172 4163 1206 4220 et
1223 4162 1404 4240 petamus,
1429 4163 1469 4220 ut
1493 4175 1557 4220 nos
1577 4168 1710 4238 servet,
1735 4157 1907 4242 gubernet
1928 4174 1964 4231 et
1978 4176 2149 4252 protegat.

136 4281 222 4349 pus,
248 4268 283 4325 et
306 4255 435 4323 deinde
461 4251 664 4333 infaciem,
691 4249 824 4319 scilicet
845 4248 915 4318 iam
933 4247 1120 4315 formatam
1171 4248 1270 4319 Haec
1293 4249 1446 4339 cogitare
1467 4253 1591 4324 utilius
1617 4266 1669 4323 est
1691 4278 1796 4347 quam
1820 4260 1980 4347 profanis
1993 4263 2151 4355 disputa·

136 4360 351 4448 inspiratum
381 4375 456 4423 csse
483 4353 574 4421 vitae
609 4351 837 4442 spiraculum.
899 4345 981 4417 Non
1014 4345 1121 4434 igitur
1172 4349 1332 4421 tionibus
1362 4352 1544 4440 implicare
1569 4368 1717 4426 mentes.
1784 4353 2009 4450 interrogant
2033 4378 2149 4435 autem

138 4461 240 4551 prins
262 4471 362 4528 erant
385 4455 549 4525 conditae
574 4453 724 4526 animae.
777 4449 898 4538 Quare
922 4464 956 4518 ct
972 4448 1010 4516 in
1025 4444 1119 4520 Psal.
1172 4452 1302 4544 aliqui,
1323 4452 1385 4544 qui
1407 4453 1482 4538 liat,
1505 4468 1547 4526 ut
1568 4469 1746 4545 peccatum
1773 4459 1818 4528 sit
1833 4459 1871 4528 in
1887 4463 2094 4547 animabus,
2121 4469 2150 4534 si

143 4561 229 4634 139.
247 4561 309 4652 qui
332 4571 386 4630 cst
405 4554 578 4627 confessio
594 4555 638 4622 de
653 4552 850 4644 praesentia
868 4563 903 4620 et
919 4572 1025 4641 opere
1042 4545 1122 4632 Dei,
1173 4576 1295 4622 recens
1317 4567 1493 4627 creantur.
1543 4554 1626 4627 Ideo
1650 4559 1859 4630 concinnius
1890 4585 1963 4634 csse
1986 4566 2150 4638 dixerunt

137 4663 177 4732 in
193 4661 414 4750 singulorum
429 4654 642 4728 formatione
666 4669 700 4724 et
726 4654 819 4722 vitae
842 4650 1122 4736 conservatione,
1172 4653 1285 4744 aliqui
1300 4654 1433 4737 dicere,
1457 4654 1578 4725 Creari
1595 4659 1707 4728 casin
1724 4663 1934 4750 corporibus
1951 4668 2149 4738 extraduce
2226 4729 2229 4734 .

139 4764 326 4854 aliquoties
349 4761 497 4851 repetita
516 4770 567 4829 est
592 4755 631 4823 in
646 4755 806 4844 signibus
821 4754 939 4824 verbis
954 4747 1040 4822 hacc
1056 4753 1122 4822 do·
1174 4756 1372 4826 immundo.
1422 4754 1566 4826 Servari
1591 4774 1707 4830 autem
1732 4775 1766 4830 ct
1785 4767 1969 4853 propagari
1985 4780 2147 4838 naturam

141 4865 275 4944 ctrina,
307 4866 403 4955 quod
431 4858 785 4930 inuterolormetur
808 4850 928 4925 homo.
986 4851 1059 4922 lam
1092 4853 1122 4920 si
1173 4857 1300 4940 talem,
1324 4855 1647 4948 qualisnuncest,
1672 4874 1711 4930 ut
1734 4863 1795 4954 qui
1818 4867 1961 4954 pedem,
1987 4871 2149 4961 quamvis

143 4967 263 5057 potior
286 4985 368 5054 pars
391 4961 489 5052 prius
514 4962 655 5041 fuisset,
687 4979 761 5024 non
784 4957 960 5026 diceretur
982 4956 1026 5022 de
1049 4967 1122 5046 toto
1175 4958 1361 5036 claudum,
1393 4959 1533 5034 retinet.
1582 4959 1632 5032 Et
1656 4955 1741 5030 haec
1769 4966 1813 5032 de
1843 4969 1987 5038 traduce
2018 4993 2147 5040 conve·

145 5063 311 5151 homine,
348 5061 495 5132 formari
515 5084 596 5128 cram
621 5061 660 5128 in
681 5071 804 5140 utero,
845 5070 879 5127 et
908 5055 1123 5126 nominatim
1175 5059 1281 5128 niunt
1297 5060 1342 5128 ad
1359 5059 1510 5130 dictum:
1531 5057 1623 5132 Ecce
1636 5062 1674 5132 in
1698 5063 1946 5156 iniquitatibus
1961 5085 2149 5159 conceptus

144 5168 279 5260 inquit:
304 5163 459 5235 Pinxisti
473 5185 529 5230 me
545 5161 582 5228 in
600 5159 829 5230 interioribus
852 5173 976 5228 terrae.
1026 5152 1123 5245 Ergo
1175 5181 1272 5244 sum,
1298 5173 1333 5230 et
1348 5160 1386 5228 in
1402 5162 1551 5251 peccatis
1566 5164 1725 5253 concepit
1739 5189 1795 5234 mc
1810 5182 1922 5240 mater
1947 5195 2035 5244 mea.
2077 5178 2146 5248 Sed
2235 5175 2243 5190 '

145 5270 285 5340 animae
308 5291 381 5336 non
404 5265 550 5334 fuerunt
573 5261 672 5352 prius
696 5262 735 5329 in
759 5261 878 5344 coelo,
903 5257 1000 5352 quasi
1018 5259 1124 5350 dicat,
1175 5255 1262 5329 haec
1290 5261 1545 5334 consideranda
1576 5264 1638 5348 iis,
1662 5289 1814 5358 quorum
1846 5284 1948 5340 actas-
1964 5280 2147 5366 maturuit,

145 5369 286 5458 organis
302 5382 336 5439 ct
352 5387 519 5450 sensuum
535 5362 737 5432 diversitate
751 5361 894 5432 variasti
918 5380 1043 5449 corpus
1067 5358 1125 5426 in·
1177 5361 1354 5454 relinquo.

1479 5459 1560 5535 ot*
1661 5531 1663 5537 s
