4696 5820
217 275 294 355 stt
586 205 588 210 ι
665 275 671 282 “
727 265 888 346 DECL.
932 269 1005 345 DE
1038 268 1221 349 DlCTO
1246 203 1739 352 enumeratam.
2181 279 2254 355 bib

220 452 294 523 riae
321 466 518 519 successum
551 441 757 528 liberalior,
792 444 865 514 suis
888 443 1091 527 distribuit,
1124 467 1213 539 quos
1371 441 1488 533 Quam
1506 469 1591 516 vero
1606 447 1699 519 tristi
1720 460 1754 519 et
1767 459 1856 520 tetra
1875 448 2029 540 imagine
2049 474 2087 527 se
2104 449 2180 541 ipse
2193 454 2256 523 de·
2339 443 2340 526 l

131 629 135 636 ,
220 552 325 624 unice
348 544 484 638 diligit,
517 569 582 638 pro
608 544 738 640 quibus
759 560 857 617 tanta
879 548 1035 640 pericula
1061 562 1096 618 et
1120 548 1213 620 mala
1265 547 1396 617 format
1417 560 1451 616 et
1476 547 1598 618 abiicit
1619 547 1773 639 Paulus,
1803 574 1882 624 cunt
1902 576 1938 622 se
1955 567 2057 624 vocat
2073 550 2257 646 ἔκτρωμα,

223 653 332 727 subiit
349 665 382 722 et
401 646 594 720 sustinuit?
1265 643 1334 718 hoc
1349 661 1418 733 est,
1443 646 1672 719 immaturum
1697 664 1731 721 et
1752 653 1994 744 imperfectum
2016 657 2173 742 loetum,
2197 678 2257 727 seu
2339 689 2340 740 ς

325 751 454 837 Dedit,
477 749 596 842 inquit
609 746 761 834 Paulos,
783 751 872 822 alios
887 747 1099 842 Apostolos,
1125 751 1214 823 alios
1267 750 1397 820 molam
1411 751 1537 821 abortu
1555 752 1727 822 eiectam?
2339 795 2340 800 1

1326 859 1330 876 '
1369 850 1475 920 Tales
1499 875 1578 922 com
1600 878 1636 923 se
1651 856 1839 948 ipsosesle
1860 858 1981 931 dicant
1997 859 2064 950 ipsi
2080 855 2258 952 Apostoli,
2339 895 2340 902 κ

223 850 437 948 Prophetas,
483 852 572 922 alios
604 849 867 942 Evangelistas,
910 853 1000 922 alios
1039 852 1213 936 Pastores,

226 961 312 1030 alios
335 959 521 1028 Doctores.
1268 953 1332 1046 qui
1346 954 1440 1023 inter
1456 953 1517 1022 illa
1533 955 1629 1024 dona
1652 951 1881 1049 triumphalia
1899 961 2005 1050 primi
2019 975 2259 1048 recensentur,
2339 965 2340 1054 l

325 1058 502 1130 Haeccine
516 1068 600 1128 sunt
613 1055 675 1126 illa
692 1056 827 1147 egregia
843 1057 957 1140 dona,
982 1079 1073 1148 quae
1087 1080 1129 1126 ex
1142 1056 1214 1126 alto
1268 1055 1354 1147 quid
1389 1056 1432 1123 de
1463 1056 1610 1150 reliquis
1636 1054 1860 1129 sentiendum
1888 1076 1958 1153 est,
1993 1060 2202 1134 Pastoribus
2227 1077 2261 1132 et
2339 1057 2340 1126 l

225 1165 477 1243 conferuntur,
510 1172 624 1228 atam
647 1171 808 1249 potente,
844 1159 1050 1248 magnifico,
1075 1157 1215 1227 liberali
1268 1155 1503 1240 Ductoribus,
1528 1159 1591 1250 qui
1606 1182 1680 1229 non
1695 1161 1768 1232 illis
1788 1163 1898 1234 tantis
1912 1165 2017 1234 donis
2031 1165 2184 1256 ¹spiritus
2201 1191 2260 1236 or·
2339 1169 2340 1254 j

224 1259 482 1357 triumphatore
502 1255 665 1344 Christo,
696 1263 839 1333 sedente
862 1261 906 1330 ad
923 1261 1082 1330 dextram
1102 1273 1215 1329 aeter·
1269 1259 1343 1328 noti
1358 1261 1466 1327 sunt?

226 1371 265 1442 ni
279 1367 406 1462 patris,
433 1379 469 1434 et
482 1364 591 1432 verbo
609 1363 785 1452 potentiae
801 1386 883 1432 suae
900 1362 1020 1432 omnia
1036 1362 1216 1432 sustinen—
1371 1359 1507 1429 Mirum
1526 1361 1635 1450 igitur
1652 1363 1766 1433 videri
1783 1379 1915 1456 potest,
1942 1392 2007 1438 cur
2024 1372 2151 1444 audeat
2168 1369 2262 1442 Pau·

227 1472 287 1544 tc?
338 1467 398 1538 An
421 1461 480 1536 hic
503 1464 638 1534 fructus
658 1465 774 1532 omnis
799 1477 835 1534 et
849 1464 929 1531 huis
945 1465 1102 1536 universi
1120 1464 1217 1534 illius
1269 1464 1326 1532 lus
1357 1456 1423 1530 hos
1454 1462 1620 1544 miseros,
1661 1489 1909 1552 aerumnosos,
1941 1471 2198 1544 abiectissimus
2230 1489 2265 1544 et
2339 1517 2340 1540 t

226 1572 315 1646 belli
339 1567 476 1641 censeri
500 1567 622 1649 debet,
664 1565 761 1657 quod
791 1565 885 1634 filius
917 1562 983 1633 Dei
1009 1581 1108 1636 tanto
1136 1590 1216 1637 cum
1270 1564 1591 1656 contemptissimos
1613 1559 1776 1638 homines
1796 1595 1920 1640 vocare
1942 1574 2037 1642 dona
2064 1573 2146 1658 illa,
2173 1598 2264 1668 quae
2339 1623 2340 1652 ,

227 1672 413 1746 molimine
432 1670 536 1760 gessit
552 1691 632 1736 cum
652 1661 814 1736 hostibus
829 1669 967 1756 generis
985 1663 1154 1752 humani,
1179 1669 1218 1736 in
1270 1661 1330 1735 hic
1352 1679 1470 1736 tantus
1491 1666 1605 1738 victor
1625 1680 1659 1738 et
1686 1664 1924 1762 triumphator
1939 1670 2117 1746 Dominus
2140 1689 2264 1746 noster
2339 1657 2340 1738 l

228 1801 300 1872 quo
327 1785 438 1842 morte
469 1771 581 1861 ipsius
613 1767 761 1840 victoria
787 1783 887 1860 parta
916 1768 992 1838 est?
1042 1767 1100 1838 An
1132 1762 1218 1840 haec
1273 1767 1369 1836 lesus
1382 1762 1544 1838 Christus
1562 1793 1624 1838 ceu
1640 1772 1844 1862 praecipuas
1858 1777 2045 1848 manubias
2057 1791 2090 1846 et
2105 1779 2264 1848 fructum
2339 1761 2340 1822 ἶ

228 1880 305 1950 sola
327 1875 462 1946 utilitas
487 1897 528 1943 ex
550 1883 620 1940 tam
643 1870 773 1939 celebri
795 1870 962 1950 victoria,
990 1884 1022 1939 et
1047 1885 1116 1940 tam
1141 1872 1220 1960 glo-
1271 1869 1380 1938 totius
1403 1871 1491 1958 gesti
1514 1895 1532 1939 a
1552 1893 1588 1938 sc
1611 1871 1717 1957 belli,
1751 1874 1919 1944 victoriae
1944 1890 1979 1947 et
2013 1874 2192 1970 triumphi
2207 1881 2266 1950 sui
2339 1857 2340 1950 i

227 1983 323 2050 rioso
340 1969 521 2066 triumpho
537 1971 601 2039 filii
612 1970 677 2042 Dei
693 1972 867 2061 expectari
882 1973 1003 2051 debet,
1031 1973 1165 2042 scilicet
1180 1985 1220 2042 ut
1272 1972 1367 2041 inter
1382 1965 1548 2041 homines
1565 1973 1765 2046 distribuat.

229 2086 302 2151 sint
318 2082 412 2150 inter
427 2067 590 2144 homines
605 2072 666 2141 alii
684 2069 863 2163 Apostoli,
885 2073 947 2142 alii
964 2072 1135 2157 Pastores,
1158 2074 1220 2143 alii

228 2186 412 2266 Doctores.
889 2259 896 2274 Ι

333 2282 430 2370 Quid
454 2300 539 2348 vero
562 2276 629 2367 ipsi
646 2275 810 2369 Apostoli
833 2290 933 2364 sunt,
956 2279 1018 2370 qui
1032 2277 1127 2347 inter
1144 2271 1221 2356 hos,

233 2409 322 2482 quos
352 2381 485 2452 Paulus
517 2379 695 2470 praedicat
723 2403 796 2448 esse
830 2382 924 2449 dona
952 2374 1223 2470 triumphatoris

230 2484 384 2568 Christi,
409 2480 517 2575 primi
530 2495 780 2567 numerantur,
806 2498 841 2555 et
855 2482 959 2551 donis
973 2481 1176 2570 linguarum
1189 2491 1223 2551 et

229 2590 455 2660 sanationum
473 2583 673 2654 stallorum
691 2584 943 2653 miraculorum
967 2583 1141 2651 divinitus
1164 2606 1223 2651 or-

233 2692 307 2762 nati
324 2686 521 2759 excellunt?
573 2682 671 2770 Quid
695 2700 777 2755 sunt
800 2686 946 2778 inquam
969 2683 1024 2752 illi
1040 2683 1108 2774 ipsi
1123 2679 1224 2774 Apo-

232 2793 339 2864 stoli?
380 2788 451 2858 nisi
466 2782 631 2854 homines
653 2788 834 2856 communi
854 2797 949 2858 sorte
962 2785 1072 2856 totius
1087 2784 1223 2874 generis

232 2893 382 2968 humani
421 2887 644 2973 aerumnosi,
688 2889 847 2978 fragiles,
893 2889 1071 2959 mortales.
1144 2885 1222 2956 Imo

233 2998 321 3092 quid
346 2989 538 3085 Apostolus
556 2989 691 3059 Paulus
712 2991 756 3058 de
772 3014 808 3060 se
824 3006 859 3061 et
879 2990 1022 3079 collegis
1039 2990 1132 3072 suis,
1157 2981 1225 3056 hoc

235 3113 306 3181 est,
356 3098 401 3164 de
435 3090 616 3184 Apostolis
650 3089 827 3160 universis
862 3090 969 3160 sentit
1001 3103 1036 3161 et
1077 3087 1226 3158 scribit?

239 3205 273 3273 1.
294 3189 458 3268 Corinth.
482 3194 518 3266 4.
555 3191 715 3282 depingit
734 3213 838 3260 suum
857 3189 1044 3281 collegium
1068 3189 1225 3259 mirificis

234 3299 434 3381 coloribus,
471 3293 706 3363 miserrimam
737 3293 979 3367 conditionem
1006 3307 1039 3364 et
1064 3291 1225 3364 tristissi-

236 3427 331 3474 mam
344 3398 496 3491 speciem
522 3417 595 3466 esse
617 3417 837 3465 summorum
853 3396 892 3464 in
908 3391 1082 3480 Ecclesia,
1106 3408 1226 3464 osten-

235 3510 343 3588 dens,
368 3525 448 3576 cum
465 3498 566 3570 dicit:
592 3494 684 3568 Puto
700 3511 817 3568 autem
834 3499 927 3591 quod
939 3498 1038 3568 Deus
1052 3493 1226 3587 nosApo-

236 3608 346 3680 stolus
373 3601 586 3676 novissimos
615 3600 769 3669 ostendit
796 3623 861 3669 ceu
890 3599 998 3668 morti
1022 3597 1226 3681 destinatos,

238 3711 321 3803 quia
345 3689 579 3798 spectaculum
597 3701 679 3771 facti
700 3723 821 3782 snmus
843 3699 1003 3780 Mundo,
1028 3713 1063 3769 et
1078 3696 1227 3788 Angelis

238 3826 273 3882 et
297 3806 525 3879 Hominibus.
582 3801 656 3872 Nos
679 3802 778 3873 stulti
808 3826 928 3874 snmus
952 3815 1097 3892 propter
1120 3793 1227 3870 Chri-

238 3927 354 3992 stum,
378 3931 444 3976 nos
460 3904 611 3988 infirmi,
636 3905 846 3994 contempti,
872 3902 1047 3989 famelici,
1072 3901 1228 3972 sitibun-

238 4013 294 4097 di,
317 4011 424 4091 nodi‚
450 4004 675 4077 contumeliis
692 4005 852 4074 omnium
869 4005 1037 4098 expositi,
1062 4016 1228 4096 vagantes

236 4112 382 4184 incertis
391 4109 544 4191 sedibus,
571 4120 777 4200 quaerentes
790 4108 895 4177 nohis
910 4109 1040 4178 victum
1057 4130 1228 4177 manuum

238 4213 443 4296 laboribus,
478 4207 736 4292 maledictiset
768 4205 999 4301 blasphemiis
1028 4207 1229 4299 proscindi-

239 4343 341 4404 mur,
366 4330 400 4386 et
422 4312 514 4384 odiis
538 4309 699 4380 omnium
724 4311 893 4380 ordinum
914 4307 1140 4391 infestamur,
1167 4311 1229 4378 de-

239 4423 349 4514 nique
373 4407 606 4506 καθάρματα
629 4406 737 4482 huius
760 4413 888 4482 mundi
908 4414 990 4484 iacti
1005 4437 1140 4484 sumus:
1167 4405 1231 4482 καὶ

239 4515 393 4594 πάντων
409 4507 658 4611 περιψὴματα.

340 4620 420 4691 Hoc
437 4642 516 4689 cum
532 4619 575 4687 de
590 4613 771 4705 Apostolis
787 4617 961 4687 universis
976 4618 1070 4686 dicat
1086 4612 1231 4696 Paulus,

242 4727 304 4820 qui
317 4726 391 4816 ipse
407 4720 567 4792 omnium
582 4717 715 4814 iudicio
730 4719 824 4788 inter
834 4715 1023 4812 Apostolos
1037 4716 1139 4788 facile
1155 4715 1231 4808 pri-

240 4850 339 4896 mum
358 4826 472 4894 locum
497 4821 653 4906 obtinet,
681 4843 885 4890 revocemus
910 4823 1014 4890 nobis
1036 4819 1076 4886 in
1096 4841 1232 4887 memo-

1375 2070 1444 2142 Sed
1459 2087 1652 2142 statuamus
1667 2076 1874 2165 gravissimo
1889 2079 2037 2151 consilio
2047 2079 2199 2153 Paulum
2218 2085 2266 2155 ita

1272 2168 1370 2243 hunc
1390 2171 1540 2244 Davidis
1567 2175 1684 2246 locum
1715 2178 1986 2270 interpretatum
2017 2205 2108 2263 esse,
2141 2198 2183 2256 ut
2202 2211 2268 2276 per

1273 2276 1335 2344 illa
1359 2274 1519 2345 coelestia
1540 2279 1654 2361 dona,
1686 2303 1776 2371 quae
1799 2282 1913 2352 victor
1936 2280 2269 2358 Dominus.noster
2339 2315 2340 2368 t

1273 2375 1371 2446 lesus
1385 2371 1547 2448 Christus
1563 2379 1601 2446 in
1617 2380 1755 2450 coelum
1769 2398 1927 2453 revectus
1942 2387 2191 2458 distribuenda
2207 2413 2268 2460 ac·
2339 2369 2340 2454 i

1275 2478 1366 2569 cepit
1383 2472 1608 2565 hominihus,
1636 2480 1811 2572 intelligat
1827 2482 2035 2576 Apostolos,
2060 2485 2270 2580 Prophetas,
2339 2497 2340 2532 l

1275 2580 1436 2652 Pastores
1455 2594 1489 2651 et
1505 2581 1687 2653 Doctores.
1736 2583 1887 2654 Causam
1905 2588 2012 2676 igitur
2030 2584 2137 2659 huius
2154 2593 2268 2663 inter·
2339 2603 2340 2614 ¹

1276 2682 1483 2774 prelationis
1499 2705 1720 2775 quaeramus.
1773 2685 1824 2756 lta
1841 2688 1900 2758 fiet
1915 2688 2103 2763 etDavidis
2119 2697 2269 2782 dictum,
2339 2695 2340 2702 '

1275 2799 1307 2854 et
1323 2782 1425 2854 Pauli
1442 2785 1631 2854 declaratio
1649 2787 1834 2858 illustrior.

1376 2884 1509 2954 Notum
1536 2900 1587 2956 est
1610 2888 1647 2953 in
1669 2884 1847 2979 Ecclesia,
1874 2895 2056 2983 quomodo
2078 2898 2188 2988 primi
2206 2927 2271 2992 pa-

1276 2999 1392 3056 rentes
1410 2986 1639 3057 circumventi
1655 2988 1796 3061 insidiis
1811 2993 2005 3063 saevissimi
2020 2996 2172 3068 latronis
2180 3000 2271 3076 Dia·
2334 2987 2340 3012 ⁷

1276 3088 1372 3171 boli,
1397 3100 1432 3156 et
1453 3087 1594 3177 spoliati
1617 3089 1689 3159 sint
1710 3091 1783 3160 illis
1800 3093 2008 3166 coelestibus
2027 3099 2152 3186 bonis,
2179 3127 2272 3196 quae

1277 3191 1322 3258 ad
1337 3189 1527 3276 imaginem
1538 3189 1605 3259 Dei
1620 3191 1782 3278 formati,
1805 3194 1844 3261 iu
1861 3197 2038 3268 creatione
2051 3220 2273 3293 acceperant,

1277 3304 1311 3360 et
1335 3291 1481 3381 insuper
1509 3292 1655 3361 sauciati
1685 3293 1755 3364 sint
1781 3295 2038 3368 incurabilibus
2063 3317 2098 3372 et
2125 3330 2274 3394 prorsus

1278 3387 1470 3463 lethalibus
1497 3392 1716 3468 vulneribus.
1781 3395 1850 3467 Sed
1884 3398 1979 3468 {ilius
2001 3399 2068 3471 Dei
2097 3404 2274 3479 immensa

1278 3495 1438 3564 bonitate
1460 3494 1624 3565 misertus
1648 3498 1787 3584 generis
1812 3494 1980 3586 humani,
2012 3503 2060 3573 ita
2083 3506 2186 3590 foede
2208 3513 2273 3578 de-

1277 3595 1422 3666 formati
1444 3609 1479 3666 et
1502 3598 1616 3666 avulsi
1636 3621 1655 3666 a
1670 3595 1766 3684 Deo,
1789 3610 1825 3669 et
1839 3600 1878 3669 in
1895 3616 2077 3674 aeternum
2094 3633 2274 3682 carcerem

1279 3698 1352 3768 irae
1382 3693 1468 3782 Dei,
1500 3713 1535 3768 et
1565 3699 1690 3769 mortis
1719 3701 1878 3770 conclusi
1907 3704 1953 3773 ab
1977 3695 2078 3777 hoste
2099 3711 2276 3799 Diabolo,

1279 3799 1359 3869 ideo
1393 3793 1586 3868 humanam
1621 3815 1787 3871 naturam
1820 3807 2025 3896 assumpsit,
2063 3825 2104 3880 ut
2136 3813 2278 3888 inflicta

1280 3903 1426 3973 vulnera
1451 3915 1608 3986 sanaret,
1635 3916 1668 3971 et
1691 3904 1785 3973 hona
1806 3905 1912 3975 nobis
1935 3908 2123 3982 aDiabolo
2142 3931 2278 4008 erepta,

1280 4003 1492 4074 restitueret.

1381 4101 1480 4175 Haec
1503 4104 1597 4175 bona
1621 4120 1721 4176 sunt:
1748 4109 1908 4181 remissio
1926 4128 2167 4202 peccatorum,
2192 4139 2278 4206 gra-

1281 4205 1371 4275 tuita
1390 4207 1580 4297 acceptatio
1606 4220 1640 4276 et
1666 4209 1925 4296 reconciliatio,
1951 4214 2098 4284 donatio
2117 4213 2280 4306 Spiritus
2339 4229 2340 4238 ’

1282 4309 1413 4393 sancti,
1446 4331 1527 4378 vera
1552 4308 1684 4400 agnitio
1710 4307 1798 4396 Dei,
1826 4336 1892 4402 pax
1911 4328 1945 4384 et
1964 4315 2101 4384 laeticia
2126 4319 2165 4385 in
2186 4316 2281 4406 Deo,

1283 4405 1461 4480 inchoatio
1484 4412 1741 4482 conformitatis
1762 4437 1842 4482 cum
1866 4414 1961 4495 Deo,
1985 4418 2178 4488 certissima
2197 4445 2282 4514 spes

1284 4513 1376 4585 vitae
1393 4524 1427 4583 et
1442 4515 1710 4584 consuetudinis
1732 4528 1892 4584 aeternae
1910 4543 1989 4587 cum
2009 4515 2103 4604 Deo,
2130 4523 2193 4591 uhi
2217 4549 2281 4592 co-

1283 4636 1358 4683 ram
1380 4615 1607 4704 perfruemur
1626 4616 1765 4685 infinita
1789 4616 1885 4702 luce,
1912 4621 2083 4710 sapientia
2106 4636 2141 4691 et
2163 4625 2282 4712 gloria

1284 4717 1417 4789 divina.

1385 4814 1483 4887 Haec
1502 4819 1596 4888 hona
1618 4818 1717 4907 prius
1741 4821 1868 4890 amissa
1887 4845 1949 4911 per
1964 4826 2119 4914 primum
2138 4827 2283 4918 lapsum

242 4929 350 5012 riam,
381 4925 467 5019 quid
492 4926 534 4993 de
560 4947 597 4991 se
618 4922 692 5012 ipse
710 4923 934 5013 peculiariter
954 4922 1060 4992 dicat.
1114 4918 1231 5008 Quam
1284 4917 1378 4987 filius
1399 4915 1466 4987 Dei
1488 4916 1666 4992 Dominus
1691 4935 1811 4990 noster
1833 4919 1930 4993 lesus
1946 4922 2111 4997 Christus
2127 4951 2283 5021 recupe-

242 5031 368 5100 misere
393 5026 553 5116 deplorat
577 5048 675 5099 suam
699 5023 956 5108 infirmitatem,
991 5017 1232 5117 palamlproli-
1285 5020 1396 5104 ravit,
1434 5020 1565 5105 fracto,
1615 5037 1810 5106 exarmato,
1851 5026 2022 5116 spoliato,
2062 5043 2096 5100 et
2124 5032 2285 5100 aeternis

242 5149 336 5220 tens,
364 5153 400 5202 se
415 5125 616 5198 nonfacere
632 5127 768 5196 bonum
782 5128 877 5220 quod
893 5125 998 5211 velit,
1025 5126 1085 5194 scd
1100 5125 1232 5192 malurn
1285 5122 1438 5190 vinculis
1471 5123 1662 5192 constricto
1683 5120 1855 5210 Diabolo,
1895 5153 2005 5220 eaque
2034 5130 2128 5199 bona
2160 5135 2286 5202 reddit

242 5237 339 5330 quod
356 5230 473 5302 nolit?
513 5230 599 5298 Item
617 5225 685 5298 sibi
703 5251 775 5298 csse
798 5226 943 5298 infixum
965 5228 1082 5320 palum
1101 5226 1137 5292 in
1158 5249 1234 5294 car·
1259 5278 1262 5310 ,
1286 5225 1455 5294 omnibus
1469 5223 1583 5315 ipsum
1598 5225 1667 5293 fide
1680 5227 1909 5319 sequentibus
1923 5243 1959 5300 et
1972 5232 2285 5322 amplectentibus.

241 5361 324 5422 nem
345 5333 509 5426 angelum
534 5326 704 5412 Satanae,
726 5355 745 5398 a
770 5355 840 5422 quo
866 5330 1053 5399 durissime
1070 5329 1235 5398 caedatur
1258 5317 1263 5412 l
1290 5405 1293 5415 Ι
1389 5323 1486 5394 Haec
1509 5340 1599 5404 sunt=
1614 5327 1796 5398 verissima
1819 5329 1880 5397 illa
1905 5331 1997 5400 dona
2013 5355 2071 5401 seu
2089 5335 2287 5405 manubiae

242 5433 412 5532 colaphis.
1260 5421 1263 5466 ¹
1288 5450 1349 5496 seu
1373 5427 1583 5520 corigiaria,
1600 5453 1689 5522 quae
1705 5430 1819 5512 victor
1834 5444 1868 5500 et
1896 5427 2137 5523 triumphator
2160 5452 2288 5506 noner
