4696 5820
98 266 181 346 us
587 261 750 349 naon
790 259 866 349 nn
895 258 1052 344 cuna
1092 257 1294 338 encra
1322 254 1645 354 nouorum.
1715 211 1719 216 ’
2050 267 2127 344 214

10 413 12 424 Ι
98 448 250 554 μορῑοξ
282 431 487 510 testimonia
526 434 573 506 de
605 432 703 520 Deo,
743 446 888 528 propter
927 435 1090 508 ordinem
1141 432 1277 504 maiora
1296 432 1392 504 bona
1415 429 1453 500 in
1474 423 1541 500 hac
1562 429 1635 502 vita
1657 433 1779 525 quaeri
1801 393 1953 506 amam
1968 436 2123 510 obtineri

96 537 285 616 omnium,
312 535 510 607 doctrinam
535 529 723 629 physicam
737 550 771 607 et
788 537 1019 607 anatomicam
1033 535 1092 606 di·
1141 544 1300 627 possnm.
1350 529 1422 604 Nec
1437 531 1549 601 simus
1569 542 1641 601 mvn
1663 533 1775 622 latui,
1799 549 1841 608 ut
1854 533 2013 608 Platonis
2029 540 2122 630 poli-

94 637 197 728 ligite
214 650 252 707 et
265 635 407 707 discite.
458 629 667 706 Oroautem
682 634 795 706 lilium
803 633 881 721 Dei,
894 637 1089 708 Dominum
1139 635 1224 713 tiam
1241 632 1408 705 constitui
1423 652 1526 724 posse
1540 631 1764 716 arbitremur,
1778 636 1875 730 quod
1892 652 2121 710 conatesesse

93 751 266 808 nocuum
284 733 401 805 lesum
414 729 617 822 Christum,
638 749 742 830 'quem
759 735 923 806 mirando
939 736 1088 807 consilio
1138 757 1275 806 summa
1295 756 1376 806 cum
1400 731 1623 824 turpitudine
1647 749 1682 804 ct
1709 736 1915 808 crudelitate
1945 742 2118 834 quosdam

93 837 216 908 voluit
231 831 332 906 Deua
347 857 497 905 massam
523 829 674 914 humaui
699 836 836 926 generis
857 837 1023 924 inducre,
1048 850 1089 908 ut
1137 833 1297 906 Platonis
1311 834 1489 906 auditores
1503 833 1643 924 scripsit
1657 830 1871 908 Athenaeus.
1896 836 1965 909 Sed
1982 841 2117 929 optima

93 961 164 1008 nos
181 937 358 1026 gubernet
372 949 408 1006 et
421 948 599 1027 protegat,
623 949 659 1006 et
681 932 831 1008 honesta
846 937 1088 1010 doctrinarum
1139 950 1190 1008 est
1207 934 1333 1027 politia
1354 957 1445 1027 qnae
1467 933 1628 1026 seqnitur
1646 936 1804 1026 decalogi
1824 960 1984 1008 normam
1999 941 2037 1008 in
2055 965 2115 1010 ex·

96 1037 216 1108 studia
232 1035 393 1128 extingui
408 1058 484 1106 non
497 1036 601 1111 sinat.
651 1033 746 1110 Dixi.
1137 1051 1236 1109 terna
1260 1034 1465 1126 disciplina,
1496 1048 1532 1106 ct
1553 1058 1635 1105 cnm
1659 1035 1731 1107 sint
1753 1037 1859 1109 multi
1881 1051 2114 1122 contumaces,

1137 1138 1264 1208 delicta
1286 1158 1405 1206 severe
1425 1133 1540 1225 punit.
1592 1131 1765 1208 Gratulor
1784 1160 1868 1227 ergo
1887 1149 1922 1208 ct
1937 1135 2113 1212 Ecclesiae

1136 1251 1171 1310 et
1186 1235 1416 1318 Gennaniae,
1439 1235 1527 1306 tales
1538 1234 1674 1327 aliquas
1686 1237 1845 1312 civitates
1862 1261 1953 1323 esse,
1976 1253 2016 1311 ut
2030 1257 2114 1325 sunt

103 1365 173 1440 No·
197 1367 287 1446 159·
912 1397 961 1438 m·
983 1373 1078 1440 1557·
1136 1339 1348 1428 Noriberga,
1371 1333 1532 1419 Lnbeca‚
1555 1332 1767 1409 Vratislavia
1782 1337 1984 1412 dulcissima
2000 1342 2114 1430 patria

99 1461 278 1496 »ων
906 1463 1078 1496 »ων
1135 1463 1233 1524 mea,
1256 1435 1550 1554 Argentoratum,
1569 1431 1792 1528 Hamburga,
1822 1437 2054 1558 Luneburga,
2079 1457 2114 1516 ct

267 1601 345 1688 n
677 1597 911 1710 amn.
1335 1536 2113 1735 t:aaattuaatatattta

160 1773 498 1900 necatam·
513 1775 600 1900 avt·
614 1777 753 1850 cu
874 1773 912 1836 τ·
989 1789 1020 1846 2·
1033 1773 1086 1830 ⁶²⁷
1134 1755 1174 1814 ¹¹¹
1196 1753 1230 1912 a
1246 1739 1482 1912 tutto
1500 1729 1737 1810 ¹²
1753 1735 2110 1914 total-utia

363 1865 505 1918 ''⁹‘
571 1881 580 1902 '
1133 1857 2017 2030 ttttttttat‘atatf'tttdat:
2046 1869 2110 2037 ,t

1132 2042 1288 2116 custodit
1302 2063 1393 2112 eam.

316 2246 325 2265 .
569 2247 579 2266 ‚
747 2248 756 2266 ,
1217 2171 1297 2247 Etsi
1311 2186 1428 2243 autem
1443 2181 1560 2242 extant
1576 2183 1609 2242 et
1623 2171 1711 2241 aliae
1727 2170 1997 2261 significationes
2010 2197 2109 2248 meae

94 2229 223 2339 Saepe
245 2259 281 2317 et
299 2246 454 2316 libenter
479 2269 580 2341 quast
604 2262 723 2320 mente
745 2261 889 2320 intuens
912 2246 1081 2342 inclytam
1131 2300 1210 2368 erga
1226 2299 1301 2345 eam
1317 2273 1441 2343 urbem
1456 2270 1693 2370 fflfimdgng,
1717 2284 1835 2342 ,mn
1854 2285 1889 2345 e,
1903 2267 1994 2343 hm
2010 2298 2109 2346 com,

92 2349 224 2418 ΨΜ
249 2344 446 2464 Lubffflma
472 2370 562 2439 ‘luae
585 2371 665 2466 ⁰¹¹‚m
688 2372 821 2418 ¹¹⁰¹⁰e¹¹
843 2370 994 2419 ⁶⁰f⁰¹¹³²
1017 2343 1082 2418 δ’·
1129 2373 1421 2450 memorationem
1436 2371 1528 2441 iasio
1546 2385 1626 2462 post
1642 2393 1754 2442 memo
1774 2373 2039 2462 migrationem,
2063 2389 2105 2448 nt
2152 2361 2162 2376 '¹

93 2446 197 2532 beat,
232 2469 384 2517 ”⁰¹⁰¹00
406 2470 485 2566 ,ΒΨ
508 2446 684 2519 sa¹⁰¹¹¹³⁸
707 2471 903 2568 ⁰⁰f⁰¹¹³¹¹¹n
924 2448 1081 2568 dflecm
1129 2479 1310 2551 ostendam
1329 2472 1466 2543 nnllam
1486 2471 1558 2540 mei
1579 2471 1703 2542 iudicii
1724 2486 1759 2543 et
1781 2473 1973 2545 voluntatis
1988 2489 2105 2547 muta·

94 2571 174 2616 non
195 2546 313 2616 solnm
340 2562 551 2639 cogitatrone
574 2549 793 2666 splendoris,
826 2549 1078 2667 aedificiorum,
1129 2579 1263 2650 ,ionem
1285 2577 1413 2646 samm
1433 2593 1517 2642 ωε,
1566 2568 1678 2662 spem
1697 2594 1812 2642 mm,
1827 2574 2048 2645 „gamm
2065 2576 2104 2647 5„

94 2661 242 2740 porim,
273 2664 509 2766 mercaturae,
539 2649 741 2740 opulentiae
766 2664 800 2720 Ei
822 2671 1002 2718 variarum
1023 2671 1081 2718 1'0‘
1129 2680 1291 2750 docendo
1311 2673 1478 2747 omnibu,
1499 2672 1735 2763 prudentum.
1756 2671 1842 2742 viri·
1853 2673 1907 2743 ibi
1921 2675 2106 2764 probatam

94 2773 197 2833 ‘⁰¹¹¹’
222 2770 314 2842 ‘luae
336 2773 375 2818 ¹¹²
391 2743 537 2818 0⁰⁹³¹¹⁰
558 2749 609 2866 δὴ,
626 2759 708 2818 ⁰¹²⁰
727 2760 761 2866 ⁰}
775 2749 820 2818 ‘¹¹'
835 2749 1080 2866 ⁰‚⁰⁰³⁵¹¹³d⁹‘'
1129 2803 1220 2863 esse,
1250 2790 1285 2849 et
1314 2775 1384 2846 init
1413 2795 1494 2863 erga
1522 2797 1579 2842 me
1608 2765 1846 2843 honestissimi
1869 2770 2038 2859 Senatus,
2071 2790 2107 2850 st

94 2841 257 2933 humma
288 2851 350 2918 ⁸⁰d
379 2848 492 2919 ¹¹¹⁰li0
518 2869 629 2937 ΜΨ*
648 2849 934 2968 f⁰ns¹d⁰f³¹¹⁰¹¹²
957 2869 1080 2966 {mm
1128 2879 1322 2951 multorum
1336 2873 1533 2963 sapientum
1547 2873 1722 2955 virorum,
1748 2873 1876 2943 eximia
1890 2875 2107 2946 benevolen-

95 2960 415 3035 ornamentorum,
439 2961 628 3043 quaesunt
647 2971 686 3017 sn
702 2943 891 3019 hommum
906 2961 1081 3034 societate,
1129 2980 1197 3064 fia,
1228 2978 1358 3072 quibu,
1388 2973 1555 3044 omnibus
1582 2972 1748 3064 redebeo
1771 2973 2040 3061 gratitudinem,
2073 2988 2108 3049 et

94 3069 248 3119 mmm·
1130 3101 1268 3173 semper
1282 3075 1479 3168 praestabo,
1502 3095 1543 3142 ac
1559 3072 1751 3142 multorum
1768 3073 1909 3167 quidem
1924 3089 2108 3167 praestan·

137 3251 147 3270 .
193 3145 434 3270 Aristocratia
455 3162 507 3220 est
526 3149 632 3243 plena
656 3147 855 3240 dignitatis,
885 3161 921 3219 et
933 3143 1081 3223 Senatui
1129 3181 1220 3251 ,pum
1252 3177 1412 3246 ,imm
1443 3186 1477 3244 01
1509 3173 1820 3259 conguetudinem‚
1859 3187 1894 3246 ει
1925 3177 2104 3270 colloquia

94 3271 228 3322 exemia
248 3263 445 3321 reverentur
471 3251 571 3342 plebs
592 3253 823 3340 obtemperat.
864 3247 976 3337 Leges
995 3261 1081 3319 sunt
1130 3303 1232 3374 saepe
1248 3277 1429 3360 guidem,
1454 3286 1490 3347 ρ(
1504 3287 1623 3344 mem,
1644 3271 1800 3367 requiro,

95 3375 174 3422 non
197 3351 244 3422 ad
262 3351 372 3420 ullius
395 3352 504 3442 partis
527 3365 587 3422 aut
608 3350 773 3422 factionis
795 3347 1080 3420 commoditatem

95 3451 211 3537 latae,
241 3451 302 3522 scd
324 3451 369 3520 ad
390 3445 628 3535 honestatem,
660 3450 820 3521 iusticias
843 3448 1081 3519 conservatio-

95 3575 203 3636 nem,
238 3563 273 3622 et
297 3551 479 3645 aequalem
508 3546 640 3620 hivium
664 3549 961 3620 consociationem
985 3549 1085 3620 dire-

95 3668 195 3735 ctae,
218 3664 253 3721 ct
267 3650 418 3723 Senatus
432 3663 483 3722 est
499 3650 650 3739 vigilans
663 3665 698 3722 et
715 3673 796 3722 acer
808 3650 857 3718 'in
878 3650 996 3740 legum
1019 3650 1082 3720 de-

94 3753 281 3836 fensione,
306 3752 345 3820 in
363 3752 565 3821 exercendis
579 3751 739 3837 iudiciis,
763 3749 972 3848 disciplinae
994 3773 1081 3821 con·

95 3853 317 3936 servatione,
339 3852 379 3919 in
392 3851 582 3944 puniendis
598 3853 752 3938 delictis,
776 3867 810 3924 et
825 3851 1005 3923 intuenda
1019 3874 1083 3944 pa-

98 3978 160 4039 ce,
194 3965 281 4023 sunt
306 3965 340 4021 et
360 3966 453 4022 artes
481 3953 572 4024 vitae
592 3954 697 4024 utiles
723 3953 763 4023 in
786 3953 944 4039 civitate,
977 3965 1013 4023 et
1036 3975 1082 4022 ne

96 4053 219 4125 desint
241 4076 298 4122 res
319 4053 533 4122 necessariae
554 4054 599 4124 ad
630 4053 780 4140 victum,
813 4069 847 4126 et
874 4055 917 4124 ad
951 4055 1082 4126 artium
1149 4121 1158 4138 ,
1211 4118 1221 4136 ,
1624 4109 1633 4124 .
1808 4111 1816 4128 .
2082 4104 2092 4131 ,

97 4176 245 4250 operas,
276 4151 424 4224 Senatui
445 4177 549 4224 curae
572 4167 636 4226 est.
688 4153 732 4225 ln
762 4155 952 4226 domestica
975 4155 1083 4225 disci·
1132 4131 1260 4208 *mint
1292 4116 1354 4222 ⁸⁸5¹
1382 4127 1500 4185 “mn
1528 4110 1740 4182 ¹³¹³²¹⁰⁰⁰m
1769 4111 1926 4203 ⁸¹¹q¹¹⁸¹¹¹
1956 4135 2018 4182 ⁸²¹¹
2041 4115 2112 4182 ²⁰¹⁸

96 4255 199 4352 plina
215 4275 343 4344 magna
359 4276 444 4326 cura
462 4269 513 4326 est
528 4257 681 4326 tuendae
702 4255 891 4340 castitatis,
916 4277 1084 4345 congres-
1133 4239 1261 4319 φησιν·
1847 4240 1853 4262 '

98 4381 159 4432 sus
183 4370 219 4428 et
241 4353 418 4449 colloquia
439 4355 633 4426 amicorum
656 4358 778 4427 crebra
807 4358 851 4427 de
875 4353 1028 4448 publicis
1049 4366 1085 4427 et
1233 4347 1343 4423 Rodii
1357 4345 1465 4436 igitur
1478 4342 1517 4413 in
1532 4337 1770 4428 Academiam,
1788 4367 1898 4438 qaum¹
1909 4344 2113 4438 diligebam,

99 4457 251 4554 privatis
276 4455 450 4546 negociis,
482 4457 527 4526 de
545 4455 735 4546 religione,
764 4450 943 4542 historiis,
980 4468 1015 4526 et
1040 4457 1085 4526 do
1135 4455 1233 4526 volnt
1247 4452 1287 4520 in
1304 4470 1493 4531 secessum,
1517 4457 1669 4515 utsenea
1680 4445 1769 4514 alios
1783 4443 1943 4516 audirem
1959 4449 2005 4517 de
2017 4446 2113 4516 mul-

99 4560 238 4634 artibus
255 4571 339 4628 sunt
353 4557 531 4644 modesta,
556 4569 591 4628 et
604 4557 680 4628 sine
702 4556 801 4632 rixis.
1134 4555 1181 4626 tis
1202 4553 1308 4624 rebus
1334 4548 1590 4640 colloquentes:
1630 4537 1832 4642 γηράσκων
1860 4541 1967 4644 κάγώ
1995 4543 2113 4619 πολλὰ

203 4656 263 4729 Ad
285 4652 372 4728 haec
394 4670 490 4729 tanta
514 4671 720 4728 ornamenta
742 4656 884 4752 politica
913 4657 1085 4728 accedunt
1135 4643 1424 4745 διδασκόμενος,
1460 4661 1501 4719 nt
1530 4645 1570 4716 in
1594 4644 1738 4718 Solonis
1766 4667 1871 4716 versu
1898 4646 2046 4732 dicitnr,
2079 4660 2115 4718 et

103 4774 247 4834 aeterna
267 4760 382 4843 bona,
406 4757 485 4831 Vox
498 4754 685 4852 Evangelii
702 4761 926 4852 incorrupta,
950 4782 1019 4853 qua
1033 4755 1085 4827 ibi
1135 4781 1211 4828 non
1232 4753 1347 4826 solum
1369 4747 1597 4839 cogitationes
1617 4769 1713 4818 meas
1734 4769 1814 4816 cum
1834 4744 1884 4814 eia
1907 4747 2114 4834 conferrem,

100 4851 196 4934 lilius
217 4859 284 4933 Dei
306 4871 483 4931 aeternam
506 4857 701 4931 Ecclesiam
731 4860 883 4951 colligit,
911 4882 995 4932 vera
1018 4854 1086 4929 Dei
1137 4856 1320 4928 sedetiam
1342 4853 1591 4938 coniungerem
1607 4861 1689 4918 vota
1713 4858 1748 4915 et
1762 4843 1929 4934 gemitus,
1956 4872 2036 4920 cum
2058 4849 2115 4936 iis,

101 4960 283 5036 invocatio
305 4974 340 5032 et
361 4961 569 5048 celebratio,
593 4985 659 5032 neo
679 4961 824 5033 dissidia
840 4961 892 5032 ibi
908 4974 991 5032 sunt
1008 4957 1087 5052 opi·
1138 4957 1202 5053 qni
1223 4955 1405 5027 veritatem
1425 4963 1460 5021 et
1476 4945 1712 5020 Ecclesiamm
1735 4946 1961 5019 concordiam
1983 4962 2116 5036 amant,

101 5065 266 5136 nionnm.
289 5057 469 5137 Adiuncto
487 5077 539 5135 est
553 5057 730 5134 Ecclesiae
746 5075 780 5132 et
792 5055 922 5133 Schola
938 5083 1089 5132 consen·
1138 5053 1210 5130 huc
1225 5069 1412 5150 postquam
1426 5049 1528 5135 veni,
1554 5048 1619 5119 etsi
1634 5046 1752 5117 otium
1770 5047 1974 5137 sperabam,
1997 5065 2118 5122 tamcn

102 5167 214 5250 tiens,
238 5161 279 5231 in
304 5185 375 5257 qua
396 5162 561 5233 inventus
584 5163 687 5238 discit
701 5164 860 5254 linguam
873 5159 1038 5234 Latinam
1053 5172 1090 5231 ct
1139 5182 1220 5230 cum
1242 5157 1382 5229 videam
1406 5151 1557 5224 aliorum
1579 5171 1706 5229 onera,
1728 5160 1865 5240 partem
1891 5148 2118 5242 publicorum

104 5262 291 5345 Graecam,
315 5286 491 5334 summam
510 5262 691 5335 doctrinae
702 5259 924 5336 Christianae
936 5276 971 5336 et
985 5261 1090 5333 initia
1139 5260 1303 5332 laborum
1335 5252 1425 5327 mihi
1455 5247 1592 5342 imponi
1625 5270 1747 5340 passus
1770 5271 1861 5319 sum.
1912 5248 1993 5338 Qua
2015 5250 2055 5322 in
2078 5271 2119 5322 re

102 5367 257 5440 aliarum
272 5365 425 5452 artium
450 5385 542 5460 quae
555 5359 735 5438 Ecclesiae
750 5365 967 5469 utilessunt.
1016 5360 1090 5436 Noc
1141 5372 1410 5492 praeceptorum
1424 5349 1666 5529 cltprpicorum
1686 5349 1761 5422 sive
1781 5347 1933 5431 iudicio,
1956 5349 2032 5422 sive
2053 5351 2116 5424 lae·

95 1980 226 2050 Oratio
270 1977 320 2050 de
360 2001 456 2054 curn
489 1989 594 2053 reete
626 1979 802 2074 loquendi
809 1999 822 2072 ς
866 1964 1029 2054 reoitntn
1058 2001 1083 2052 o

130 2083 281 2151 Petro
308 2081 563 2154 Vincentio
590 2083 901 2172 rratotavteast,
936 2078 1046 2160 1557.

1232 3410 1303 3482 Sed
1318 3409 1411 3476 inter
1426 3406 1513 3475 alias
1527 3405 1598 3474 mei
1613 3405 1782 3476 discessus
1795 3406 1872 3498 pias
1894 3423 1928 3480 et
1944 3405 2109 3484 honestas

1132 3533 1275 3597 causas,
1306 3530 1394 3602 quas
1414 3521 1491 3578 tum
1517 3517 1552 3576 et
1570 3503 1717 3576 Senatui
1743 3519 1779 3577 et
1799 3509 1921 3578 amicis
1944 3512 2109 3602 probavi,

1131 3630 1168 3688 et
1186 3611 1246 3685 hic
1267 3628 1542 3684 commemorare
1563 3599 1654 3673 nihil
1676 3627 1819 3676 necesse
1836 3620 1907 3693 est,
1933 3609 1997 3681 ista
2015 3625 2109 3683 certe

1131 3741 1207 3788 non
1228 3709 1404 3786 levissima
1424 3707 1509 3791 fuit,
1542 3706 1638 3799 quod
1660 3704 1769 3778 fracto
1790 3730 1892 3778 crure
1916 3732 1956 3779 ac
1981 3711 2108 3782 morbo

1131 3814 1383 3908 langneiactns,
1405 3805 1652 3879 adsiduitatem
1665 3805 1704 3874 in
1720 3805 1844 3878 labore
1859 3810 2036 3880 docendae
2053 3811 2110 3880 in-

1132 3915 1287 3991 ventutis
1299 3923 1475 4005 praestare
1490 3907 1624 3978 diutius
1640 3930 1714 3976 non
1728 3909 1841 4000 potui.
1882 3906 1989 3981 Aetas
2005 3911 2111 3982 etiarn

1131 4020 1202 4090 iam
1218 4013 1367 4110 requirit
1381 4033 1455 4081 non
1468 4009 1547 4080 dico
1563 4007 1737 4102 quictem,
1763 4033 1852 4103 quae
1867 4010 1926 4080 vix
1941 4011 2008 4082 ulli
2024 4035 2111 4080 con-
