4604 5804
200 297 274 378 869
442 290 655 372 SCRIPTA
679 290 757 368 ΡΗ.
783 285 904 368 Man.
928 287 997 366 An
1022 289 1152 370 lllS'l'.
1176 283 1323 366 PROF.
1348 283 1416 362 ΕΤ
1442 287 1634 370 effisos,
1660 289 1986 371 SPECTAN'PIA.
2155 293 2234 371 860

203 470 321 563 coepit
343 481 378 540 et
398 466 571 541 destruxit
588 464 662 558 ipse
678 463 895 550 Samariam,
919 487 1027 558 quarn
1041 464 1190 536 obsede-
1240 457 1381 532 Horum
1405 483 1486 534 corn
1504 475 1538 534 ct
1551 465 1746 538 multitudo
1761 479 1797 539 et
1811 466 1969 558 poteratis
1984 487 2113 559 magns
2128 480 2234 558 esset,

204 590 259 648 rat
281 585 394 646 totum
416 593 571 654 annum,
594 581 628 638 et
651 564 821 656 ternplum
844 565 894 634 ibi
912 565 1096 637 conditum
1112 578 1191 657 post
1239 561 1334 633 inter
1355 557 1564 636 Pharisaeos
1591 579 1626 638 et
1647 567 1742 658 ipsos
1763 569 1913 640 adsidua
1934 570 2130 643 certamina
2153 570 2234 640 lue-

205 675 445 750 Alexandrom
467 671 512 740 ab
535 668 656 759 impiis
675 667 817 741 delevit.
867 665 994 759 Coepit
1009 680 1043 738 et
1059 669 1190 759 oppida
1240 676 1347 750 runt,
1381 667 1475 736 uude
1505 679 1541 738 et
1572 666 1611 737 in
1634 669 1893 758 gubernatione
1914 669 2032 742 crebri
2055 671 2233 744 turnultus

205 778 376 873 quaedam
397 773 436 843 in
455 771 585 840 finibus
599 768 723 864 Syriae
737 781 773 840 et
787 768 985 844 Idumaeae.
1036 767 1107 840 Sed
1123 770 1190 840 sub
1241 763 1312 835 orti
1331 778 1426 840 sunt.
1476 759 1542 840 Est
1562 781 1679 841 sotem
1695 765 1869 842 horribile
1885 773 2106 865 exemplum,
2132 773 2233 868 quod

206 903 267 960 eo,
292 878 330 946 in
352 874 415 944 illa
437 872 550 964 gentis
567 870 730 942 ludaicae
749 883 904 956 senecta,
930 870 1026 941 inter
1046 871 1139 940 bella
1155 882 1191 941 et
1240 865 1280 934 in
1300 877 1373 936 tam
1394 866 1520 957 exiguo
1540 871 1675 962 popolo
1690 895 1765 944 uon
1780 873 1896 944 solum
1911 873 2119 946 dilaceratio
2133 887 2233 946 tanta

204 981 244 1051 in
269 976 504 1069 permixtione
519 967 757 1044 ltrhnicnnnn
778 971 967 1042 dilacerata
990 985 1042 1043 est
1059 967 1189 1043 ludaea
1240 965 1355 1057 gentis
1369 967 1460 1038 lacta
1474 982 1538 1056 est,
1564 972 1745 1044 sedetiam
1759 975 2006 1048 doctrinatam
2019 973 2119 1047 varie
2137 999 2159 1048 a
2176 997 2232 1048 sc·

202 1080 318 1154 sectis.
395 1074 590 1166 Praecipue
620 1096 703 1144 vero
733 1072 968 1144 nominantur
996 1067 1190 1160 Pharisaei,
1241 1068 1306 1139 ctis
1322 1083 1487 1162 corrupte
1503 1083 1567 1144 est.
1603 1070 1768 1168 Denique
1782 1077 1878 1168 quod
1893 1070 2231 1170 prophanitasadeo

202 1176 404 1252 Zaddocaei
419 1190 454 1249 et
469 1171 580 1248 Esaci.
1240 1170 1373 1261 crevit,
1398 1185 1440 1244 ut
1460 1185 1576 1243 cuent
1596 1174 1637 1244 in
1660 1170 1729 1247 hoc
1750 1179 1905 1270 populo,
1930 1179 1992 1272 qni
2010 1201 2147 1251 nomen
2164 1173 2232 1250 ha-

306 1278 388 1353 Etsi
406 1291 524 1350 autern
546 1301 679 1348 nomen
693 1269 985 1360 Pharisaeorum
1008 1276 1120 1371 aliqui
1135 1276 1190 1346 se·
1241 1271 1347 1344 bebat
1360 1268 1538 1344 Ecclesiae
1550 1270 1636 1363 Dei,
1662 1277 1725 1371 qui
1739 1278 1856 1370 palam
1869 1279 2070 1371 epicuraeas
2083 1280 2232 1372 opinio-

204 1396 329 1457 ccront
355 1405 376 1452 a
402 1379 658 1472 segregatione,
690 1391 809 1448 tamen
832 1379 937 1450 multi
960 1379 1121 1449 derivant
1143 1380 1189 1450 ab
1241 1395 1304 1442 nes
1327 1374 1576 1450 defendebant.
1624 1375 1829 1473 Plerunque
1848 1393 1964 1452 autem
1988 1381 2132 1472 pessimi
2146 1377 2231 1474 Hy·

70 1489 73 1496 ⁴
205 1483 433 1577 exponendo,
466 1481 528 1575 qui
554 1479 715 1552 iudicant
734 1474 944 1551 Pharisaeos
968 1481 1083 1551 dictos
1105 1503 1189 1566 esse,
1241 1475 1399 1565 pocritae
1419 1490 1628 1566 arroganter
1649 1479 1718 1550 sibi
1734 1481 2003 1570 gloriosissimas
2016 1482 2232 1574 appellatio-

205 1585 307 1680 quasi
330 1582 542 1674 expositores
561 1604 624 1651 seu
644 1581 854 1671 interpretes
868 1581 1079 1673 scriptorum
1105 1605 1189 1673 pro·
1241 1597 1304 1644 nes
1335 1577 1511 1650 tribuunt.
1571 1575 1625 1650 lta
1648 1579 1850 1652 Zadducaei
1879 1583 2114 1656 nominarant
2145 1603 2231 1654 sea

202 1683 440 1780 pheticorum.
497 1679 546 1754 Et
559 1677 688 1752 hornen
704 1705 834 1752 nomen
849 1683 1030 1776 antiquius
1045 1683 1189 1755 caeteris
1240 1675 1395 1759 zaunio,
1426 1680 1522 1772 quod
1547 1692 1601 1750 est
1622 1680 1759 1765 lustus,
1791 1684 1891 1777 quasi
1913 1683 2089 1756 nominati
2112 1695 2233 1754 essent

204 1787 359 1859 videtur.
416 1780 466 1855 Hi
481 1807 556 1853 non
570 1782 895 1854 abieceruntlibros
911 1780 1136 1877 propheticas
1149 1799 1189 1862 ne
1239 1776 1323 1848 iusti
1346 1801 1409 1849 seu
1430 1780 1628 1854 iusticiarii.
1677 1783 1752 1856 Alii
1772 1785 1931 1859 lecerunt
1948 1785 2036 1858 alias
2052 1786 2232 1880 etymolo-

204 1885 422 1972 Zadducaei,
446 1885 509 1957 sed
530 1884 825 1956 transformarunt
841 1885 1039 1956 doctrinam
1054 1886 1139 1975 legis
1155 1901 1190 1958 et
1239 1878 1333 1967 glas,
1358 1903 1445 1972 quas
1461 1882 1600 1955 omitto.

203 1987 474 2082 promissionem
504 2008 647 2080 prorsus
676 1985 714 2053 in
740 1984 920 2076 politicam
936 2010 1010 2068 ,seu
1028 1982 1188 2079 philoso·
1340 1976 1472 2074 Emi,
1503 1984 1541 2052 id
1564 1997 1638 2067 est,
1670 1980 1856 2078 Operarii,
1880 1988 1927 2059 ab
1947 1989 2037 2074 Asa,
2063 2008 2156 2082 qnos
2177 1987 2230 2060 sic

204 2085 347 2183 phicarn
380 2084 592 2168 doctrinam,
639 2082 820 2159 Dixerout
846 2087 921 2177 lege
950 2084 1017 2159 Dei
1048 2102 1188 2160 tantum
1239 2079 1352 2153 dictos
1374 2105 1449 2154 esse
1472 2097 1636 2178 apparet,
1661 2089 1744 2182 quia
1767 2111 1848 2160 cnm
1869 2090 2033 2160 viderent
2052 2090 2144 2161 alios
2163 2091 2231 2160 ad·

204 2209 385 2262 externam
399 2187 624 2281 disciplinam
648 2186 821 2279 praecipi,
844 2202 878 2259 et
898 2183 1061 2262 homines
1081 2191 1187 2260 disci·
1239 2182 1350 2253 siduis
1383 2187 1672 2258 contentionibus
1702 2192 1908 2280 perturbare
1937 2188 2230 2284 Resopublicam,

202 2291 304 2385 plina
332 2287 461 2360 mereri
481 2286 722 2359 remissionem
749 2301 988 2380 peccatorum,
1019 2305 1053 2366 et
1077 2291 1188 2365 iustos
1239 2296 1273 2354 st
1300 2283 1567 2358 retinerentur
1591 2290 1869 2379 turpitudinem,
1901 2293 2137 2377 ambitiones,
2170 2292 2229 2364 ln-

205 2415 279 2464 esse
292 2386 506 2474 coramDeo‚
532 2402 567 2461 et
578 2384 746 2460 haeredes
760 2402 920 2461 aeternae
935 2393 1037 2466 vitae.
1089 2389 1189 2478 ltem,
1238 2409 1341 2471 ¹⁰¹⁰,
1365 2387 1448 2457 ⁰⁶5³
1475 2403 1509 2460 et
1533 2391 1602 2460 alit
1625 2391 1733 2472 vicia,
1759 2392 2009 2480 intimantes
2029 2393 2229 2464 modestiae

204 2492 382 2566 Sacrificio
413 2491 542 2560 mereri
571 2491 813 2561 remissionem
841 2507 1074 2583 peccatorum·
1140 2491 1189 2566 Et
1240 2498 1275 2556 tl
1292 2487 1405 2577 Pstis,
1432 2491 1666 2562 discentrum
1684 2495 1728 2562 ab
1745 2493 1835 2576 filit.
1860 2483 2165 2579 tloiitt'tdtmssis
2192 2515 2231 2564 *θ

203 2595 418 2665 addiderunt
433 2594 543 2664 multa
558 2593 721 2662 exercitia
736 2593 1027 2685 ceremoniarum,
1053 2594 1187 2667 ieiunia
1240 2587 1343 2656 bonit
1355 2591 1531 2681 operibns,
1558 2617 1630 2662 non
1645 2593 1741 2680 rixis,
1766 2595 1857 2664 velle
1865 2591 1941 2666 Deo
1956 2596 2100 2670 servire.
2153 2593 2228 2666 Sed

120 2703 124 2720 ”
203 2709 239 2766 et
252 2695 423 2778 lotiones,
448 2716 538 2784 quae
555 2693 622 2786 ipsi
635 2694 831 2778 finxerunt,
857 2709 898 2764 ut
913 2697 1005 2786 apud
1024 2719 1089 2766 nos
1103 2695 1187 2768 Mo·
1240 2712 1319 2757 cum
1349 2691 1451 2780 pauci
1482 2706 1616 2779 essem,
1648 2717 1714 2764 nec
1743 2707 1902 2786 peterent
1929 2695 2229 2787 gubernationem

202 2791 322 2869 nacbi.
370 2792 425 2865 De
439 2787 583 2864 Messio
605 2795 819 2880 docuerunt,
844 2810 1097 2887 occupatorum
1114 2823 1187 2871 esse
1238 2787 1488 2882 Reipublicae,
1534 2808 1749 2867 tecettefflssl
1778 2797 1824 2866 ad
1853 2797 1932 2868 1⁰⁸³
1959 2797 2079 2868 Vicina
2110 2792 2231 2870 borist

203 2893 416 2990 provincias.
473 2893 700 2986 Negaverunt
721 2893 888 2967 Messinm
909 2899 986 2968 iore
1008 2899 1186 2970 victimam
1239 2891 1387 2960 biliflml
1418 2907 1452 2964 0¹
1475 2895 1686 2986 palmarum·
1746 2895 1806 2968 lbi
1827 2912 1862 2971 ⁹¹
1884 2893 2230 2984 ⁶⁰¹⁰²ffl1¹ih⁰rl⁰⁸=

204 2998 249 3068 ad
272 2997 479 3091 placandam
502 2996 591 3066 inan
615 2995 692 3066 Det.
757 2995 965 3068 Anisernns
988 3001 1186 3072 doctrinan
1239 3005 1273 3061 et
1294 3006 1404 3091 artem
1421 2996 1828 3090 medicandidicenant,
1855 3001 2230 3092 etremediaappara·

203 3101 248 3168 de
272 3109 399 3167 natura
421 3096 542 3165 divina
557 3095 728 3180 Messias,
752 3120 842 3189 quae
866 3098 1013 3190 loquuta
1034 3117 1086 3174 est
1107 3126 1187 3172 cum
1240 3101 1343 3177 runt,
1375 3107 1410 3163 et
1439 3119 1519 3163 cum
1549 3097 1731 3168 laboribus
1761 3099 2025 3186 medicationis,
2055 3100 2230 3194 quisunt

203 3196 369 3267 Patribus
389 3208 424 3264 et
438 3190 645 3286 Prophetis,
671 3209 705 3265 et
717 3219 856 3288 semper
869 3198 983 3270 adluit
997 3197 1189 3271 Ecclesiae.
1239 3195 1357 3283 moeni
1380 3207 1414 3264 tl
1430 3197 1540 3284 grati,
1565 3208 1640 3266 tum
1656 3199 1734 3268 aliis
1748 3201 1868 3270 multis
1885 3202 2009 3272 officiis
2024 3201 2230 3273 beneficen-

204 3295 390 3367 Beneficia·
403 3293 555 3366 Messias
578 3295 801 3366 somniarunt
830 3292 916 3368 haec
939 3299 1031 3370 lore:
1065 3299 1186 3392 Ipsum
1240 3294 1324 3362 tiam
1347 3317 1427 3383 erga
1447 3297 1578 3367 multos
1592 3321 1630 3366 re
1646 3298 1720 3390 ipsa
1738 3315 1988 3385 exercuerunt,
2012 3301 2229 3394 ἆῑδρῦῑῦῑῖῡ-

206 3398 305 3468 mille
324 3419 435 3466 annos
457 3396 495 3465 in
520 3391 740 3467 boemundo
766 3397 942 3470 viventem
960 3416 1185 3490 regnaturum
1240 3419 1326 3464 num
1341 3397 1494 3466 vanitate
1506 3397 1645 3473 omissa.
1687 3397 1955 3473 Distribuerunt
1970 3404 2065 3472 diem
2079 3404 2118 3472 in
2135 3417 2229 3476 tem-

206 3521 299 3580 esse,
331 3498 408 3584 lege
428 3495 538 3570 Moisi
569 3499 733 3591 imposita
763 3498 943 3587 gentibus,
976 3515 1012 3574 et
1040 3502 1189 3574 ludaeos
1240 3521 1505 3588 poraprecurn,
1530 3499 1740 3588 lectionum,
1765 3502 1949 3590 laborum,
1973 3503 2230 3598 cihietpotus.

205 3603 281 3670 inre
302 3600 458 3686 gentium
481 3599 675 3692 principes,
699 3611 733 3669 et
756 3598 945 3689 longaevos
962 3603 1036 3674 sore
1051 3619 1187 3675 trecen.
1240 3599 1354 3668 Lucra
1382 3599 1486 3667 stiam
1515 3602 1742 3673 contulerunt
1770 3603 1809 3671 in
1836 3627 2025 3676 commune
2048 3606 2229 3678 aerarium

205 3711 322 3773 torum
340 3712 400 3770 aut
413 3700 751 3794 quadringentorum
764 3723 960 3789 annorum,
986 3718 1019 3776 ct
1032 3707 1187 3776 secturam
1241 3701 1317 3769 sine
1343 3699 1610 3788 superstitione,
1642 3716 1682 3773 ut
1707 3703 1791 3774 inde
1812 3705 1886 3774 suis
1907 3718 1939 3776 et
1963 3705 2042 3777 aliis
2066 3699 2229 3779 honestis

207 3824 279 3873 esse
299 3801 438 3872 dulcem
460 3823 581 3892 pacem
606 3815 640 3872 et
656 3823 798 3870 auream
817 3815 963 3874 aetatem
980 3805 1018 3874 in
1038 3820 1113 3877 toto
1130 3829 1189 3894 ge.
1219 3845 1220 3848 =
1243 3801 1279 3868 in
1300 3813 1449 3889 egestate
1471 3813 1507 3872 et
1528 3799 1566 3870 in
1586 3803 1720 3875 morbis
1739 3805 2010 3896 opitularentur.
2061 3806 2231 3904 Denique

206 3923 293 3972 nere
320 3896 488 3972 humano.
538 3897 664 3974 Postea
696 3913 928 3996 sequutorum
958 3929 1032 3976 esse
1053 3920 1190 3999 postre-
1241 3897 1370 3972 Schola
1391 3900 1459 3972 tuit
1471 3903 1624 3988 medica,
1648 3917 1681 3973 et
1698 3905 1899 3978 eruditione
1913 3920 1947 3979 et
1964 3910 2134 4001 exemplis
2148 3911 2231 3980 vir-

206 4018 305 4074 enorn
328 4001 517 4086 iudicium,
541 4001 580 4072 in
603 4026 673 4097 quo
695 3997 813 4074 hostes
836 4007 958 4098 populi
977 4007 1188 4078 ludaeorum
1241 4014 1357 4074 toturn
1380 4003 1562 4096 excellens.
1615 4003 1657 4074 ln
1670 4001 1826 4078 Eusebio
1848 4009 1996 4100 legitur,
2021 4010 2136 4082 dictos
2154 4033 2230 4084 esse

207 4104 246 4172 in
270 4113 429 4173 aeternas
448 4124 579 4194 poenas
600 4105 801 4177 obiecturus
819 4119 926 4194 esset,
948 4121 981 4179 et
997 4109 1069 4180 sois
1086 4111 1190 4180 datu·
1242 4103 1341 4198 qussi
1364 4099 1626 4198 θεωρητικούς.
1677 4101 1726 4178 Ει
1747 4107 1892 4182 dicitur:
1917 4104 2111 4207 ὑπέρτεροι
2133 4107 2230 4208 σφό-

206 4217 421 4276 rosaeterna
438 4205 544 4278 bona.
1242 4200 1316 4300 δρα
1345 4201 1682 4301 conpensatra,
1715 4207 1753 4276 id
1784 4223 1854 4291 est,
1884 4209 1990 4298 longe
2011 4214 2230 4284 antecellen-

312 4299 531 4375 Zoddueoei
556 4319 633 4396 post
660 4302 867 4379 Pharisaeos
898 4309 988 4393 orti,
1026 4333 1189 4401 magnam
1242 4308 1348 4379 tiores
1369 4303 1577 4377 Pharisaeis.
1626 4307 1785 4402 Apparet
1805 4323 1922 4384 entem
1940 4307 2139 4384 Esrsebium
2160 4340 2230 4389 no-

148 4433 155 4440 ·
208 4407 402 4500 potentiam
431 4408 468 4475 in
497 4409 632 4498 populo
660 4409 778 4501 adepti
799 4425 902 4496 sunt,
931 4411 1069 4506 luitque
1092 4425 1189 4502 grata
1242 4433 1323 4478 men
1348 4409 1471 4480 iecisse
1491 4405 1642 4496 abdza,
1669 4413 1766 4505 quod
1783 4424 1852 4498 est,
1879 4413 2122 4504 considerare,
2147 4440 2229 4512 spe·

170 4598 173 4604 ¹
208 4507 413 4600 protento·
444 4505 538 4597 Quia
562 4531 641 4578 cum
656 4504 836 4582 Pharisaei
855 4512 964 4583 nimis
982 4513 1190 4584 multistra-
1242 4510 1363 4581 colari.

209 4609 406 4682 ditionibus
428 4623 632 4680 onerassent
650 4612 842 4702 poputum,
866 4608 906 4682 hi
921 4615 1078 4685 lecerunt
1092 4614 1190 4684 laxa·
1342 4609 1546 4682 Dolendum
1569 4627 1621 4684 est
1640 4627 1778 4699 sotem,
1817 4615 1915 4709 qood
1934 4638 2017 4688 curn
2037 4619 2229 4692 msnisesto

210 4709 336 4781 tiones.
371 4707 515 4781 Aenon
531 4712 646 4782 solam
660 4711 868 4785 traditiones
881 4709 1094 4807 pharisaicas
1109 4715 1190 4785 abs-
1241 4712 1374 4784 anxilio
1396 4711 1464 4784 Dei
1487 4710 1615 4785 lodaea
1641 4717 1782 4787 detensa
1805 4717 1973 4788 adversos
1991 4712 2227 4804 Antiochum,

211 4809 390 4894 tolerunt,
414 4813 601 4884 sedetiam
624 4811 827 4887 abiecerunt
842 4811 1035 4907 Prophetas
1058 4839 1191 4902 omnes,
1242 4825 1276 4884 et
1301 4815 1441 4884 tandem
1466 4813 1612 4886 liberata
1628 4830 1735 4897 esset,
1760 4839 1843 4886 mox
1859 4816 1897 4888 in
1914 4841 1998 4909 pace
2012 4819 2226 4908 opinionum

209 4925 352 5002 praeter
363 4909 515 4986 Moisen.
566 4910 673 4983 llunc
696 4937 809 4987 onum
834 4939 872 4987 se
893 4915 1058 5010 amplecti
1079 4916 1190 4988 simu·
1241 4915 1398 4984 dissidiis
1413 4916 1600 4988 dilacerata
1614 4931 1677 4990 est.
1727 4916 1854 4988 Postea
1867 4919 1972 4988 etiarn
1987 4919 2080 4990 bella
2096 4921 2229 5005 civilia,

210 5011 350 5096 labant,
383 5025 418 5084 rt
435 5027 554 5084 tamen
578 5029 796 5105 negaverunt
816 5017 952 5088 animas
971 5040 1046 5110 esse
1066 5041 1191 5109 snper·
1242 5029 1277 5089 et
1305 5018 1422 5088 statim
1445 5018 1594 5087 lratnrm
1618 5016 1808 5107 parricidia
1830 5031 1978 5113 sarmata
2000 5023 2094 5096 suni.
2150 5020 2229 5092 Hae

210 5113 308 5194 stitcs
327 5112 491 5184 extinctis
505 5117 723 5207 corporibus.
775 5115 1048 5209 Negaveruntet
1063 5143 1191 5210 corpo-
1242 5117 1456 5190 calamitates
1469 5119 1636 5208 postremi
1650 5120 1819 5211 temporis
1835 5119 1874 5189 in
1891 5117 2020 5193 ludrea
2036 5135 2121 5193 sunt
2137 5123 2229 5194 ima-

210 5238 295 5293 τωο
313 5216 391 5288 lore
410 5217 724 5294 musantianen.
784 5215 960 5292 Dixeront
980 5233 1098 5292 autern
1121 5220 1192 5310 legi
1241 5237 1286 5308 go
1301 5231 1475 5290 extremae
1489 5230 1648 5288 senectae
1661 5220 1801 5308 mundi.
1841 5219 1891 5293 Ut
1904 5224 2230 5296 antemtnncinter

210 5315 527 5406 obtemperandum
554 5337 644 5400 esse,
676 5317 760 5411 qnia
788 5321 988 5393 obedientis
1016 5335 1193 5392 mereatur
1241 5333 1296 5392 tot
1317 5331 1426 5390 sectas
1446 5331 1482 5390 et
1501 5318 1595 5390 bella
1611 5319 1823 5392 mirabiliter
1836 5317 1933 5392 Dens
1949 5323 2085 5418 aliquas
2098 5319 2228 5395 Eccle-

210 5417 502 5508 tranquillitatem
518 5412 741 5505 hninsvitae,
765 5431 801 5492 et
815 5421 1034 5495 contumacia
1047 5445 1191 5516 poenas.
1242 5419 1314 5491 siae
1340 5419 1509 5514 reliquias
1530 5423 1701 5510 servavit,
1731 5435 1772 5494 nt
1792 5422 1939 5495 luerunt
1959 5421 2125 5510 Simeon,
2157 5423 2228 5496 Za·

127 5681 259 5754 A
