4706 5818
207 361 301 438 1051
446 345 901 430 sentententiam
923 342 991 417 AD
1017 339 1145 417 lllST.
1170 335 1318 416 PliOF.
1342 337 1410 414 ET
1434 333 1627 416 PHILOS.
1650 335 1973 416 SPEC'PANTIA.
2117 331 2219 408 tusa

204 535 366 616 luerunt,
391 540 425 600 et
440 522 699 608 Iurisconsulti,
724 539 878 614 quorum
894 535 1022 604 magna
1036 510 1106 583 fuit
1119 533 1185 582 an·
1236 524 1273 583 et
1288 511 1462 587 iusticiam
1476 523 1656 585 aeternam
1677 511 1857 596 restituet,
1877 511 1968 584 sicut
1981 504 2113 584 Daniiil
2135 527 2222 598 per·

207 636 350 718 toritas,
374 643 563 723 postquam
583 623 771 698 duodecim
787 617 927 688 tabidae
939 615 1186 688 Romanarum
1239 615 1358 704 spicue
1391 614 1526 708 inquit:
1567 610 1776 686 Adducetnr
1814 611 1954 684 iusticia
1991 608 2223 702 sempiterna.

207 739 325 827 legum
349 731 481 824 populo
504 727 703 820 propositae
725 721 865 814 publice
884 719 1049 789 luerunt.
1074 710 1123 787 Et
1147 725 1187 783 ut
1238 713 1342 786 Hanc
1363 715 1516 786 restituit
1540 714 1635 786 lilius
1648 709 1726 784 Dei
1744 714 1784 784 in
1800 714 1979 786 cordibus.
2033 709 2083 786 Ut
2098 721 2220 782 sutem

208 861 306 908 nnnc
330 848 412 904 sunt
437 832 476 901 in
491 825 697 918 ¹Academiis
711 822 828 892 studia
845 817 1056 890 discentium
1071 830 1106 887 et
1122 817 1188 884 do-
1239 818 1279 886 in
1294 817 1444 886 diversis
1458 815 1663 905 regionibus
1683 815 1819 886 utimur
1833 812 2067 886 dissimilibus
2079 811 2224 882 dierum

210 937 369 1010 centium
383 933 490 1022 leges,
516 945 550 1002 et
563 923 851 1016 respondentium
865 923 910 992 de
923 919 1018 988 iure:
1046 918 1096 988 ita
1109 918 1188 986 fue·
1241 918 1385 1010 spaciis:
1418 918 1466 990 ita
1489 918 1528 986 in
1550 917 1695 1008 politica
1719 916 1791 986 vita
1814 917 1901 988 sinit
1923 934 1991 986 nos
2009 915 2049 984 in
2071 911 2226 984 diversis

211 1053 299 1112 cunt
312 1037 399 1108 olim
414 1033 574 1116 Romae,
598 1027 726 1098 deinde
743 1024 782 1094 in
797 1023 886 1095 urbe
898 1019 1044 1114 Beryto,
1070 1031 1189 1109 postea
1241 1019 1400 1110 imperiis
1421 1019 1476 1089 uti
1497 1019 1635 1108 legibus
1658 1017 1846 1108 civilibus,
1876 1041 1968 1113 quae
1999 1030 2224 1088 tamencum

211 1133 523 1223 Constantinopoli
544 1143 662 1201 coetus
675 1124 878 1196 docentium
894 1135 928 1192 et
941 1116 1166 1190 discentium.
1242 1121 1317 1211 lege
1331 1135 1480 1191 naturae
1496 1131 1707 1209 congruunt.

313 1239 473 1326 Cumque
488 1233 527 1300 in
544 1229 681 1302 Italiam
692 1225 804 1309 Gotti,
829 1218 1192 1308 deindeLongobardi
1345 1218 1480 1293 Extant
1494 1233 1610 1300 antem
1627 1220 1780 1311 plurima
1796 1216 1926 1308 scripta
1941 1230 2144 1292 nostrarum
2153 1211 2228 1286 Ec-

213 1359 247 1416 ct
263 1336 391 1412 Franci
409 1333 536 1424 patrias
552 1333 642 1420 leges
660 1328 871 1410 intulissent,
884 1325 1026 1396 tandem
1041 1313 1193 1390 Latta-
1245 1322 1450 1408 clesierum,
1483 1322 1614 1415 quibus
1638 1321 1852 1392 muniuntur
1875 1317 1926 1409 pii
1948 1333 2071 1390 contra
2093 1317 2229 1388 lanati·

196 1441 295 1524 ,rius
311 1439 403 1510 Saxo
426 1435 619 1526 imperator
641 1430 847 1500 admonitus
870 1427 915 1496 ab
935 1419 1085 1493 Irnert'u
1102 1421 1193 1492 lusis
1246 1447 1305 1496 cos
1319 1437 1354 1494 et
1367 1424 1552 1494 seditiosos
1566 1424 1723 1508 tumres,
1746 1433 1782 1492 et
1797 1431 1947 1492 ornatur
1960 1421 2114 1512 dignitas
2128 1419 2230 1513 poli-

216 1547 425 1630 intecprete,
465 1535 529 1629 qui
549 1533 691 1604 auditor
713 1533 898 1602 doctorum
922 1525 963 1594 in
985 1527 1074 1595 urbe
1096 1518 1195 1594 Con·
1246 1525 1308 1598 tici
1325 1525 1462 1595 ordinis
1477 1537 1512 1594 et
1530 1524 1665 1612 legum.
2076 1579 2083 1594 ,
2151 1517 2156 1526 ’

216 1637 450 1728 stantinopoli
476 1638 609 1720 luerat,
647 1655 770 1702 rursus
793 1653 834 1700 ex
864 1621 1089 1698 bibliothecis
1111 1648 1194 1714 pro-
1348 1624 1390 1696 ld
1409 1625 1526 1696 obiter
1541 1620 1598 1693 hic
1613 1645 1864 1707 commemoro,
1877 1645 1959 1694 cum
1974 1623 2019 1693 de
2034 1619 2231 1694 Iustiniani

216 1743 302 1814 ferri
322 1743 433 1809 libros
448 1731 722 1806 Pondectorum
748 1731 868 1813 iussit,
904 1742 939 1799 et
958 1727 1117 1798 enarrari
1134 1745 1195 1794 eos
1246 1725 1350 1797 libris
1363 1726 1553 1797 dicendum
1567 1737 1668 1796 esset.
1717 1723 1811 1814 Quia
1837 1723 1924 1795 utile
1942 1720 2230 1796 estconsiderari

218 1845 330 1916 libros
347 1839 551 1919 Bononiae,
575 1849 609 1906 et
635 1833 787 1906 iudicari
809 1833 847 1900 in
865 1830 965 1901 ltalia
990 1841 1197 1898 controver-
1248 1828 1409 1900 omnium
1424 1841 1623 1916 temporum
1638 1826 1832 1898 certamina
1849 1826 1893 1896 de
1907 1825 2027 1916 legum
2041 1839 2077 1899 et
2090 1822 2230 1896 ordinis

217 1947 288 2017 sias
315 1967 357 2013 ex
379 1940 453 2010 illis
466 1937 640 2011 Romanis
663 1936 802 2024 legibus
822 1929 1017 2001 mandavit.
1068 1925 1197 1996 ltere-
1250 1929 1385 2024 politici
1399 1929 1580 2017 dignitate.

219 2060 277 2118 tus
290 2042 628 2114 Iuriscomultorum
644 2035 805 2107 doctrina
828 2056 870 2100 es
887 2027 1197 2119 Constantinopoli
1348 2026 1456 2100 Dixi
1484 2030 1577 2101 iuter
1604 2027 1756 2118 insigne.
1771 2027 1862 2101 iacta
1884 2027 2076 2100 Iustiniani
2092 2049 2173 2098 esse
2195 2039 2232 2100 et

221 2169 341 2218 rursus
359 2145 397 2212 in
413 2141 552 2213 ltaliam
570 2139 669 2208 illata
691 2152 756 2210 est.
1250 2127 1387 2221 Synodi
1407 2131 1715 2214 convocationem,
1748 2131 1793 2198 de
1817 2126 1888 2224 qua
1908 2153 1990 2200 mos
2010 2130 2169 2200 dicemus
2190 2128 2231 2196 in

274 2302 279 2311 .
320 2242 400 2318 Etsi
421 2257 537 2314 autem
561 2240 705 2332 quidam
728 2235 931 2320 vituperant
946 2226 1198 2310 lastinianum,
1249 2225 1427 2302 Ecclesiae
1445 2225 1610 2316 historia,
1634 2253 1740 2321 quam
1763 2245 1878 2301 attexo
1892 2231 2038 2302 caeteris
2052 2229 2232 2300 narratio-

221 2349 317 2444 quod
332 2370 373 2416 ex
385 2341 636 2414 vetustioribus
649 2333 796 2421 integris
810 2330 949 2423 scriptis
964 2343 1100 2400 tantum
1117 2329 1199 2399 bre·
1251 2331 1369 2400 nibus.
1417 2323 1559 2400 Omitto
1581 2329 1687 2401 etiam
1712 2330 1996 2402 aedificationum
2019 2328 2232 2420 descriptio·

221 2472 306 2519 vem·
329 2443 517 2536 Epitomen
546 2437 683 2525 excerpi
720 2431 879 2505 iusserit:
923 2444 1041 2502 tamen
1079 2428 1199 2499 iudico
1252 2454 1333 2511 nes,
1373 2453 1464 2523 quae
1493 2430 1658 2520 legantur
1677 2433 1769 2522 apud
1795 2429 2021 2524 Procopium.
2071 2429 2234 2500 Mnnivit

222 2549 324 2616 valde
342 2539 599 2612 benemeritum
622 2559 708 2606 esse.
757 2533 849 2604 Nam
881 2555 960 2602 cum
989 2532 1052 2602 illa
1082 2541 1199 2600 vetera
1251 2531 1383 2601 limites
1404 2532 1544 2622 imperii
1568 2532 1607 2602 in
1633 2527 1785 2604 Oriente
1808 2547 1843 2604 et
1862 2528 2070 2605 Occidente.
2121 2529 2171 2604 Et
2192 2533 2232 2606 fit

222 2642 406 2715 solumina
425 2654 569 2731 propter
584 2636 866 2727 magnitudinem
883 2632 1017 2724 alioqui
1041 2631 1199 2724 peritura
1251 2633 1387 2704 mentio
1404 2631 1504 2717 istri,
1527 2633 1567 2702 iu
1592 2633 1691 2704 cuius
1716 2635 1793 2724 ripe
1814 2633 1943 2704 multas
1965 2636 2119 2706 urbeset
2132 2655 2232 2704 arces

220 2745 376 2828 fuerint,
401 2743 503 2812 valde
526 2742 668 2830 prodest
688 2737 856 2829 reliquias
879 2754 1059 2824 superesse
1077 2733 1200 2825 plenas
1252 2736 1424 2806 condidit.
1474 2729 1523 2804 Et
1545 2733 1694 2804 Traiani
1724 2750 1870 2826 pontem
1899 2735 2022 2806 reiecit
2047 2735 2087 2804 in
2110 2733 2233 2818 Dacia,

222 2842 445 2936 ensditiopis,
470 2865 539 2934 qua
553 2840 745 2932 aequalitas
759 2838 845 2906 alias
861 2831 1093 2919 arithmetica,
1112 2834 1200 2902 alias
1252 2860 1341 2928 qnae
1366 2849 1416 2906 est
1430 2828 1641 2911 Walachia.
1691 2835 1855 2928 Suntque
1877 2837 1986 2906 verba
2005 2834 2168 2927 Procopii
2187 2837 2233 2904 de

222 2945 431 3040 geometrica
447 2942 676 3033 proportione
695 2936 875 3029 sapienter
898 2935 1053 3029 quaesita
1070 2949 1142 3020 est,
1165 2947 1201 3004 et
1253 2934 1347 3006 Istro
1366 2931 1472 3006 haec:
1498 2928 1639 3008 anicetus
1661 2928 1734 3028 μὲν
1756 2936 1795 3019 ἐξ
1814 2933 1931 3030 ὁρίων
1945 2935 2233 3016 austrasianis

221 3048 356 3119 multae
370 3042 688 3116 demonstrationes
703 3040 850 3111 traditae
867 3052 959 3108 sunt.
992 3035 1065 3108 Nec
1080 3059 1200 3108 asseu-
1252 3031 1573 3134 noeapsdc'locpoc.
1603 3035 1781 3130 Loquitur
1795 3041 1890 3110 enim
1904 3036 2078 3126 Herodoti
2094 3061 2203 3110 more.

222 3150 294 3220 tior
307 3144 501 3236 Procopio,
526 3142 587 3235 qui
605 3141 867 3212 Tribonianum
885 3138 934 3208 ait
948 3138 1042 3226 leges
1061 3137 1200 3207 venales

222 3245 409 3327 habuisse,
434 3267 514 3311 cnm
531 3243 674 3334 quidem
692 3242 754 3308 ille
769 3242 843 3329 ipse
858 3241 1010 3308 fateatur
1024 3259 1105 3305 enm
1118 3259 1201 3306 eru·

224 3348 362 3416 ditione
387 3342 606 3426 excelluisse:
634 3333 783 3436 φύσεως
800 3331 960 3430 δυνάμει
984 3337 1114 3429 ἐχρῆτο
1138 3329 1201 3406 καὶ

222 3441 391 3526 ceaddae
418 3445 468 3524 ele
493 3437 610 3536 ἀκρὸν
635 3430 1118 3539 dpiaeco,nlntiiocde*i1v
1138 3431 1202 3509 καὶ
1305 3459 1311 3470 ·
1357 3435 1493 3526 Quinta
1518 3437 1688 3534 Synodus
1726 3440 1961 3537 olaovpsmxr)
1988 3467 2008 3516 a
2035 3442 2235 3516 Iustiniana)

222 3541 516 3646 φιλοχρηματίας
547 3537 695 3637 νόσημα
728 3535 937 3614 incursioni
971 3534 1101 3618 ἱκανὸς
1139 3543 1204 3630 τῆς
1254 3537 1594 3630 Constantinopolin
1610 3558 1801 3614 convocata
1815 3559 1867 3614 cst
1884 3569 1980 3615 acano
1995 3540 2128 3620 Christi
2144 3543 2234 3620 552.

223 3643 617 3740 nardeiosnsptovot'u.
849 3669 853 3678 ’
1091 3651 1098 3670 “·
1256 3642 1338 3734 qnia
1360 3655 1395 3711 et
1416 3641 1586 3732 reliquiae
1600 3641 1757 3714 Nestorii
1780 3658 1815 3715 ct
1829 3641 2003 3740 Eutychis
2023 3643 2140 3720 adhuc
2156 3662 2235 3719 tnr-

324 3750 436 3838 Saepe
458 3762 573 3817 antem
597 3745 796 3818 turbulenti
819 3738 984 3813 hontines
1007 3741 1204 3812 excitarunt
1255 3737 1579 3812 bahantEcclcsias
1600 3744 1640 3814 in
1656 3742 1830 3829 Oriente,
1866 3761 1899 3819 et
1925 3745 2091 3820 monachi
2113 3746 2235 3820 inPs·

224 3850 398 3923 tumultus
415 3874 486 3916 non
503 3848 616 3916 sulum
631 3862 753 3915 contra
768 3846 885 3934 legum
901 3843 1118 3926 doctrinam,
1143 3842 1203 3910 sed
1256 3841 1403 3913 laestina
1419 3847 1639 3916 renovabant
1656 3841 1848 3936 Origenica
1863 3849 2110 3926 deliramenta.
2146 3848 2236 3920 Fin-

225 3953 329 4020 etiam
338 3964 458 4019 contra
467 3961 579 4017 totum
591 3946 774 4036 politicum
783 3945 963 4014 ordinem:
986 3943 1205 4014 sustulerunt
1256 3947 1387 4035 gebaut
1400 3968 1524 4016 omnes
1547 3947 1683 4016 animas
1699 3941 1872 4018 humanas
1886 3951 1993 4020 initio
2009 3951 2137 4022 muudi
2150 3975 2238 4022 con·

225 4043 772 4129 distinctionemDominiornsn,
798 4045 1204 4116 institueruntcom'mu·
1238 4051 1348 4117 ditas
1371 4069 1444 4115 esse
1466 4059 1548 4116 ante
1571 4072 1731 4140 corpora.
1783 4047 1873 4122 ltem
1896 4048 2069 4122 Diabolos
2091 4047 2237 4123 habitu·

224 4151 440 4222 nicationem
479 4148 692 4219 facultatum*
708 4145 950 4230 Platonicam,
990 4146 1205 4216 damnarunt
1257 4171 1315 4219 ros
1329 4147 1435 4216 finem
1453 4172 1658 4238 poenarum,
1671 4162 1705 4219 et
1720 4133 1988 4224 salvosluturos
2006 4176 2093 4226 esse.
2124 4150 2237 4226 Dein·

224 4251 473 4342 Magistratus,
500 4249 629 4321 indicia
647 4263 681 4320 et
704 4249 880 4338 legitimas
896 4269 1041 4338 poenas.
1059 4332 1063 4350 Ι
1089 4277 1093 4284 ·
1251 4253 1302 4320 de
1318 4250 1529 4340 spargebant
1541 4263 1575 4320 et
1590 4250 1652 4320 alii
1668 4252 1787 4343 plnres
1801 4267 2019 4325 monstrosas
2035 4255 2236 4345 opiniones.

328 4353 434 4423 Tales
456 4352 594 4421 furores
616 4352 703 4420 olim
736 4363 942 4441 sparserunt
961 4343 1205 4440 Carpocrates,
1256 4349 1421 4444 Repetite
1438 4365 1489 4422 est
1506 4351 1614 4440 igitur
1626 4351 1846 4424 costfirmatio
1872 4356 2024 4450 symboli
2038 4354 2178 4440 Niccni,
2202 4369 2239 4426 et

224 4452 391 4528 Marcion
411 4465 447 4524 et
476 4452 558 4532 alii,
591 4464 626 4522 ct
653 4447 771 4522 edhuc
802 4450 1054 4522 circumierunt
1083 4464 1204 4520 nostro
1257 4450 1504 4523 condemnatio
1527 4449 1767 4540 Samosateni,
1792 4455 1894 4547 Arii,
1926 4454 2082 4528 Nestorii
2105 4470 2139 4529 et
2159 4453 2238 4528 Eu·

225 4572 383 4648 tempore
406 4551 670 4644 Anabaptistae.
721 4550 987 4636 Carolostadius
1010 4575 1084 4622 non
1106 4552 1205 4620 vole·
1256 4550 1381 4648 tychis.
1409 4551 1771 4646 ScribitNicephorus
1786 4556 1986 4630 interfuisse
1998 4554 2238 4652 huicSynodo

224 4659 287 4730 hat
302 4656 415 4729 videri
430 4677 573 4746 prorsus
590 4653 731 4724 abolere
749 4652 859 4743 leges:
886 4656 945 4724 sed
971 4653 1205 4723 contendebat
1256 4653 1461 4728 Romanum
1484 4651 1699 4746 Episcopum
1727 4649 1774 4730 V
1769 4655 1930 4751 igilium.
1978 4657 2171 4732 Retinetur
2197 4660 2239 4730 in

224 4773 391 4847 oportere
423 4755 557 4829 iudicia
589 4754 745 4826 exerceri
777 4755 874 4826 iuxta
913 4755 1071 4824 forenses
1111 4755 1205 4843 leges
1258 4755 1393 4827 Graeca
1408 4753 1568 4845 Liturgia
1589 4758 1785 4844 cantilena,
1810 4761 2073 4854 quaecontinet
2089 4765 2234 4835 breseen

224 4854 347 4928 Moiai.
702 4875 705 4882 ·
1256 4858 1512 4929 contessionem
1528 4861 1795 4930 contramultus
1809 4883 1960 4932 errores.
2007 4859 2099 4934 Eam
2113 4863 2238 4935 dicunt

326 4957 424 5030 Haec
461 4958 694 5030 deliramenta
730 4957 851 5032 omnia
884 4979 926 5026 ex
957 4951 1016 5028 his
1047 4955 1205 5026 tenebris
1256 4956 1679 5050 alostinianoposteem
1698 4959 1886 5053 Synodum
1901 4965 2133 5056 compositam
2150 4985 2238 5036 esse.

224 5059 410 5145 oriuntur,
435 5064 530 5154 quod
544 5074 684 5132 autores
700 5080 825 5130 eorum
840 5069 874 5130 et
888 5055 1115 5147 adplausores
1129 5079 1204 5128 non
1255 5057 1326 5130 Sed
1360 5059 1519 5131 existimo
1552 5061 1733 5130 communi
1763 5063 2021 5135 deliberatione
2040 5063 2178 5160 Synodi
2202 5078 2237 5136 et

224 5159 432 5250 intelligunt
458 5162 649 5231 discrimen
680 5158 859 5244 iusticias,
895 5162 1030 5250 deque
1063 5160 1204 5250 proprie
1255 5161 1435 5251 scriptam,
1459 5175 1493 5233 et
1508 5159 1677 5236 Ecclesiis
1693 5163 1858 5234 traditam
1877 5187 1963 5241 csse.
1994 5165 2134 5238 ¹Verba
2150 5158 2236 5236 haec

224 5263 458 5333 concionatur
477 5256 709 5348 Evangelium
732 5273 768 5330 et
792 5259 885 5330 vitae
913 5259 1100 5354 politicae,
1139 5283 1205 5330 nec
1254 5275 1353 5333 sunt:
1380 5259 1846 5351 Unigeniteiilietrerbum
1863 5263 1951 5349 Dei,
1974 5266 2038 5362 qui
2061 5291 2142 5338 cnm
2166 5267 2235 5343 im-

224 5361 381 5448 cogitant
401 5361 547 5432 missum
570 5381 644 5430 csse
665 5361 778 5432 tilium
793 5357 881 5446 Dei,
904 5376 945 5433 ut
961 5361 1000 5434 iu
1016 5363 1122 5432 corde
1136 5385 1203 5432 uo·
1254 5363 1417 5436 morulis
1429 5361 1495 5447 sis,
1518 5365 1736 5456 assumpsisti
1757 5359 1950 5436 humanam
1970 5378 2133 5439 naturam
2149 5391 2235 5461 pro·

224 5480 305 5526 vam
322 5461 456 5548 lucem,
480 5459 699 5552 agnitionem
714 5473 750 5531 et
771 5460 1032 5564 invocationem
1045 5461 1121 5534 veri
1134 5457 1204 5534 Dei
1254 5477 1334 5558 pter
1354 5457 1514 5536 nostram
1531 5463 1680 5538 salutem
1701 5487 1745 5538 ex
1766 5479 1886 5538 sancta
1899 5461 1967 5538 Dei
1983 5469 2173 5560 genitrice,
2198 5481 2233 5541 et

1585 3271 1654 3343 De
1680 3275 1912 3346 Ecclesia.
