4726 5828
87 303 167 379 sss
462 271 468 284 '
549 302 710 380 onon.
745 303 818 380 na
859 302 1005 380 vrrs
1041 301 1119 378 nr
1159 299 1430 376 scituris
1469 299 1662 376 eursu.
2046 304 2120 380 aso

84 479 155 548 dae
168 467 408 556 necessarium
423 491 523 552 esset.
572 471 621 550 Et
635 477 686 550 ait
700 477 817 564 idem,
842 501 879 548 se
897 479 972 549 dies
987 491 1081 550 totos
1190 472 1289 545 llaec
1302 475 1347 543 de
1361 468 1510 545 authore
1525 489 1648 546 nostro
1663 473 1817 547 breviter
1836 497 2113 552 commemorare

84 579 328 672 imperatoriis
344 579 495 670 negotiis
511 591 545 650 et
561 579 679 651 officio
695 581 882 650 commisso
900 580 1080 664 tribuisse,
1131 576 1247 668 volni,
1273 575 1424 646 maxime
1440 599 1516 647 earn
1531 578 1579 647 ob
1593 601 1751 664 cauum,
1775 590 1816 650 ut
1834 600 1915 647 cum
1930 579 2111 654 auditores

84 695 285 753 nocturnas
317 704 401 750 vero
432 675 538 751 horas
567 681 753 774 plerasque
775 682 966 751 scribendo
992 705 1081 750 con·
1129 677 1168 746 in
1185 673 1252 747 hoc
1268 673 1417 749 authore
1433 677 1749 750 innumerabilium
1765 691 1798 750 et
1822 699 2030 752 arcanarum
2052 707 2111 756 re-

85 782 295 874 sumpsisse.
351 780 423 858 lter
446 781 579 852 iaciens
600 784 681 852 ideo
703 783 827 854 lectica
845 805 930 853 usus
946 796 1014 866 est,
1039 794 1079 852 ut
1128 803 1207 848 rum
1223 779 1406 850 scientiam
1429 802 1470 847 ex
1492 779 1730 871 plurimohnm
1747 779 1885 872 scriptis
1898 797 2110 876 excerptam,

84 897 207 954 toturn
230 884 270 952 id
290 897 431 976 tempos
452 884 609 954 tribuere
631 884 777 954 lectioni
797 897 833 956 et
853 883 1080 955 annotationi
1129 893 1163 948 et
1176 880 1311 974 optimo
1328 879 1453 950 ordine
1470 881 1696 953 distributam
1719 881 1919 967 invenient,
1943 885 2110 975 cogitent,

83 999 220 1075 posset.
1127 983 1307 1075 quomodo
1324 980 1422 1050 illam
1444 994 1515 1052 tarn
1539 983 1774 1075 multiplicem
1799 982 2035 1056 eruditionem
2050 988 2108 1058 vir
2153 1071 2157 1078 ¹
2256 1054 2258 1068 ,

1127 1081 1215 1162 adeo
1231 1083 1376 1152 caeteris
1396 1083 1567 1173 negotiis,
1592 1085 1825 1166 militaribus,
1850 1085 2015 1173 urbanis,
2041 1111 2109 1160 au·

110 1235 148 1304 ffi
172 1130 371 1255 ”Denique
391 1135 442 1204 ila
474 1134 579 1255 libili
600 1136 725 1207 amm
756 1135 852 1254 fnit,
873 1133 1012 1256 qumi&
1033 1133 1078 1204 ab
1127 1183 1225 1268 licis,
1261 1183 1462 1254 domesticis
1489 1199 1697 1279 occupatus,
1738 1187 1907 1279 consequi
1933 1189 2109 1278 potuerit,

84 1260 108 1305 o
150 1259 216 1304 cns
233 1236 390 1328 publicis
412 1250 448 1306 et
471 1237 596 1308 aulicis
627 1238 922 1330 occupationibus
944 1258 1077 1306 vacuus
1154 1285 1163 1301 .

82 1337 174 1422 fuit,
200 1350 244 1408 ut
259 1361 319 1408 eos
334 1321 382 1407 er'
390 1339 556 1410 manibus
579 1362 654 1410 non
676 1341 885 1432 deponeret,
911 1352 947 1410 et
972 1361 1078 1406 omne
1126 1283 1297 1354 mmimm
1321 1307 1394 1355 ⁰⁰¹¹
1414 1307 1555 1370 ⁸⁰¹⁰¹¹⁰2
1586 1287 1779 1374 ⁰⁰¹¹Vlvil⁸s
1812 1288 1911 1372 ¹⁰⁸³»
1936 1289 2108 1362 (thamim-

83 1451 231 1529 tempus
253 1439 401 1532 periisse
421 1440 654 1525 existimaret,
679 1444 775 1534 quod
794 1441 993 1512 sudiisnon
1007 1462 1077 1506 arn·
1127 1511 1206 1556 cum
1224 1503 1313 1560 emt
1328 1488 1401 1558 mi
1417 1486 1454 1556 in
1528 1487 1537 1505 .
1660 1490 1696 1560 d.
1980 1493 1990 1510 .
2079 1493 2088 1512 .

84 1540 242 1630 pertitus
257 1541 395 1611 fuisset.
417 1539 512 1611 ·Hac
529 1542 590 1612 ille
606 1543 662 1612 vir
676 1543 881 1633 diligentia,
907 1535 974 1612 hac
989 1540 1076 1608 assi·
1457 1510 1560 1577 gem
1576 1513 1658 1581 pm
1685 1502 1766 1575 ω’
1783 1504 1817 1561 ⁰¹
1828 1490 1992 1579 ἥψω
2008 1516 2110 1584 ‘¹¹9¹'

86 1640 247 1726 duitate,
278 1635 348 1712 boc
363 1643 504 1714 ardenti
526 1643 645 1714 studio
663 1645 844 1730 discendi,
869 1653 1077 1715 consecutus
1124 1713 1202 1759 eam
1216 1689 1359 1780 legendi
1379 1703 1414 1762 e,
1439 1690 1618 1761 scribendi
1633 1691 1893 1778 assiduitatem,
1918 1707 1954 1764 εἰ
1969 1707 2108 1788 tempo,

83 1755 140 1810 “i
156 1764 256 1823 ‘³¹¹¹’
284 1767 391 1836 ‘imm
405 1743 445 1811 3¹¹
459 1745 535 1814 ⁰3⁰⁵
550 1721 689 1835 ⁸⁰flli¹l⁸
702 1770 807 1815 ¹¹²¹¹¹⁰
825 1769 899 1815 ”⁰¹¹
914 1744 1076 1862 milium
1124 1791 1174 1862 ris
1197 1791 1471 1882 parsimoniam,
1497 1803 1537 1861 ut
1559 1792 1696 1862 nullam
1722 1791 1791 1864 sibi
1816 1788 1941 1864 horem
1964 1796 2109 1868 effluere

85 1866 211 1912 “mm
245 1844 488 1915 'bammum
511 1860 545 1916 ‘l
575 1847 897 1917 diver⁸i⁸⁵lm³mm
922 1868 1073 1937 ὤμω·
1125 1905 1315 1985 pateretur,
1335 1893 1475 1986 quietus
1487 1892 1612 1962 saltem
1627 1893 1673 1964 ab
1686 1893 1767 1963 aliis
1781 1895 1986 1965 necessariis
2001 1921 2109 1968 occu·

85 1941 134 2012 1¹¹
161 1937 220 2012 [ἥδ
241 1943 328 2036 iP⁵l⁵
352 1957 470 2015 limen
496 1949 789 2038 ⁰⁶⁰¹¹P³¹l⁰¹¹lb¹¹⁸
810 1947 949 2039 ’ὠμὴ
971 1945 1075 2016 εῑὶῧω
1126 1994 1350 2087 petionibus,
1381 1993 1480 2065 cuius
1502 1993 1570 2063 sibi
1591 2007 1685 2066 recte
1707 1994 1897 2066 collocatae
1919 1995 1958 2065 in
1979 1997 2108 2070 studiis

83 2044 180 2113 alios
205 2046 337 2114 multos
359 2045 482 2114 libros.
535 2045 628 2116 Nam
653 2063 687 2118 et
710 2073 858 2138 suorum
876 2063 1075 2165 temporlssp
1126 2097 1219 2168 mio
1236 2119 1312 2166 non
1327 2108 1514 2172 compares,

82 2141 276 2215 historiam
291 2145 494 2236 complexus
512 2160 564 2217 est
578 2173 652 2219 uno
668 2163 703 2221 et
718 2150 864 2242 triginta
880 2147 1076 2221 volumius·
1226 2194 1285 2268 Ad
1306 2192 1398 2266 hanc
1419 2197 1528 2287 igilur
1548 2214 1621 2272 tam
1646 2201 1856 2273 indefessam
1879 2216 1914 2274 et
1928 2201 2033 2274 nobis
2047 2204 2108 2274 vit

83 2247 466 2418 ξὲἰέιέἒέῗυῖτὶἵη
480 2248 611 2366 ‘indit’
637 2275 717 2370 cum
739 2267 857 2323 lamen
882 2251 1073 2371 ¹i⁰n.¹¹lli³
1125 2298 1332 2371 credibilem
1347 2299 1567 2389 diligentiam
1582 2296 1739 2372 hominis
1757 2317 1829 2374 tam
1845 2305 2009 2394 potentis,
2033 2316 2107 2372 tam

445 2372 778 2452 qmnqu³3⁹⁸¹m¹¹m
801 2367 924 2426 δείδω
940 2363 1076 2425 ΨΜ
1125 2399 1328 2492 locupletis,
1357 2413 1431 2470 tam
1463 2402 1618 2496 denique
1646 2406 1826 2496 occupati,
1857 2429 1987 2500 quaeso
2016 2401 2109 2476 mihi

190 2497 300 2590 haut
317 2500 360 2570 de
376 2514 490 2572 morte
504 2525 646 2595 quoque
662 2503 774 2595 ipsius
793 2529 851 2591 ea,
874 2529 964 2600 quae
979 2518 1075 2577 certo
1124 2525 1317 2595 parumper
1336 2503 1458 2572 saltem
1485 2503 1640 2573 conferte
1666 2518 1787 2575 nostro
1811 2501 1880 2576 hoc
1910 2507 2027 2577 seculo
2049 2506 2108 2577 di-

85 2600 220 2674 tradita
241 2613 325 2671 sunt
346 2601 392 2672 ab
413 2603 536 2672 eodem
551 2602 670 2673 Plinio
687 2604 830 2678 iuniore
844 2609 883 2678 in
898 2607 967 2677 alia
985 2602 1077 2698 Epi·
1125 2603 1298 2673 scentinm
1319 2625 1444 2696 operas
1466 2616 1502 2673 et
1524 2605 1702 2690 studium,
1734 2619 1776 2676 nt
1797 2607 1967 2693 videatis,
1999 2629 2107 2700 quarn

84 2703 239 2795 pistola,
257 2701 415 2774 breviter
430 2727 722 2790 commemorem,
746 2701 832 2779 haec
849 2710 923 2800 ipsa
938 2731 1076 2799 semper
1126 2700 1221 2774 nihil
1245 2704 1361 2773 simile
1384 2706 1477 2796 apud
1497 2707 1648 2790 multos,
1673 2706 1737 2801 qui
1755 2707 1859 2777 etiarn
1874 2731 1949 2777 non
1961 2730 2107 2799 prorsus

85 2803 270 2889 discendi,
296 2803 399 2893 plura
426 2819 459 2876 et
484 2807 693 2896 explorandi
715 2822 749 2877 et
764 2807 963 2879 annotandi
979 2808 1076 2876 insa·
1127 2805 1246 2894 ignavi
1263 2798 1385 2874 haberi
1400 2805 1545 2890 volunt,
1571 2807 1785 2882 inveniatur.
1836 2807 1948 2878 Multi
1967 2809 2107 2896 suntin

82 2905 221 2977 tiabilis
244 2905 419 2994 cupiditas
444 2905 477 2974 ei
504 2929 608 2977 causa
624 2907 723 2978 exitii
743 2909 822 2981 fuit.
874 2907 967 2980 Nam
993 2930 1073 2977 curn
1127 2929 1166 2975 ea
1184 2904 1367 2997 opinione,
1393 2919 1483 2975 utse
1498 2907 1644 2978 munere
1659 2903 1858 2980 scholastici
1874 2909 2010 3000 egregie
2023 2889 2108 2979 itin·

85 3007 244 3078 secundo
268 3030 363 3076 anno
383 3003 612 3099 Imperatoris
628 3007 723 3095 Titi,
749 3011 812 3104 qui
838 3025 920 3081 ante
945 3011 1076 3080 decen·
1124 3017 1199 3076 ctos
1214 3004 1447 3091 arbitrentur,
1473 3005 1504 3075 si
1523 3005 1682 3080 interdiu
1707 3031 1815 3079 unam
1840 3023 1946 3104 atque
1959 3011 2106 3081 alteram

86 3110 192 3178 nium
216 3105 516 3202 lerosolymorurn
541 3111 714 3202 templum
742 3125 776 3182 et
802 3113 927 3182 urbem
950 3111 1076 3179 incen-
1123 3105 1312 3177 lectionem
1327 3106 1505 3198 publicam
1523 3109 1713 3190 audierint,
1739 3121 1774 3180 et
1785 3111 1958 3205 reliquam
1970 3125 2107 3204 partem

83 3211 145 3279 dio
184 3221 404 3294 vastaverat,
446 3233 549 3280 mons
582 3209 797 3303 Campaniae
827 3212 1004 3282 Vesuvius
1036 3211 1075 3279 in
1124 3207 1208 3292 diei,
1232 3207 1334 3300 quasi
1348 3207 1453 3277 valde
1467 3208 1661 3299 defatigati,
1683 3210 1745 3280 illa
1763 3213 2038 3298 auscultatione,
2060 3215 2108 3284 ad

84 3335 227 3382 summo
241 3309 372 3379 vertice
388 3325 525 3403 ruptus,
552 3311 731 3403 ingentem
745 3314 878 3384 nubem
893 3312 1022 3384 cineris
1042 3325 1075 3381 et
1125 3308 1349 3378 reiectionem
1373 3307 1490 3378 virum
1512 3310 1777 3404 absumptorum
1796 3313 1947 3395 scilieet,
1972 3315 2108 3386 instru-

84 3412 232 3504 vaporis
252 3405 459 3500 sulphurei,
485 3413 588 3483 misti
610 3415 720 3482 exesis
745 3415 925 3505 pumicum
943 3413 1075 3504 lapidi·
1123 3408 1253 3478 mentis
1268 3408 1422 3492 musicis,
1436 3407 1792 3498 deambulationibus,
1812 3415 1993 3487 autetiam
2010 3439 2107 3487 com-

83 3515 175 3599 bns‚
201 3535 277 3582 uua
292 3535 372 3581 cum
386 3514 540 3584 flammis
555 3515 807 3600 eiacularetnr,
833 3513 986 3598 Plinius,
1013 3512 1073 3604 qui
1124 3507 1367 3602 potationibus
1399 3523 1620 3584 consumant.
1670 3510 1753 3582 Non
1773 3510 1947 3586 adhibent
1970 3541 2106 3608 eorum,

83 3616 286 3708 praefectus
300 3625 385 3682 tunc
402 3613 504 3684 classi
518 3612 717 3698 Romanae,
734 3613 915 3685 Misenum
932 3628 1073 3708 portum
1123 3633 1213 3704 quae
1231 3609 1376 3703 publice
1399 3611 1518 3681 audita
1543 3624 1646 3701 sunt,
1667 3614 1895 3686 domesticam
1920 3619 2106 3708 repetitio-

1009 1437 1019 1454 .
1126 1385 1322 1457 lationibus
1337 1401 1372 1458 et
1383 1385 1560 1458 similibus
1572 1387 1710 1458 frivolis
1725 1389 2030 1480 occupationibus:
2047 1393 2110 1464 sed
2214 1475 2221 1488 ·
2328 1466 2334 1476 ,

1067 1629 1080 1654 .
1127 1589 1236 1658 ditate
1259 1601 1465 1659 tenerentur
1486 1590 1639 1680 plurima
1664 1591 1918 1680 cognoscendi,
1942 1589 2109 1668 adhibuit
2237 1617 2246 1624 ‘

81 3718 248 3799 tenebat,
270 3714 367 3783 unde
390 3727 628 3804 assurgentem
650 3716 753 3786 illurn
775 3717 913 3785 sumum
931 3737 1075 3785 cernere
1123 3735 1225 3796 nem,
1249 3734 1325 3781 non
1340 3712 1515 3797 lectionis,
1540 3713 1761 3804 scriptionis,
1786 3715 2106 3808 pronunciationis,
2220 3725 2228 3750 ’·

79 3817 211 3910 pmcnl
235 3815 373 3906 potuit,
397 3827 438 3885 ut
460 3839 599 3886 causam
623 3812 731 3888 huius
744 3817 899 3886 mirandi
914 3815 1072 3886 incendii
1124 3813 1314 3883 memoriae
1327 3813 1441 3883 ullum
1457 3814 1514 3882 vel
1530 3812 1752 3886 rarissimum
1769 3818 1986 3890 exercitium.
2020 3818 2105 3892 Non

80 3918 234 4010 propius
276 3930 521 4005 cognosceret,
559 3920 644 3988 navi
681 3917 879 3990 Liburnica
916 3917 1072 3987 secundo
1123 3927 1299 3984 conantur
1314 3937 1512 3984 sermonem
1531 3938 1634 3986 sunm
1649 3917 1695 3986 ad
1720 3942 1843 3990 eorum
1868 3919 2104 3994 imitationem

81 4031 191 4090 vento
207 4018 376 4087 advectus
393 4031 455 4091 est.
505 4015 576 4090 Sed
599 4043 680 4090 cum
704 4019 890 4108 ingruente
904 4019 974 4088 iam
989 4042 1074 4112 pro·
1122 4017 1284 4101 formare,
1300 4017 1361 4110 qui
1377 4015 1565 4108 purissime
1579 4032 1614 4089 et
1627 4019 1869 4110 propriissime
1882 4021 1991 4094 locuti
2007 4036 2103 4110 suut,

81 4122 162 4214 pins
185 4117 376 4203 incendio,
401 4131 436 4188 et
458 4119 628 4190 omnibus
649 4122 741 4192 circa
763 4122 851 4192 loeis
867 4123 939 4192 alto
955 4122 1073 4191 cinere
1122 4118 1280 4188 contenti
1293 4112 1362 4186 hoc
1375 4117 1512 4208 vulgari
1526 4132 1561 4189 et
1577 4119 1795 4212 improprio,
1821 4137 1856 4194 et
1875 4144 1975 4214 saepe
1996 4125 2101 4196 etiarn

82 4237 113 4294 et
127 4219 299 4310 congerie
315 4219 497 4310 pumicum
514 4221 704 4294 eiecturum
723 4225 894 4315 oppletis,
919 4222 994 4315 ipse
1015 4247 1072 4292 re·
1123 4221 1294 4289 mendoso
1311 4219 1485 4289 orationis
1500 4231 1643 4308 genere,
1661 4224 1757 4314 quod
1774 4245 1842 4295 usu
1858 4238 2007 4307 tantum,
2026 4223 2103 4294 sine

82 4323 184 4414 gredi
208 4321 378 4392 adversus
397 4334 543 4391 ventum
565 4346 641 4392 non
662 4337 796 4418 posset,
822 4349 893 4419 quo
916 4325 1072 4396 secundo
1122 4319 1276 4402 iudicio,
1300 4321 1377 4391 tine
1401 4344 1484 4390 cura
1509 4321 1702 4391 mundiciei
1717 4337 1751 4394 et
1765 4323 2012 4417 proprietatis,
2037 4349 2103 4397 an-

84 4434 296 4503 aeeesserat,
328 4421 440 4493 altero
459 4423 537 4509 die,
560 4449 665 4517 mam
689 4450 732 4496 eo
750 4438 913 4511 venerat,
939 4424 1072 4496 Stabiis
1121 4419 1258 4491 dientes
1288 4421 1377 4491 alios
1408 4421 1518 4490 simili
1544 4423 1759 4512 negligentia
1789 4427 1995 4520 loquentes,
2034 4427 2103 4497 sibi

82 4526 177 4600 iuter
194 4546 324 4593 manus
338 4546 484 4594 suorum
503 4526 680 4617 collapsus
694 4528 868 4608 moritur,
890 4527 1071 4618 praefoca-
1106 4522 1237 4593 obiter
1258 4536 1525 4614 compararunt,
1569 4518 1617 4594 Et
1640 4526 1737 4618 quod
1764 4525 2102 4618 perniciosissimum

81 4641 156 4712 tus,
184 4638 227 4696 ut
247 4625 465 4710 existimant,
491 4621 676 4719 sulphurei
704 4629 846 4720 vaporis
862 4641 897 4698 et
911 4619 1070 4698 cinerum
1120 4636 1191 4707 est,
1212 4646 1335 4694 omnes
1362 4624 1432 4693 iam
1453 4623 1561 4694 ferme
1583 4623 1652 4695 sibi
1674 4627 1742 4718 ipsi
1763 4640 2007 4720 praeceptores
2027 4651 2103 4700 esse

81 4753 117 4799 ac
129 4725 298 4814 fuliginis
313 4738 479 4798 attractae
493 4747 557 4819 per
572 4731 841 4822 respirationem
853 4730 966 4822 copia.
999 4726 1071 4798 Ao-
1119 4725 1256 4810 volunt,
1271 4724 1474 4816 paucissimi
1488 4738 1583 4810 sunt,
1604 4727 1669 4819 qui
1683 4728 1872 4800 exstimant
1885 4729 1955 4800 sibi
1971 4731 2103 4822 guber-

81 4831 167 4902 cidit
189 4817 315 4898 autem'
335 4822 405 4900 hoc
429 4827 578 4900 Vesuvii
611 4827 830 4903 horrendum
863 4831 1069 4902 incendium
1118 4839 1241 4896 nature
1255 4827 1456 4897 studiorum
1472 4829 1775 4900 etmanuductore
1790 4852 1879 4922 opus
1896 4853 1982 4904 esse.
2027 4829 2099 4904 lta-

81 4937 196 5014 anno,
219 4941 262 5000 ut
281 4929 377 5009 diri,
399 4928 510 5000 altero
536 4945 572 5001 et
594 4934 722 5005 ultimo
745 4933 887 5025 imperii
903 4931 980 5003 Titi
998 4931 1068 5000 Ve-
1118 4950 1281 5020 querum
1299 4927 1485 5018 diligentes
1501 4951 1575 5000 esse
1589 4930 1735 5015 volunt,
1758 4945 1907 5004 sumunt
1920 4956 1986 5004 sno
2003 4934 2100 5005 arbi·

80 5031 257 5125 gpasiaffi,
284 5031 344 5122 qui
363 5043 442 5121 posi
456 5055 586 5121 paucos
602 5057 739 5105 menses
763 5036 838 5126 ipse
852 5059 993 5128 quoque
1007 5057 1069 5123 ps!-
1117 5031 1185 5101 itio
1206 5025 1392 5101 authorem
1412 5028 1567 5123 aliquem
1584 5029 1755 5121 privailm
1784 5032 1994 5123 legentium,
2024 5057 2101 5105 non

80 5135 151 5206 stili
167 5133 271 5203 febre
286 5131 461 5202 extinctus
475 5147 542 5216 est,
565 5137 628 5229 qni
644 5138 713 5208 fnit
729 5160 844 5206 annus
867 5150 946 5228 post
960 5129 1069 5206 Chri·
1116 5153 1221 5224 quem
1236 5131 1328 5202 ratio
1343 5144 1377 5203 et
1393 5132 1482 5202 ordo
1500 5130 1700 5202 studiorum
1713 5135 1933 5224 postulabat,
1958 5136 2020 5206 sed
2036 5133 2101 5228 qui
2219 5141 2223 5144 ’

82 5237 123 5308 sti
137 5235 296 5306 natalem
312 5231 569 5323 octuagesimus
592 5241 785 5322 secundus,
810 5237 934 5308 aetatis
949 5249 1067 5308 autern
1116 5231 1156 5301 in
1171 5233 1367 5324 praesentia
1386 5231 1616 5303 iucunditatis
1630 5232 1768 5326 aliquid
1782 5235 1909 5306 afferre
1924 5233 2103 5306 existima-

80 5333 209 5422 Plinii,
238 5349 280 5406 nt
303 5335 438 5405 dictum
461 5348 529 5422 est,
555 5352 671 5409 sextus
693 5353 728 5411 et
743 5337 1067 5434 quinquagesimus,
1115 5346 1185 5407 tur.
1237 5330 1327 5406 Eius
1349 5334 1407 5403 vix
1428 5335 1513 5402 dom
1538 5334 1629 5402 bene
1650 5333 1799 5426 inspecti
1832 5334 1973 5426 obrepit
1999 5334 2101 5404 iasti-

81 5451 114 5510 et
129 5425 561 5511 climactericus'octavus.
1114 5436 1228 5523 dium,
1253 5435 1437 5530 quaeritur
1451 5457 1492 5506 ex
1507 5429 1607 5508 theca
1623 5435 1768 5508 libraria
1783 5435 1876 5546 alius
1885 5436 2015 5522 codex,
2028 5433 2102 5506 iam
2130 5545 2136 5554 .
