4604 5804
62 313 128 388 ιιι
684 297 950 378 susurrat
986 251 1439 384 ιιιιιιιιιιιοιιιι.
1997 315 2073 390 sac
2125 325 2131 336 ·

61 483 189 572 Quanta
205 471 462 550 dissimilitudo
476 467 661 560 cstEliae,
689 486 726 545 et
740 473 901 546 mulieris
917 495 1032 544 mere
1083 469 1258 546 serviatur
1283 471 1467 563 proximu,
1505 485 1545 546 ut
1572 479 1798 568 quorundam
1828 481 1898 556 fnit
1923 495 2068 578 agrestis

58 581 146 656 tricis
159 579 375 652 conversae?
424 573 472 648 tlt
492 589 610 649 temen
626 574 814 644 mulierem
828 594 1030 648 conversam
1085 573 1218 657 oratio,
1254 576 1317 642 aed
1340 573 1409 646 ⁸15³
1432 573 1638 666 principalis
1651 591 1723 666 ²⁸¹2
1756 585 1920 658 Videllfel
1943 592 2067 680 debiti,
2152 577 2155 582 Ι

57 706 187 777 qnoque
216 700 357 752 necesse
389 691 443 752 est
471 690 641 762 statuere,
681 698 718 746 se
747 667 922 766 receptam
946 697 1032 761 esse,
1083 676 1177 765 quod
1196 696 1270 744 non
1284 673 1455 762 significat
1467 677 1682 772 coactionem
1697 685 1984 776 seuviolentiam,
2002 698 2063 764 sed
2175 733 2180 742 ·

54 786 181 878 Placere
196 779 297 866 Deo,
324 793 359 854 et
373 773 676 852 exaudiriaDco.
727 773 806 846 Nisi
825 777 921 848 enirn
945 771 1031 846 h'aec
1081 787 1262 863 actcrnpm
1277 788 1312 844 et
1326 775 1513 846 immotum
1527 778 1706 867 ordinem,
1732 807 1805 876 quo
1823 804 1982 861 creatura
2003 817 2062 866 ra-

55 887 132 955 fides
152 882 397 967 incaluerat,
431 875 663 951 non-accedit
684 877 729 946 ad
744 873 862 948 Deum
885 900 950 949 nec
972 878 1030 948 in.
1081 875 1224 945 tionalis
1243 875 1488 946 universaliter
1500 873 1576 948 Deo
1593 883 1636 950 ad
1655 883 1890 973 obedientiam
1904 893 2062 984 obligata

54 999 155 1056 voca,
1080 987 1143 1046 est.
1195 974 1280 1046 ldco
1295 989 1332 1047 et
1346 974 1479 1048 Paulus
1493 977 1625 1072 inquit:
1651 979 1839 1060 Debitorcs
1853 1011 1986 1066 sumus.

143 1065 262 1156 Χιιῃο
297 1075 950 1172 Upfgimrhaecdoctrinaperspicua
972 1078 1029 1164 sit,
1179 1074 1277 1149 XXI.
1304 1072 1444 1147 Deinde
1460 1082 1630 1151 accedunt
1645 1097 1679 1155 et
1696 1087 1815 1175 plures
1830 1115 1960 1170 causae.
1985 1095 2058 1168 Nc·
2107 1141 2113 1152 ·

53 1185 112 1258 ho,
135 1187 261 1257 ordine
281 1185 470 1277 praecipua
494 1181 651 1252 membra
675 1174 928 1272 comprehendi
946 1203 1030 1272 pos·
1079 1177 1253 1248 cessitasa
1272 1200 1374 1248 causa
1387 1179 1528 1248 formali
1543 1195 1659 1254 sumta
1671 1202 1739 1273 est,
1763 1194 1858 1282 quod
1878 1218 1956 1266 cum
1973 1221 2059 1270 con-

54 1304 138 1363 sunt.
185 1285 349 1358 Primum
372 1285 743 1355 sciamusmandatum
761 1279 828 1350 Dei
846 1294 1029 1353 aeternum
1078 1279 1338 1350 versiotrevera
1363 1279 1614 1371 complectatur
1637 1279 1702 1356 hos
1720 1305 1856 1379 motus,
1892 1297 2057 1370 timorem
2128 1365 2131 1370 ,

54 1404 84 1459 ct
103 1389 287 1459 immotum
311 1409 402 1473 esse,
442 1397 484 1457 ut
505 1383 637 1474 singuli
660 1383 821 1452 conversi
844 1384 889 1453 ad
911 1379 1027 1454 Deum
1076 1375 1165 1466 Dei,
1197 1379 1494 1466 consolationem,
1528 1407 1655 1454 novam
1676 1388 1810 1479 lucem,
1839 1397 2057 1484 agnitionem

55 1504 234 1561 statuamus
270 1487 382 1579 recipi
415 1499 449 1557 et
483 1485 621 1577 placere
653 1506 840 1574 personam
882 1496 1028 1576 propter
1076 1477 1145 1550 Dei
1165 1493 1204 1553 et
1219 1478 1369 1552 Domini
1397 1483 1510 1551 nostri
1532 1483 1612 1554 Iesu
1634 1482 1786 1576 Christi,
1826 1507 1862 1564 ct
1890 1497 2056 1572 fiduciam

54 1591 155 1662 lilium
171 1585 240 1659 Dei
254 1589 505 1667 mediatorem,
531 1583 657 1675 gratis,
691 1583 829 1654 etiamsi
849 1579 967 1654 adhuc
987 1587 1027 1654 in
1076 1583 1353 1686 acquiescentem
1375 1583 1413 1652 in
1437 1584 1649 1670 mediatore,
1673 1589 1919 1683 dilectionem,
1950 1601 2054 1673 invo-

54 1693 146 1760 nobis
163 1691 302 1784 reliqu,
317 1703 368 1760 e„
382 1709 509 1779 magn,
523 1685 728 1769 infirmitas,
752 1698 787 1755 et
803 1685 934 1756 mulsae
949 1707 1027 1756 μοι.
1077 1683 1269 1769 rationem,
1291 1705 1408 1775 spem,
1433 1707 1499 1754 nec
1511 1699 1624 1775 potest
1646 1691 1789 1782 quidem
1817 1719 1890 1766 esse
1911 1713 1945 1771 et
1968 1705 2054 1773 reti-

55 1793 116 1864 des.
151 1791 338 1877 Secundo,
362 1810 591 1880 agnoscamus
607 1809 672 1854 nos
687 1808 910 1879 nequaquam
925 1786 1027 1856 satis-

53 1893 152 1962 facere
167 1893 236 1981 legi
245 1889 333 1979 Dei,
356 1885 522 1964 etadhuc
536 1885 761 1958 circumferre
774 1887 813 1954 in
827 1887 932 1956 nobis
945 1910 1027 1982 pec-

55 2006 136 2075 cata,
161 2005 195 2062 et
219 1989 313 2062 hanc
338 2003 497 2062 nostram
520 1989 761 2058 infirmitatem
778 1988 870 2056 veris
886 1989 1026 2077 gemiti-

55 2091 110 2162 bus
122 2095 359 2184 deploremus.
399 2089 545 2175 Tertio,
568 2103 603 2159 ct
616 2101 733 2158 tamen
751 2089 901 2158 sciamus
909 2087 1025 2160 Deum

54 2195 240 2282 postulare,
281 2208 322 2266 ut
344 2193 390 2264 sit
411 2192 451 2261 in
475 2190 580 2262 nobis
611 2184 778 2259 inchoata
809 2191 1025 2279 obedientia,

55 2293 128 2363 fides
143 2307 177 2364 et
193 2296 333 2367 iusticia
347 2296 464 2364 bonae
481 2290 733 2374 conscientiae,
760 2302 795 2364 et
808 2285 895 2360 haec
911 2316 1024 2383 opera

56 2392 113 2482 ipsi
150 2383 297 2487 placere
329 2397 369 2466 in
403 2393 638 2465 reconciliatis
672 2406 817 2484 propter
849 2393 1042 2465 mediato.

56 2515 117 2562 rem
141 2497 220 2571 bde.

121 2594 279 2676 ,xvtlt
311 2593 452 2666 Horum
468 2594 576 2667 trium
597 2595 837 2666 membrorum
861 2596 1024 2666 conside-

55 2695 131 2766 ratio
146 2697 376 2768 neccssariam
385 2697 587 2767 doctrinam
597 2708 629 2765 et
646 2697 922 2766 consolationem
938 2721 1026 2767 con-

58 2795 145 2871 tinet.
174 2791 363 2870 'Prohibet
384 2793 621 2888 arrogantiam
646 2798 811 2889 propriae
834 2798 1026 2887 dignitatis,

57 2909 204 2970 ettamen
219 2899 378 2973 ostendit
392 2913 544 2991 portum,
569 2898 701 2966 scilicet
714 2898 959 2985 mediatorem,
984 2923 1025 2971 ac

57 2994 142 3068 iubet
155 3000 304 3073 eluctari
319 3026 359 3070 cx
375 3000 615 3084 dubitatione,
640 3023 680 3068 ac
696 3011 848 3070 statuere
864 3024 930 3070 nos
951 3023 1025 3072 esse

57 3095 203 3187 ingratia
223 3115 371 3196 propter
384 3101 630 3174 mediatorem.
668 3096 717 3170 Et
733 3101 777 3169 de
791 3101 1025 3192 amplitudine

58 3198 306 3274 misericordiae
327 3199 395 3276 Dei
415 3225 480 3272 nos
505 3200 793 3288 commonefacit,
825 3225 904 3273 curn
929 3205 1026 3274 affir-

57 3313 120 3370 mat
132 3303 235 3373 etiam
253 3300 346 3373 banc
364 3299 563 3372 inchoatam
582 3315 615 3371 et
632 3303 832 3372 mendicam
855 3303 1025 3374 obedien-

58 3397 129 3468 tiam
143 3402 179 3472 in
194 3403 443 3490 reconciliatis,
463 3424 617 3495 quorum
631 3425 759 3492 magna
772 3403 1025 3476 dissimilitudo

57 3513 115 3584 est,
137 3500 210 3575 Deo
227 3507 376 3598 placere.
987 3496 992 3507 '

144 3603 240 3676 XIX.
276 3605 415 3676 Multae
430 3603 649 3695 perniciosae
663 3604 920 3676 alucinationes
942 3620 1025 3678 sunt

60 3719 186 3791 torum,
217 3731 371 3804 quorum
389 3706 516 3798 scripta
535 3717 654 3777 extant
668 3701 793 3790 dehac
808 3708 1025 3800 quaestione.

58 3791 122 3870 Alii
142 3805 266 3879 iubent
288 3830 426 3900 semper
456 3809 495 3876 in
521 3805 744 3879 dubitatione
775 3833 938 3896 manere,
977 3834 1024 3880 an

58 3899 239 3986 placeamus
253 3907 350 3995 Deo,
382 3908 445 3980 alii
463 3909 562 3998 signa
580 3910 743 4000 colligere
758 3911 889 3980 docent
903 3909 942 3980 in
957 3935 1024 3982 no-

59 4003 126 4072 stris
146 4012 323 4100 operibus.
389 4008 461 4080 Sed
480 4011 623 4103 utrique
646 4023 784 4095 errant,
822 4012 1024 4102 ignorantes

59 4099 229 4181 discrimen
244 4111 331 4202 legis
348 4105 587 4202 etEvangelii.
636 4109 872 4184 Promissioni
886 4116 1024 4184 credere

59 4221 183 4281 necans
205 4227 275 4298 est,
301 4227 336 4284 et
357 4225 492 4282 mentes
512 4214 739 4284 deducendae
760 4228 863 4305 sunt,
889 4219 941 4305 ¹ad
964 4216 1037 4292 inf

60 4309 214 4382 tuendum
232 4314 481 4399 mediatorem,
507 4326 542 4382 et
562 4314 606 4383 ad
630 4315 902 4404 promissionem
921 4317 1022 4385 firma

60 4400 115 4474 fide
128 4425 160 4482 et
171 4435 230 4505 spe
244 4415 545 4506 amplectendam,
569 4437 644 4484 non
658 4417 704 4485 ad
725 4416 938 4486 munditiem
956 4441 1024 4486 no-

62 4514 154 4579 ⁸tram
181 4517 517 4606 magnifaciendam,
558 4516 603 4584 dc
634 4539 702 4609 qua
731 4514 892 4587 Psalmns
921 4518 1022 4589 dicit:

61 4595 130 4678 Non
144 4611 388 4689 iustificabitur
399 4617 439 4686 in
453 4629 644 4708 conspectu
657 4629 719 4688 tuo
736 4618 853 4688 omnis
866 4619 1001 4690 vivens.

235 4786 301 4857 De
331 4793 508 4880 quartu
535 4791 829 4879 quaestione:

62 4870 197 4954 Scilicet
229 4885 278 4960 cle
317 4891 464 4977 comis,
509 4908 578 4960 orta
608 4892 820 4962 necessario
849 4891 902 4960 sit
927 4881 1026 4961 novo

416 4985 645 5062 obedientia.
662 5073 664 5078 ,

79 5201 86 5216 ἱ
148 5113 225 5196 XX.
247 5103 427 5196 Et'tamen
441 5143 579 5214 semper
590 5137 712 5196 manet
724 5123 898 5196 sententia
912 5124 1024 5195 veris-

65 5219 147 5296 sima,
160 5225 387 5296 necessariam
404 5245 478 5294 esre
493 5218 696 5296 inchoatam
712 5225 964 5320 obedientiam,
988 5237 1023 5296 et

65 5317 204 5408 utsupra
218 5326 310 5412 dixi,
337 5349 415 5396 cum
432 5323 500 5395 fide
515 5324 689 5396 iusticiam
706 5328 821 5406 bonae
839 5327 1023 5396 conscien-

65 5401 132 5481 tiae.
187 5417 233 5496 Ει
252 5426 467 5500 necessitatis
489 5447 592 5498 causa
615 5429 685 5513 est,
721 5451 796 5498 non
820 5441 960 5502 tanturn
983 5441 1022 5498 ut

107 5510 270 5599 bleranae.
292 5533 397 5602 Orra.
424 5532 508 5599 Vos.
521 5529 602 5602 xit.
1002 5527 1017 5540 ‘

1074 1784 1153 1853 neri
1183 1784 1308 1872 fides„
1326 1807 1416 1878 quae
1440 1798 1492 1856 est
1514 1787 1642 1857 fiducia
1667 1792 1945 1886 misericordiae,
1984 1805 2054 1874 nisi

1076 1885 1182 1958 simut
1196 1886 1268 1956 sint
1283 1885 1371 1956 aliae
1389 1886 1522 1958 multae
1543 1888 1702 1966 virtutes.
1759 1893 1856 1970 Haec
1876 1923 1950 1970 uon
1970 1919 2053 1978 sunt

1075 1987 1222 2057 obscura
1238 1987 1464 2057 mediocriter
1479 1986 1646 2072 eruditis,
1667 2007 1701 2065 et
1717 2020 1790 2067 non
1807 1999 2052 2089 ignorantibus

1075 2110 1157 2158 vera
1175 2088 1338 2162 exercitia
1353 2089 1590 2179 poenitentiae
1605 2105 1639 2162 et
1654 2093 1899 2190 invocationis.

1175 2186 1295 2264 XXll.
1320 2187 1435 2260 Datur
1449 2190 1521 2262 vita
1537 2205 1677 2266 aeterna
1695 2213 1841 2292 propter
1852 2205 1964 2276 lilium
1972 2202 2052 2295 Dei,

1074 2313 1148 2360 non
1164 2304 1309 2382 propter
1328 2304 1486 2361 nostram
1509 2293 1727 2382 dignitatem.
1785 2299 1836 2375 Et
1857 2329 1935 2399 spes
1960 2310 2053 2381 vitae

1073 2403 1235 2462 aeternae
1252 2393 1299 2461 sit
1318 2404 1412 2461 certa
1432 2406 1577 2482 propter
1600 2399 1849 2492 mediatorem,
1873 2428 1944 2480 nun
1967 2435 2053 2501 pro·
2166 2437 2169 2444 ¹

1072 2507 1151 2585 pter
1167 2508 1323 2572 nostram
1341 2492 1565 2581 dignitatem,
1589 2496 1686 2569 iuxta
1700 2501 1808 2572 illud:
1835 2508 1909 2599 Qui
1922 2511 2054 2599 gloria.

1073 2609 1149 2682 tur,
1173 2594 1213 2662 in
1233 2590 1389 2664 Domino
1409 2594 1591 2683 glorietur.
1649 2596 1756 2672 ltcm:
1783 2603 1865 2676 Nou
1884 2611 2053 2683 iustifica-

1073 2697 1170 2766 bitur
1189 2695 1229 2765 in
1252 2708 1442 2788 conspectu
1462 2709 1524 2767 tuo
1545 2699 1662 2770 omnis
1684 2702 1817 2776 vivens.
1865 2705 1915 2780 Et
1933 2715 2052 2784 ta'men

1073 2798 1169 2868 bona
1185 2821 1290 2887 opera
1307 2811 1486 2868 merentur
1501 2800 1611 2870 multa
1628 2805 1783 2892 praemia
1799 2809 1996 2900 spiritualia
2017 2829 2053 2886 et

1071 2897 1291 2989 corporalia,
1330 2921 1420 2989 qnae
1443 2899 1574 2972 dautur
1596 2915 1670 2974 turn
1695 2905 1734 2994 in
1756 2903 1822 2979 har
1842 2913 1947 3000 vita„
1975 2929 2053 2985 tum

1074 2993 1261 3090 posthanc
1277 2999 1404 3080 vitam,
1426 3013 1466 3070 ut
1490 3002 1621 3073 multae
1642 3005 1758 3078 tristes
1778 3033 1911 3102 poenae
1932 3017 2054 3107 publi·
2183 3029 2187 3041 '

1074 3122 1135 3171 cae
1159 3114 1192 3171 et
1213 3100 1368 3192 priuatae
1390 3101 1597 3192 mitigantur
1646 3122 1764 3200 ropter
1789 3118 2056 3203 poenitentiam,

1074 3215 1108 3271 et
1122 3203 1218 3272 bona
1235 3225 1340 3294 opera
1357 3203 1558 3296 aliquorum
1575 3129 1805 3294 iuhcclesim
1829 3217 1925 3290 iuxta
1941 3220 2053 3290 illud:

1073 3300 1333 3374 Convertimini
1348 3306 1393 3374 ad
1409 3328 1484 3387 me,
1510 3319 1545 3375 ct
1559 3331 1621 3396 ego
1638 3327 1823 3384 convertar
1841 3323 1884 3388 ad
1904 3339 1976 3392 vos.

1176 3401 1313 3476 XXlll.
1347 3402 1429 3474 Non
1452 3409 1601 3477 dubium
1620 3423 1673 3481 est
1687 3417 1977 3492 comminationes
1996 3421 2056 3492 di-

1074 3502 1177 3574 vinas
1204 3515 1296 3573 ratas
1325 3527 1418 3589 esse,
1456 3528 1497 3575 ac
1520 3505 1636 3578 Deum
1659 3535 1741 3582 vere
1763 3516 1867 3588 irasci
1894 3525 2054 3610 peccatis,
2102 3523 2104 3530 '

1074 3606 1169 3676 iuxta
1185 3603 1294 3674 illud:
1324 3602 1423 3676 Deus
1439 3606 1530 3697 ignis
1548 3631 1760 3684 consumens
1777 3632 1837 3690 est.
1886 3617 1935 3694 Et
1957 3619 2054 3698 haud

1074 3707 1183 3778 dubie
1198 3707 1303 3798 punit
1317 3720 1458 3798 peccata
1477 3710 1515 3777 in
1531 3705 1598 3778 hac
1613 3712 1704 3798 vita,
1730 3729 1763 3786 et
1779 3733 1859 3810 post
1881 3717 1973 3794 hanc
1999 3749 2056 3792 vs-

1072 3823 1156 3895 tam,
1180 3807 1221 3877 in
1237 3804 1293 3878 his
1309 3809 1371 3900 qui
1387 3831 1460 3878 non
1476 3823 1749 3902 convertuntur.
1795 3817 1933 3895 Rursus
1950 3825 2055 3896 etiam

1073 3909 1326 4002 promissiones
1355 3910 1499 4000 legales,
1543 3912 1579 3992 id
1610 3929 1678 4002 est,
1723 3942 1813 4010 quae
1842 3907 2056 4013 promittunt

1072 4011 1229 4102 praemia
1261 4035 1325 4102 pro
1354 4014 1539 4102 operibus,
1575 4029 1670 4088 ratae
1698 4033 1781 4090 sunt
1810 4029 2057 4115 reconciliatis,

1073 4109 1212 4182 etiamsi
1237 4112 1306 4208 legi
1339 4137 1413 4184 non
1446 4115 1700 4206 satisfacientem]
1745 4124 1806 4192 sed
1834 4117 1917 4218 quia
1944 4131 2058 4219 placet

1074 4213 1278 4284 obedientia
1302 4214 1339 4282 in
1361 4215 1614 4303 reconciliatis,
1655 4234 1810 4294 meretur
1836 4231 2054 4318 praemiata

1074 4313 1149 4382 illis
1164 4315 1334 4411 legalibus
1350 4317 1646 4405 promissionibus
1661 4327 1858 4412 proposita,
1886 4343 1941 4400 ut:
1965 4329 2057 4400 Date

1074 4429 1108 4486 et
1123 4417 1268 4488 dabitur
1280 4417 1392 4490 vobis.
1426 4416 1539 4502 item:
1564 4417 1639 4506 Qui
1656 4421 1793 4494 dederit
1807 4441 1930 4517 potum
1945 4453 2057 4524 aquae

1074 4517 1140 4589 uni
1159 4542 1200 4587 ex
1213 4516 1370 4586 minimis
1385 4539 1546 4588 meorum
1572 4535 1718 4611 propter
1739 4527 1954 4615 doctrinam,
1993 4527 2058 4602 ha·-

1073 4619 1174 4690 bebit
1188 4620 1395 4690 mercedem.
1447 4617 1535 4690 Vult
1548 4619 1644 4692 Deus
1659 4636 1693 4693 et
1707 4626 1837 4697 talibus
1853 4633 2057 4719 promissio·-

1076 4720 1184 4790 nibus
1200 4720 1350 4790 exerceri
1367 4721 1485 4790 fidem.
1529 4719 1602 4792 Nec
1616 4723 1766 4796 dubium
1792 4743 1842 4800 est
1866 4725 1952 4802 haec
1974 4758 2057 4826 pru-
2112 4807 2116 4816 ,

1069 4821 1179 4892 'missa
1199 4821 1379 4912 praestari.

1268 4989 1338 5059 De
1365 4996 1533 5082 quinta
1560 4997 1872 5085 quaestione:

1074 5093 1135 5164 Ars
1146 5093 1225 5162 stat
1236 5100 1397 5182 peccato
1414 5096 1455 5164 irs
1472 5100 1631 5183 renatis,
1652 5100 1693 5168 irs
1707 5095 1781 5170 boe
1796 5105 1950 5176 ntortali
1966 5109 2057 5181 uita.

1176 5221 1319 5300 XXIV..
1346 5225 1577 5298 Manifestum
1597 5245 1648 5302 est
1660 5235 1844 5324 caliginem
1862 5254 1896 5312 et
1916 5263 2059 5330 magnos
2176 5305 2178 5310 Α

1075 5327 1342 5398 dubitationum
1372 5329 1499 5400 fluctus
1530 5332 1569 5400 in
1601 5335 1780 5406 mentibus
1809 5359 1901 5423 esse,
1945 5344 2061 5414 mani-

1075 5429 1205 5502 festum
1220 5442 1272 5500 cst
1293 5442 1326 5502 ct
1349 5429 1459 5500 inulta
1482 5455 1609 5524 magna
1631 5435 1795 5510 incendia
1819 5461 1891 5510 esse
1912 5439 2061 5514 viciose·
2151 5533 2153 5536 Ι

1474 5530 1523 5605 43
