4696 5820
82 259 162 341 ω
849 253 1361 340 en0a0s1r10nnst
1412 313 1415 320 «
1937 293 1939 298 ·
2038 263 2117 348 410

81 433 233 508 subiicit
249 437 372 508 seiros
386 433 468 522 Dei,
489 447 525 510 et
538 447 590 509 est
605 434 887 528 deprecator-pro
912 433 1073 526 singulis.
1124 433 1317 526 accipimus
1331 431 1577 506 remissionem
1590 449 1832 530 peccatorum,
1850 443 1921 533 'per
1935 442 2116 517 redemto·
2220 481 2225 488 ·

75 534 130 612 Et
146 539 188 608 in
203 539 322 610 officio
337 538 548 610 redemtoris
561 536 762 609 includitur
775 539 998 628 deprecator,
1022 537 1074 608 si-
1123 557 1220 623 rem,
1245 549 1280 608 et
1295 546 1441 630 propter
1455 559 1555 624 cnm,
1581 553 1722 632 etpater
1738 563 1820 612 rere
1837 564 1903 613 nos
1917 545 2056 639 recipit,
2077 561 2115 622 et

76 634 729 814 altat-“qitllt'ssdtttffl
743 637 1073 818 ‘stitivit
1122 636 1919 818 ianit‘tlttttttttittit
1941 646 1982 820 ‘l'
2006 648 2115 824 ¹¹⁰¹ii

75 843 190 915 Addo
214 767 437 938 etliqhiutam
460 764 619 924 cairam,
658 763 762 913 Haghec
786 763 1072 947 humiliatignem
1121 863 1208 927 nos,
1234 787 1438 936 quanqdam
1457 838 1577 914 adhuc
1590 845 1631 915 in
1645 767 1752 916 nihis
1774 771 2115 945 hacrentnre'iiqniaa
2179 885 2184 894 ·

76 945 195 1037 ipsius
211 959 360 1016 naturae
375 943 528 1032 divinoe,
550 945 649 1041 quod
662 944 755 1035 patri
769 944 807 1012 in
823 937 893 1013 hoe
906 943 1071 1016 mirando
1121 944 1274 1033 pemati,
1305 956 1424 1015 tamen
1443 943 1517 1016 fide
1540 959 1687 1037 propser
1705 949 1963 1034 redemtorem,
1993 948 2113 1026 Deum

78 1048 224 1118 decreto
249 1047 488 1136 obtemperat,
526 1059 561 1118 ct
584 1042 652 1116 boc
681 1067 851 1115 arcanum
875 1043 1070 1118 Sabbatum
1121 1057 1155 1130 et
1183 1038 1383 1132 hominem,
1404 1045 1709 1138 interpellantem
1740 1049 1888 1122 adsidue
1909 1075 1975 1144 pro
1997 1054 2114 1144 nobis,

77 1161 209 1234 servat,
226 1147 384 1242 quiescit,
401 1170 467 1218 nec
480 1161 617 1220 exercet
631 1146 826 1238 potentiam
841 1167 951 1233 suam,
966 1147 1070 1218 utri·
1120 1145 1313 1236 accipimus
1349 1146 1603 1219 remissionem
1628 1157 1874 1240 *peccatorum
1919 1167 1957 1226 et
1991 1179 2113 1228 sumus

75 1262 126 1320 tet
135 1245 235 1320 hauc
248 1250 457 1341 passionem.
500 1248 767 1339 ldenscriptutn
782 1245 1069 1319 estPsalmodO.:
1121 1246 1227 1333 insti,
1251 1249 1386 1341 accepti
1399 1245 1498 1338 Dan,
1525 1241 1565 1325 et
1575 1253 1796 1326 reconciliati
1810 1255 1982 1348 imputata
2003 1258 2114 1332 nobis
2204 1333 2206 1340 ,

78 1347 122 1420 ln
147 1351 329 1444 principio
349 1351 434 1422 libri
459 1351 630 1444 scriptum
652 1363 704 1421 est
726 1349 771 1418 de
788 1371 863 1436 me,
887 1348 1069 1422 utfaciam
1119 1347 1259 1422 iusticia
1272 1346 1493 1430 mincis.
1601 1404 1605 1412 .
1661 1353 1665 1362 '

76 1454 302 1525 voluntatem
324 1467 444 1538 tuam,
478 1453 580 1526 Deus
599 1473 718 1534 meus,
751 1451 853 1536 volo,
872 1463 909 1523 et
931 1451 988 1522 lex
1009 1464 1070 1524 tna
1150 1485 1176 1505 ·=
1222 1451 1373 1530 vatt.
1403 1451 1477 1527 Est*
1491 1455 1602 1547 igitur
1621 1453 1829 1531 iustihcatur
1847 1457 2026 1534 Dominus
2044 1486 2113 1536 no-

77 1553 117 1622 in
131 1553 255 1624 medio
281 1555 400 1624 cerdis
420 1553 503 1623 mei.
555 1551 772 1624 Tribueuda·
790 1565 841 1624 est
857 1551 1068 1644 igiturhaee
1118 1564 1191 1624 ster
1205 1549 1302 1625 lesus
1319 1551 1500 1644 Christus,
1525 1561 1721 1632 secundum
1741 1562 1906 1633 divinam
1926 1579 1961 1637 et
1983 1561 2113 1637 huma·

78 1655 193 1745 gloria
209 1655 381 1727 Domino·
396 1669 520 1728 nostro
537 1652 616 1724 lesu
631 1650 799 1736 Christo,
821 1658 924 1748 qnod
946 1657 991 1727 sit
1011 1678 1068 1726 re·
1119 1674 1203 1724 nam
1230 1669 1425 1745 naturam,
1463 1659 1591 1732 merito
1622 1675 1658 1734 et
1691 1663 2013 1737 communicatione
2036 1666 2112 1740 anis

75 1759 238 1842 demtor,
267 1779 344 1826 non
364 1769 503 1828 tanturn
525 1757 720 1828 secundum
743 1769 907 1828 naturam
940 1753 1070 1827 huma·
1118 1749 1268 1844 Merito,
1291 1759 1376 1851 quia
1391 1765 1768 1852 semperstatuendnm
1789 1777 1867 1851 ess,
1881 1789 1949 1838 nos
1965 1781 2112 1862 propter

76 1881 183 1949 nam,
224 1859 285 1928 sed
308 1859 503 1930 seeundum
527 1859 688 1930 divinam
713 1873 747 1931 et
776 1853 992 1943 humanam,
1032 1864 1069 1931 et
1119 1857 1196 1929 eiua
1211 1858 1451 1933 ohedientiam
1467 1857 1598 1934 habere
1613 1865 1856 1938 remissionem
1875 1883 2114 1960 peccatorum,
2213 1873 2219 1878 ’

76 1983 158 2034 cum
176 1960 288 2052 precii
303 1961 586 2051 magnitudinem
602 1963 806 2052 cogitamus,
827 1973 959 2031 cresmt
971 1960 1068 2047 fider,
1119 1972 1155 2030 et
1174 1959 1306 2046 iustos,
1339 1961 1379 2032 id
1402 1971 1474 2048 ast,
1504 1967 1750 2038 reconciliatos
1774 1991 1837 2040 sen
1857 1984 2019 2062 acceptos
2031 1969 2111 2044 Deo

75 2062 276 2134 cumulatio
298 2075 334 2134 et
354 2062 552 2148 invocatio,
583 2063 681 2134 iuxta
701 2053 788 2132 haec
814 2062 925 2148 dicta,
951 2063 983 2136 1.
999 2051 1068 2132 Pe·
1117 2083 1193 2130 essa
1213 2061 1283 2132 ide
1306 2077 1452 2156 propter
1473 2064 1611 2158 ipsum,
1647 2065 1804 2143 Romans.
1823 2069 1878 2147 6.:
1927 2071 2112 2146 laetificati

75 2161 123 2234 tri
138 2165 194 2238 1.:
230 2163 313 2238 Non
326 2185 414 2236 auro
429 2163 580 2235 redemti
594 2165 698 2249 estis,
722 2166 783 2235 sed
810 2163 968 2253 precioso
983 2183 1067 2234 san·
1117 2185 1215 2234 nuuc
1228 2165 1402 2254 sangmne
1417 2166 1831 2264 ipsinsralvabimurpcr
1845 2173 1974 2266 ipsum.
2001 2173 2109 2246 leem:

76 2264 204 2356 guine,
230 2279 401 2361 tanquam
416 2266 499 2358 agni
520 2265 757 2351 immaculati,
780 2260 929 2339 Christi.
1115 2260 1353 2338 Reconciliati
1387 2289 1510 2339 sumus
1536 2266 1614 2344 Deo
1648 2295 1713 2366 per
1748 2287 1899 2346 mortem
1939 2276 2006 2346 lilii
2027 2277 2110 2360 eri.

192 2365 306 2440 va.
322 2367 383 2442 ’Ut
400 2383 517 2442 entem
532 2391 614 2441 vere
628 2369 674 2442 sit
686 2369 875 2453 redemtor,
897 2389 970 2436 nou
986 2377 1067 2437 tan-
1115 2363 1222 2436 item:
1259 2363 1332 2437 Per
1350 2368 1590 2444 obedientiam
1611 2372 1720 2445 nnius
1746 2375 1831 2448 iusti
1848 2379 2111 2450 constituentur

74 2483 155 2542 tum
176 2467 349 2564 persolvit
371 2492 540 2566 porum,
582 2471 646 2541 sed
675 2470 782 2542 etiam
805 2469 934 2542 liberet
954 2465 1065 2538 nos'a
1114 2467 1231 2543 multi.
1266 2466 1527 2547 ·Helsrae.10.s
1559 2471 1776 2548 sanctificati
1793 2499 1916 2549 sumus
1928 2503 1993 2570 per
2006 2479 2110 2552 obla*

75 2587 219 2664 peccato
241 2585 277 2645 et
301 2586 456 2645 amorte
475 2587 636 2659 aeterna,
671 2565 811 2642 ideo‘et
833 2571 908 2662 ipse
931 2569 1066 2640 revivi-
1114 2568 1249 2642 tionem
1264 2572 1425 2662 corporis
1440 2569 1521 2644 lesu
1536 2568 1673 2646 Christi
1687 2575 1808 2648 semel.
1860 2577 2019 2652 liaecde·
2032 2579 2109 2662 ness
2200 2639 2205 2648 .

74 2673 142 2746 scit
155 2699 199 2746 er
213 2687 347 2760 morte,
370 2690 405 2746 et
420 2671 575 2749 restitnit
591 2674 696 2744 nobis
710 2671 886 2744 iusticiam
901 2683 936 2742 et
954 2671 1063 2742 vitam
1114 2669 1186 2742 rito
1205 2669 1280 2741 'dici
1302 2673 1529 2744 menifestum
1552 2688 1622 2761 est,
1653 2699 1735 2747 cum
1757 2701 1922 2771 expresse
1945 2671 2108 2756 nominat

69 2788 268 2853 aeternam.
319 2774 417 2848 llaec
441 2797 666 2869 nequequam
690 2786 807 2868 posset
832 2773 967 2843 efficere
989 2771 1062 2842 ulla
1113 2772 1330 2843 oblationem
1341 2770 1638 2868 eorporisChristi
1648 2779 1755 2848 semel
1765 2780 1903 2852 iactam.
1920 2777 2107 2876 Ephesslr:

75 2893 260 2965 creatura,
285 2871 379 2949 ideo¹
397 2871 457 2946 hic
484 2878 665 2947 redemtor
689 2888 741 2944 est
761 2875 862 2947 Deus
885 2869 1063 2946 ethome.
1111 2870 1183 2942 Per
1208 2895 1314 2969 quem
1328 2917 1329 2927 κ
1345 2871 1516 2948 hebemus
1538 2878 1793 2953 redemtionem
1813 2904 1879 2974 per
1896 2883 2106 2976 sanguinem

74 2977 173 3051 llaec
192 2981 240 3052 de
258 2983 459 3051 redemtore
481 2979 671 3066 diligenter
689 2975 946 3047 consideranda
969 2985 1064 3060 sunt,
1112 2975 1207 3061 eius,
1231 2975 1475 3048 remissionem
1493 2992 1726 3070 peccatorum.
1757 2978 1989 3058 1.lohan.1.:
2012 2985 2106 3058 San-

73 3096 107 3154 et
120 3095 162 3153 ut
179 3083 320 3153 debitus
335 3082 368 3151 ei
380 3074 496 3150 honos
508 3081 695 3165 tribuatur,
720 3091 755 3152 et
768 3090 808 3149 ut
823 3073 908 3147 fides
922 3075 960 3146 in
975 3101 1063 3146 con·
1113 3077 1192 3164 guis
1215 3073 1295 3147 lesu
1315 3072 1450 3150 Christi
1473 3078 1634 3170 purificat
1661 3105 1727 3153 nos
1755 3083 1801 3153 ab
1828 3086 1930 3156 omni
1950 3101 2105 3178 peccato.

72 3182 686 3257 solationeetinvocationecrescat.
713 3175 1063 3267 Acddigentercon-
1112 3172 1239 3249 Esaiae
1253 3175 1334 3250 ds:
1365 3177 1499 3250 Livore
1523 3179 1601 3253 eius
1631 3184 1746 3255 sanati
1767 3208 1901 3264 sumus.
1950 3185 2048 3262 Haec
2069 3201 2107 3266 et

73 3287 303 3359 siderandum
321 3297 373 3356 est
391 3279 765 3366 nomenredemtoris,
786 3296 827 3353 ut
840 3277 969 3352 Esaiae
981 3283 1061 3354 69.;
1110 3279 1242 3350 similia
1257 3280 1359 3350 dicta·
1368 3279 1469 3375 loqui
1484 3285 1528 3352 de
1543 3281 1700 3356 Domino
1717 3300 1838 3360 nostro
1852 3287 1934 3360 Iesu
1949 3286 2104 3376 Christo,

71 3387 119 3462 Et
134 3390 256 3459 veniet
270 3387 360 3459 Sion
375 3388 564 3478 redemtor,
589 3379 659 3470 his,
683 3383 744 3477 qui
759 3375 980 3452 redeunt'ab'
990 3383 1061 3450 ini·
1110 3375 1188 3450 Deo
1206 3397 1240 3451 et
1253 3375 1421 3466 homine,
1437 3396 1471 3452 et
1487 3387 1531 3453 de
1547 3385 1622 3454 eius
1637 3387 1852 3472 obedientia,
1875 3391 2103 3464 manifestum

70 3493 208 3587 quitate
233 3492 271 3560 ln
291 3487 417 3574 lacnli,
444 3499 478 3558 et
500 3505 563 3576 ego
579 3480 654 3574 ‚hoc
668 3485 793 3555 foedus
815 3481 883 3551 seri
901 3501 982 3552 cum
994 3483 1060 3564 eis,
1078 3507 1083 3578 f
1110 3495 1173 3556 est.
1204 3479 1359 3573 Oportet
1373 3481 1483 3573 igitur
1498 3483 1566 3554 fide
1580 3485 1710 3556 intueri
1726 3479 1972 3576 mediatorem,
1985 3491 2101 3564 Deum

70 3595 160 3667 dicit
183 3591 383 3663 Dominust
417 3587 572 3681 Spiritus
591 3609 709 3671 meus,
733 3585 795 3680 qui
818 3584 930 3655 estin
953 3597 998 3664 te,
1025 3591 1061 3655 et
1106 3583 1146 3653 'et
1164 3578 1360 3666 hominem,
1386 3597 1422 3656 et
1436 3598 1607 3668 statuere,
1634 3591 1730 3681 quod
1746 3605 1892 3681 propter
1907 3587 2004 3661 hunc
2018 3615 2101 3664 vere

72 3699 181 3768 verba
193 3717 291 3778 mea,
318 3713 409 3786 quae
423 3689 527 3781 posui
542 3689 582 3758 in
597 3710 660 3759 ore
676 3697 770 3775 tnu,²
786 3706 860 3756 non
878 3685 1061 3759 discedent
1109 3684 1181 3755 sint
1202 3699 1292 3756 tecta
1315 3700 1456 3776 peccata
1474 3700 1612 3768 nostra,
1639 3683 1735 3760 iuxta
1754 3690 1864 3762 illud:
1890 3690 1992 3762 Beati
2008 3717 2100 3786 quo·

69 3803 115 3875 ab
132 3819 197 3870 ore
209 3809 285 3882 tuo,
312 3809 347 3864 et
362 3795 409 3864 ab
421 3814 483 3862 ore
502 3791 646 3862 seminis
661 3789 715 3863 tul
730 3810 826 3861 nunc
843 3801 877 3858 et
892 3788 932 3856 ln
947 3799 1059 3858 aeter·
1108 3809 1190 3857 rum
1209 3786 1381 3864 remissae
1399 3801 1484 3859 suut
1506 3789 1734 3883 iniquitates,
1773 3806 1808 3865 et
1833 3817 1987 3887 quorum
2009 3805 2100 3868 tecla

69 3925 174 3976 num.
224 3895 273 3968 Et
305 3895 371 3967 lob
399 3895 518 3988 inquit
546 3893 658 3986 capite
680 3893 947 3962 decimonono:
975 3887 1058 3960 Scio
1107 3899 1358 3981 suntpeccata.
1408 3887 1506 3962 llaec
1521 3893 1717 3963 consolatio
1735 3893 1838 3965 etiam
1855 3908 1934 3986 post
1953 3919 2099 3989 regene-

69 4005 168 4101 quod
186 4001 366 4071 redemtor
380 4017 481 4066 meus
498 3993 595 4070 vivit.
646 3989 695 4066 Et
710 4007 829 4088 postea
843 3993 890 4062 de
909 3989 1058 4084 pulvere
1104 3991 1287 4061 rationem
1309 3992 1477 4062 omnibus
1503 3995 1637 4064 sanctis
1656 3994 1694 4063 in
1721 3989 1787 4066 hac
1807 3997 1880 4069 vita
1903 3999 2098 4072 necessaria

68 4105 293 4180 surrecturus
308 4123 406 4184 sum,
429 4111 464 4169 et
479 4117 601 4166 rursus
612 4097 849 4168 circundabor
863 4095 958 4185 pelle
971 4112 1059 4179 mea,
1106 4103 1170 4164 est.
1223 4090 1368 4162 Nitatur
1384 4091 1470 4163 fides
1484 4093 1612 4164 merito
1637 4108 1671 4165 et
1694 4097 1945 4170 intercessione
1967 4098 2098 4172 summi

67 4225 101 4282 et
117 4208 157 4278 in
175 4224 281 4275 carne
298 4223 376 4272 mea
391 4199 520 4270 videbo
533 4197 671 4284 Deum,
692 4221 796 4292 quem
813 4197 954 4266 visumrs
977 4215 1055 4265 snm
1080 4201 1084 4315 j
1106 4191 1309 4266 Sacerdotis
1325 4187 1479 4274 Christi,
1505 4195 1600 4267 iuxta
1623 4197 1775 4269 dictum:
1802 4197 1933 4273 Totius
1949 4199 2098 4274 fiduciae

67 4335 132 4402 rgo
156 4309 254 4400 ipse,
280 4317 315 4374 et
336 4303 431 4374 oculi
454 4299 525 4372 mei
548 4299 767 4392 conspicient
789 4321 888 4383 earm,
920 4309 956 4368 et
980 4319 1054 4366 non
1105 4293 1282 4366 certitudo
1298 4306 1350 4364 est
1363 4295 1401 4366 in
1419 4296 1579 4388 precioso
1589 4301 1765 4390 ¹sanguiue
1778 4297 1926 4375 Christi.

66 4416 185 4484 aliun·
221 4405 333 4481 necte
348 4403 505 4494 agnoscit
521 4398 743 4495 Dominum,
768 4399 830 4494 qui
854 4411 908 4469 est
924 4399 1055 4468 libera·
1204 4391 1376 4467 LXVlll.
1410 4395 1453 4467 In
1468 4395 1530 4466 illa
1545 4396 1620 4492 ipsa
1637 4424 1720 4474 vero
1737 4405 1999 4491 consolatione,
2024 4425 2095 4500 qna

66 4532 142 4601 tor,
169 4523 205 4582 et
226 4507 404 4602 persolvet
422 4504 602 4600 precium,
626 4515 660 4574 et
678 4505 803 4574 reddet
824 4499 856 4570 ei
878 4499 1052 4571 iusticiam
1103 4521 1171 4568 nos
1185 4499 1305 4570 audita
1322 4521 1409 4570 voce
1423 4495 1613 4588 Evangelii
1635 4516 1894 4592 sustentamur,
1921 4520 1956 4578 et
1968 4506 2008 4576 in
2023 4525 2095 4600 qua

66 4633 102 4691 cs
120 4615 231 4687 vitam
246 4622 435 4682 aeternam.
485 4603 577 4678 Cum
601 4606 696 4677 enirn
719 4601 857 4700 inquit:
882 4599 929 4674 In
948 4621 1054 4673 carne
1102 4599 1342 4684 vivificamur,
1368 4613 1400 4670 et
1418 4620 1460 4670 ex
1473 4600 1660 4674 doloribus
1675 4603 1872 4676 inferorum
1888 4608 2094 4690 liberamur,

65 4743 144 4792 mea
169 4713 301 4786 videbo
317 4712 455 4796 Deum,
479 4708 588 4780 simul
612 4707 775 4780 adfirmat
789 4703 930 4776 restitui
942 4702 1052 4775 vitam
1102 4725 1185 4772 vere
1216 4700 1255 4773 lit
1285 4701 1504 4792 regeneratio
1534 4705 1579 4772 ad
1602 4704 1709 4776 vitam
1732 4707 1932 4798 aeternam,
1969 4732 2035 4780 nec
2054 4709 2095 4782 fit

67 4839 99 4894 et
125 4818 304 4890 iusticiam
328 4823 524 4897 aeternam,
556 4831 656 4907 qaae·
674 4803 990 4904 comprehenditur
1014 4804 1053 4875 in
1101 4803 1219 4876 ociosa
1234 4803 1493 4895 speculatione,
1518 4807 1580 4877 sed
1598 4831 1801 4904 quanquam
1816 4809 1855 4879 in
1874 4811 1955 4881 aliis
1968 4810 2093 4902 magis,

66 4919 132 4994 hac
153 4917 408 5010 descriptione,
433 4915 563 4985 videbo
586 4914 718 4987 Deum.
768 4909 916 4984 Reiutat
936 4921 972 4978 et
994 4908 1052 4978 lu·
1099 4905 1142 4976 in
1157 4904 1237 4974 aliis
1248 4905 1368 4981 minus
1383 4905 1586 4978 sentiuntur
1600 4904 1640 4978 hi
1655 4924 1792 5002 motas,
1826 4924 1947 4984 tarum
1967 4914 2093 4986 sentiri

67 5047 167 5095 roras
188 5031 332 5103 eornm,
358 5016 621 5112 qui-somniant
635 5009 905 5112 Pythagoricum
920 5009 1051 5100 migra-
1101 5029 1162 5078 eos
1176 5029 1251 5076 nnn
1265 5007 1417 5080 dubium
1433 5021 1502 5089 est,
1533 5009 1630 5104 iuxta
1646 5013 1737 5083 dicta
1752 5015 1799 5083 de
1811 5015 2024 5096 terroribus,
2056 5027 2092 5088 et

68 5128 203 5198 tionem
213 5121 424 5195 animarum.
449 5117 696 5210 lnquitenims
710 5111 939 5210 Eguvidehn,
956 5111 1052 5184 oculi
1098 5111 1148 5183 da
1165 5107 1418 5186 consulatione.
1467 5105 1593 5182 Esaiae
1608 5115 1687 5188 dh:
1719 5112 1822 5188 Sicut
1843 5117 1900 5188 leo
1923 5116 2093 5189 contrivit

65 5229 156 5310 mei,
182 5223 422 5312 circundabor
434 5220 529 5313 pelle
542 5241 637 5308 mea,
659 5231 724 5291 etc.
1098 5210 1221 5283 omnia
1249 5232 1328 5281 ossa
1354 5233 1444 5284 mea.
1494 5213 1586 5288 Item
1606 5211 1717 5292 Roun
1731 5211 1784 5288 h:
1818 5216 2003 5293 laetificati
2022 5217 2091 5290 lide

178 5321 313 5400 LXVl.
344 5319 592 5398 Redemtiouis
612 5319 800 5413 applicatio
825 5319 870 5391 ad
890 5337 973 5410 nos,
998 5329 1051 5389 est
1097 5335 1220 5408 pacem
1234 5306 1407 5398 hahemus
1420 5316 1515 5407 apud
1530 5313 1659 5394 Deum.
1687 5315 1785 5414 Eph.
1799 5318 1853 5396 4.:
1875 5317 2091 5392 Accedimus

67 5429 284 5518 iustificatio,
303 5447 391 5500 >eum
406 5423 533 5501 andita
541 5445 629 5498 voce
640 5415 841 5516 Evangelll,
865 5441 931 5518 per
943 5417 1049 5494 tidem
1097 5415 1237 5492 adeum
1253 5437 1335 5488 cum
1349 5415 1491 5498 fiducie.
1514 5414 1667 5506 Atrum:
1693 5420 1809 5498 lustu
1823 5422 1892 5496 fide
1906 5445 1968 5496 suo
1983 5419 2091 5498 viver.

1456 5677 1651 5784 Α·
