4696 5820
95 241 164 320 roa
846 211 1345 315 rnorosrrromts.
1700 166 1708 181 “
2022 219 2097 298 ιιι

93 407 341 484 communicata
373 429 437 501 per
463 407 734 498 imputationem
764 418 801 477 et
829 401 1061 480 eliecfionem
1110 393 1173 466 vid
1195 389 1236 462 in
1258 411 1343 461 vero
1365 405 1477 477 agone
1497 385 1591 458 tristi
1613 407 1718 457 sensu
1733 386 1865 478 peccati
1879 399 1914 458 et
1933 387 2007 459 irae
2021 383 2091 460 Dei

90 527 126 586 ut
145 534 223 584 cum
243 509 374 580 dicitur
396 508 431 583 1.
447 502 611 581 Corinth.
628 508 680 579 t:
699 500 863 580 Christus
886 505 1062 576 iactusest
1109 492 1304 588 premitur,
1330 488 1423 560 sicut
1444 487 1579 581 inquit:
1606 486 1691 558 Tibi
1717 500 1855 560 tantum
1875 511 1952 561 sum
1969 512 2093 581 pecca·

89 613 183 684 nobis
203 609 374 701 sapientia
397 610 425 679 a
439 605 537 690 Deo,
569 607 728 694 iusticia,
759 621 795 680 et
817 603 1059 690 sanctificatio,
1109 611 1185 683 tor,
1215 607 1250 666 et
1273 590 1409 664 malum
1431 611 1551 660 coram
1572 601 1606 660 te
1627 588 1714 669 feei,
1747 602 1788 662 ot
1812 602 1851 660 tu
1877 590 2089 676 iustificeris,

89 730 119 786 et
131 711 307 784 redemtio.
355 707 453 782 Haec
467 709 582 782 oratio
596 732 672 782 non
683 703 753 780 hoc
767 707 873 793 dicit,
896 727 964 778 nos
985 725 1060 776 esse
1110 711 1146 771 et
1155 696 1277 770 vincas
1291 715 1372 764 cum
1394 689 1583 798 iudicaris,
1603 686 1694 760 Psal.
1709 685 1772 762 51.

88 814 252 908 sapientes
280 810 452 904 sapientis
482 810 660 882 essentiali
681 803 834 894 Christi,
872 829 951 878 non
979 805 1059 877 luce
1210 788 1400 869 XXXVII.
1424 787 1667 882 Agnoscamus
1681 791 1968 865 immensumDei
1982 793 2092 864 benc-

88 912 352 999 communicata,
375 924 437 984 aut
451 924 591 984 sanctos
603 935 678 982 non
692 904 951 982 communicata
975 928 1059 978 sau·
1110 896 1266 980 fficium,
1290 907 1325 966 et
1339 916 1479 966 summa
1494 891 1692 964 reverentia
1707 888 1783 965 Deo
1796 893 1925 984 gratias
1938 918 2094 986 agamus,

87 1017 214 1100 ditate,
240 1036 320 1084 rum
346 1011 435 1084 alibi
452 1013 565 1084 dicat:
595 1014 633 1086 2.
653 1003 818 1088 Corinth,
842 1009 897 1086 &2
923 1007 1060 1078 Trans·
1111 999 1209 1093 quod
1225 992 1419 1068 Ecclesiam
1432 993 1484 1064 sic
1498 994 1668 1066 discernit
1684 993 1728 1066 ab
1743 993 1824 1066 aliis
1838 997 2026 1079 creaturis,
2052 1011 2093 1067 ut

87 1116 272 1186 lormamur
283 1113 322 1183 in
336 1114 483 1186 eandem
499 1111 701 1201 imaginem.
1109 1097 1252 1192 proprie
1268 1096 1373 1168 iaciat
1387 1118 1462 1166 cam
1478 1094 1548 1166 sibi
1563 1094 1734 1188 templum
1748 1109 1783 1168 et
1795 1097 2036 1182 domicilium,
2057 1112 2092 1167 et

173 1212 228 1286 De
244 1215 464 1286 redemtione
479 1213 706 1284 manifestum
728 1225 801 1297 est,
825 1210 897 1283 dici
919 1209 963 1280 de
983 1231 1059 1278 me-
1109 1195 1247 1272 habitct
1261 1197 1301 1268 in
1314 1196 1465 1288 singulis
1478 1193 1626 1277 sanctis,
1653 1209 1772 1268 tamen
1798 1219 1938 1289 semper
1951 1201 2094 1291 praelu-

85 1318 146 1388 rito
162 1339 223 1386 seu
238 1316 286 1386 de
300 1313 504 1388 obedientia
518 1295 686 1397 liliiDei,
710 1335 801 1406 quae
815 1310 885 1384 luit
900 1308 1057 1403 precium
1109 1311 1188 1372 teat
1210 1295 1299 1370 haec
1321 1297 1536 1383 consolatio,
1578 1298 1847 1390 quodpropter
1874 1299 2093 1385 filiumllei,

86 1414 271 1510 pronobts.
323 1414 377 1486 lta
394 1437 477 1488 cum
492 1415 643 1488 dicitur:
669 1409 835 1486 Christus
853 1425 905 1484 est
917 1410 1058 1483 iusticia
1106 1401 1224 1474 Deum
1253 1411 1288 1472 et
1310 1392 1514 1486 hominem,
1542 1392 1671 1469 habeas
1691 1399 1937 1471 remissionem
1964 1425 2090 1494 pecca·

85 1531 210 1598 nostra,
242 1539 321 1588 non
342 1511 413 1586 hoc
434 1514 586 1603 dicitur,
613 1514 689 1588 Nos
712 1535 788 1586 esse
819 1513 949 1597 iustos,
973 1509 1058 1604 quis
1108 1515 1246 1588 torum,
1287 1511 1322 1572 et
1352 1523 1502 1592 persona
1534 1511 1720 1590 reputetur
1748 1501 1861 1587 iusta,
1901 1503 1987 1587 lide,
2016 1527 2092 1576 non

23 1681 24 1688 ,
84 1619 165 1688 tilius
176 1618 221 1689 sit
237 1618 287 1688 ab
300 1628 443 1688 aeterno
456 1617 589 1688 iustus:
620 1619 685 1687 sed
700 1614 787 1708 quia
810 1615 916 1686 uobis
939 1612 1059 1703 impu·
1108 1616 1252 1696 propter
1277 1602 1439 1694 proprias
1462 1601 1629 1682 virtutes,
1671 1600 1754 1694 quia
1773 1603 1883 1673 simul
1905 1604 2091 1676 retinenda

23 1707 26 1726 ’
85 1732 169 1788 tatur
188 1717 267 1788 eius
290 1717 459 1787 meritum
487 1717 533 1790 ad
562 1715 805 1788 remissionem
835 1726 1058 1807 peccatorum
1108 1718 1159 1776 est
1172 1703 1361 1774 sententia:
1386 1699 1469 1774 Non
1490 1700 1738 1774 iustificabitur
1752 1699 1791 1772 in
1813 1719 2003 1796 conspectu
2026 1721 2089 1777 tuo

23 1861 24 1884 2
83 1821 165 1890 etad
178 1816 521 1904 reconciliationem,
545 1816 678 1912 etquis
693 1817 799 1887 allicit
813 1816 854 1884 in
869 1815 1057 1886 nobisuo·
1107 1804 1225 1876 omnis
1254 1805 1399 1888 vivent,
1439 1803 1574 1874 scilicet
1599 1803 1753 1894 propriis
1774 1803 2003 1898 qualitatibus
2025 1829 2089 1878 scu

23 1985 25 1992 ,
82 1920 230 2002 vitatem,
259 1940 349 2011 quae
368 1930 489 2010 postea
511 1917 580 1990 erit
602 1929 843 1989 consummata
859 1914 999 1988 iusticia
1017 1914 1056 1984 iu
1107 1907 1283 1999 operibus.
1342 1901 1446 1974 Hanc
1472 1927 1593 1974 veram
1623 1904 1901 1976 consolationem
1931 1909 2086 1980 retinere

83 2019 144 2090 rita
157 2032 312 2090 aeterna·
1107 2030 1246 2078 neccsse
1266 2016 1337 2092 est,
1362 2029 1452 2100 quae
1471 2005 1615 2100 quidem
1638 2007 1849 2096 opponenda
1865 2008 1994 2092 estiis,
2021 2009 2084 2101 qui

23 2129 24 2190 ι
165 2119 224 2191 Sic
245 2117 351 2210 loqui
373 2113 595 2210 Scriptorum
618 2119 664 2189 de
685 2114 814 2187 merito
839 2107 995 2195 Christi,
1021 2125 1056 2186 et
1106 2108 1250 2194 dicunt,
1274 2105 1467 2179 Personam
1482 2129 1557 2176 non
1571 2127 1644 2176 esse
1658 2105 1786 2177 iustam
1801 2122 1947 2198 propter
1968 2133 2088 2180 semen

83 2219 119 2287 de
132 2219 318 2291 effectione
332 2218 657 2291 manifestissimum
674 2231 745 2299 est,
769 2215 866 2287 iuxta
883 2214 946 2286 illa
962 2216 1055 2288 dicta
1106 2210 1286 2294 mulieris,
1324 2233 1404 2279 cum
1425 2229 1565 2278 necesse
1584 2208 1629 2277 sit
1651 2229 1790 2298 semper
1813 2208 1954 2298 agnosci
1976 2212 2089 2282 lilium
2135 2285 2139 2294 ¹

23 2391 24 2400 .
82 2313 265 2392 lohan1.s
298 2314 391 2390 Ecce
405 2316 592 2410 agnusDei
605 2320 668 2413 qui
683 2317 778 2391 tollit
793 2330 934 2408 peccata
948 2339 1056 2386 mun·
1105 2308 1194 2396 Dei,
1217 2311 1336 2381 Deum
1354 2320 1390 2379 et
1413 2302 1594 2381 hominem
1620 2309 1893 2401 propiciatorem
1908 2323 1944 2382 et
1957 2313 2084 2402 depre-

23 2443 24 2452 ’
83 2419 132 2504 di,
164 2419 350 2504 videlicet,
383 2421 561 2492 sustinens
582 2420 674 2492 iram
694 2420 735 2490 in
756 2419 873 2510 ipsum
896 2417 1055 2508 effusam,
1106 2423 1260 2483 calorem
1276 2432 1341 2500 pro
1357 2409 1474 2483 nobis.

82 2533 113 2589 et
136 2522 296 2592 auferens
326 2521 540 2592 remittendo
569 2533 604 2592 et
632 2520 818 2592 efficiendo
849 2519 1054 2592 novitatem.
1204 2508 1411 2582 XXXVIII·
1450 2507 1556 2580 Nunc
1575 2512 1620 2580 ad
1640 2509 1805 2581 vocabuli
1828 2513 2089 2584 enarrationem

87 2616 163 2690 ltem
179 2621 277 2696 Gen.
291 2623 347 2694 S:
375 2619 506 2692 Samen
532 2620 694 2696 mulieris
715 2619 936 2693 conculcabit
950 2631 1055 2712 caput
1105 2613 1224 2687 redeo.
1275 2611 1379 2702 Legis
1399 2633 1498 2681 more
1523 2609 1722 2705 loquendo.
1748 2613 1960 2684 V⁰0³bulum
1983 2615 2088 2685 lusti·

84 2725 262 2812 serpentis,
285 2721 410 2805 idest,
434 2717 495 2792 hic
518 2721 613 2791 lilius
634 2721 784 2812 virginis
807 2719 909 2791 tollet
930 2743 1053 2812 pecca·
1103 2713 1177 2784 ciae
1199 2711 1371 2804 significat
1395 2710 1662 2800 congruentiam
1686 2714 1731 2782 ad
1753 2725 1863 2784 totam
1885 2713 2017 2803 legem,
2053 2727 2089 2784 et

82 2833 146 2890 tum
161 2837 194 2894 et
208 2834 376 2907 mortem,
393 2833 427 2892 et
440 2823 565 2892 reddet
578 2821 755 2892 iusticiam
770 2834 805 2908 et
817 2819 925 2890 vitam
939 2833 1053 2892 aeter·
1103 2814 1152 2884 ita
1176 2813 1388 2903 intelligitur
1403 2813 1442 2882 iu
1463 2808 1519 2882 his
1542 2813 1662 2885 dictis:
1688 2812 1770 2884 Non
1785 2813 2033 2886 iustificabitur
2046 2817 2086 2884 in

23 3011 24 3014 Ἴ
82 2943 166 3006 nam,
202 2921 255 2996 Et
280 2923 387 3006 fides,
427 2945 497 3014 qua
522 2921 771 3007 iustificamur,
806 2915 902 2990 hunc
934 2920 1052 3012 ipsum
1102 2927 1292 3006 conspectu
1305 2924 1367 2986 tuo
1384 2913 1501 2983 omnis
1516 2913 1649 2984 vivens.
1674 2910 1721 2986 Et
1734 2911 1840 2988 Rom.
1859 2915 1910 2988 S:
1935 2913 2018 2987 Non
2034 2933 2087 2986 est

82 3021 179 3092 filiurn
193 3025 358 3096 intuetur
372 3023 509 3094 assidue
522 3047 588 3114 pro
611 3023 719 3093 nobis
741 3024 1000 3113 deprecantem.
1101 3016 1234 3102 iustus,
1259 3038 1304 3084 ne
1317 3036 1411 3086 unus
1425 3012 1589 3108 quidem,
1614 3015 1735 3101 idest,
1760 3037 1958 3105 congruens
1968 3020 2013 3088 sd
2030 3031 2086 3087 to·

23 3125 25 3204 ,
167 3121 320 3196 XXXV.
344 3118 610 3215 Comprehendi
628 3124 871 3194 remissionem
892 3127 1053 3214 peccato·
1101 3129 1173 3188 tam
1190 3119 1312 3206 legem.

83 3245 147 3292 rum
163 3227 200 3294 in
214 3223 393 3294 vocabulo
408 3223 667 3296 iustificationis
681 3225 786 3296 etiam
804 3247 846 3294 ex
866 3225 931 3294 illo
953 3224 1051 3294 dicto
1202 3214 1370 3290 XXXIX.
1403 3212 1494 3288 Cum
1517 3227 1635 3288 antem
1658 3231 1779 3306 postea
1801 3220 1918 3312 inquit
1935 3217 2084 3289 Paulus:

23 3355 24 3360 ¹
83 3319 169 3394 Pauli
182 3323 315 3398 Roma.
337 3323 375 3398 4.
395 3325 619 3396 manifestum
642 3338 714 3409 est,
742 3325 807 3396 ubi
830 3322 962 3394 Paulus
989 3347 1051 3394 ex·
1101 3318 1205 3390 Nunc
1225 3331 1342 3390 autem
1362 3317 1439 3388 sine
1457 3318 1533 3406 lege
1552 3317 1689 3390 iusticia
1706 3316 1775 3390 Dei
1790 3321 2008 3390 manifestata
2023 3334 2085 3396 est,

23 3429 25 3514 ἷ
82 3445 183 3510 presse
199 3425 332 3518 inquit,
356 3425 448 3497 sient
460 3439 493 3496 et
501 3423 616 3498 David
631 3425 761 3518 iuquit,
785 3422 1050 3497 Beatitudinern
1093 3419 1178 3489 'sine
1199 3420 1274 3490 ulla
1297 3417 1520 3490 dubitatione
1544 3418 1762 3507 significatur
1791 3420 1931 3492 iusticia
1959 3443 1980 3492 a
2004 3419 2082 3490 Deo

23 3545 25 3614 ζ
83 3545 144 3594 esse
164 3522 343 3615 bominis,
383 3527 442 3597 cui
461 3523 560 3597 Deus
586 3526 741 3618 imputat
768 3525 944 3598 iusticiam
972 3523 1051 3595 sine
1100 3544 1164 3612 per
1177 3518 1346 3591 Messinm
1360 3517 1498 3590 reddita
1513 3519 1635 3608 generi
1649 3513 1827 3605 humano,
1853 3522 1898 3591 de
1913 3538 1982 3613 qua
1998 3543 2084 3610 pru-

23 3625 24 3636 ’
82 3628 255 3714 operibus,
279 3624 380 3699 Beati
405 3651 558 3721 quorum
579 3639 668 3699 tecta
689 3639 772 3698 sunt
791 3639 942 3718 peccata.
993 3623 1050 3696 lbi
1099 3621 1284 3694 missiones
1316 3620 1524 3715 loquuntur.
1588 3616 1719 3690 Daniel
1750 3621 1934 3713 perspicue
1962 3621 2083 3714 inquit

82 3726 173 3796 etiam
193 3727 359 3800 nominat
376 3727 644 3820 imputationem
669 3727 850 3812 iusticias,
874 3739 1050 3798 utosten·
1099 3746 1175 3814 cap.
1204 3725 1282 3796 11.:
1314 3719 1504 3794 Delebitur
1522 3732 1721 3812 peccatum,
1751 3735 1786 3794 et
1807 3723 2003 3794 adducetur
2024 3722 2081 3790 iu-

23 3855 24 3864 *
82 3826 130 3896 dat
148 3852 219 3898 nou
242 3829 361 3899 solum
382 3829 516 3901 remitti
538 3842 699 3921 peccata,
732 3829 923 3900 sedetiam
938 3828 1049 3920 recipi
1099 3823 1198 3896 stiria
1215 3837 1366 3897 aeterua.
1417 3819 1472 3896 lte
1489 3815 1549 3894 hic
1565 3821 1705 3893 iusticia
1714 3831 1772 3893 'est
1790 3822 1951 3892 remissio
1967 3837 2002 3894 et
2017 3825 2083 3892 de-

80 3947 253 4013 personam
277 3943 423 4020 propter
446 3930 600 4015 alienam
622 3929 797 4003 iusticiam
828 3931 1048 4023 imputatam,
1099 3925 1184 3997 letio
1205 3925 1359 4018 peccati,
1384 3935 1420 3995 et
1438 3936 1580 3994 econtra
1596 3923 1836 3995 reconciliatio
1851 3947 1912 3996 seu
1926 3924 2082 4017 imputa·

81 4027 198 4102 scilicet
222 4030 450 4116 mediatoris,
490 4029 559 4102 Dei
588 4043 624 4102 et
646 4025 823 4115 hominis,
855 4046 898 4105 ut
926 4044 1047 4121 postea
1100 4027 1150 4100 tio
1173 4027 1351 4111 iustitiae,
1374 4046 1443 4121 qua
1465 4047 1532 4096 nos
1546 4021 1644 4096 Deus
1659 4037 1800 4114 reputat
1812 4024 1924 4097 iustos
1936 4039 2081 4117 propter

82 4127 214 4216 dicetur,
233 4129 305 4202 Per
319 4132 428 4204 unius
438 4128 595 4208 hominis
605 4133 847 4206 obedientiam
860 4133 943 4205 iusti
961 4156 1048 4202 con-
1098 4128 1231 4214 filium,
1257 4141 1292 4200 et
1311 4127 1460 4200 donatio
1481 4137 1517 4197 et
1532 4125 1670 4196 effectio
1685 4125 1784 4197 illius
1797 4126 1957 4198 iustitiae
1973 4141 2008 4196 et
2025 4125 2080 4193 vi-

81 4229 259 4304 rtituentur
281 4233 406 4318 multi,
430 4231 559 4307 Roma.
575 4230 613 4306 6.
665 4231 748 4304 Non
765 4255 974 4328 quaeramus
989 4255 1048 4302 so·
1098 4241 1154 4300 tae
1176 4228 1216 4299 in
1240 4227 1362 4314 nobis,
1387 4249 1478 4322 quae
1499 4225 1568 4297 erit
1588 4239 1741 4301 aemma.
1790 4225 1969 4322 Loquitur
1983 4229 2081 4296 enim

80 4322 240 4416 phisrnata
257 4332 295 4403 in
311 4335 420 4405 verbo
436 4334 693 4426 imputationis,
707 4333 856 4406 Necesse
873 4347 924 4406 est
940 4333 1048 4406 intel·
1096 4327 1225 4402 Daniel
1248 4333 1292 4402 de
1313 4343 1389 4400 toto
1418 4326 1604 4400 beneficio·
1662 4325 1776 4400 Sicuti
1799 4323 1905 4402 Rom.
1927 4323 1964 4400 6.
1984 4326 2080 4397 Pau-

79 4426 132 4517 llgi
152 4434 390 4524 receptionem
409 4459 581 4528 personae
603 4448 748 4527 psopter
770 4437 921 4507 alienam
943 4433 1047 4505 iusti-
1098 4433 1170 4504 lus:
1195 4431 1264 4503 Per
1275 4425 1458 4504 Christum
1475 4429 1609 4518 gratis,
1633 4441 1669 4500 et
1687 4431 1824 4501 donum
1840 4451 1905 4521 per
1919 4429 2079 4520 gratiam.

80 4529 157 4602 ciam
180 4534 401 4608 mediatoris:
428 4550 464 4607 et
479 4551 596 4610 tamen
612 4533 833 4608 haecomnia
851 4559 931 4606 vera
951 4550 1046 4623 sont,
1096 4531 1169 4606 Nec
1189 4547 1305 4626 potest
1327 4530 1539 4603 vocabulum
1563 4529 1614 4601 sic
1636 4529 1811 4620 intelligi,
1835 4529 1975 4602 iusticia
1998 4527 2079 4613 Dei,

80 4629 173 4704 simul
195 4636 331 4707 efficere
351 4637 465 4708 lilium
486 4637 555 4711 Dei
574 4638 765 4710 novitatem
789 4663 853 4734 per
871 4637 1045 4732 Spiritum
1097 4635 1132 4706 id
1157 4647 1227 4719 est,
1254 4632 1451 4705 essentialis
1471 4629 1629 4725 iusticia,
1649 4633 1799 4725 quaein
1812 4626 1888 4703 Deo
1904 4645 1978 4717 est,
2003 4653 2082 4701 non

79 4747 235 4808 sanmuro.
1095 4737 1261 4808 meritum
1284 4733 1512 4819 redemtoris,
1541 4735 1586 4804 de
1608 4739 1680 4826 qu'o
1701 4733 1887 4825 praecipue
1918 4733 2080 4827 loquitur

166 4834 334 4912 XXXVI.
358 4835 428 4910 Sed
443 4838 610 4911 obiicitur
628 4833 698 4924 hir,
711 4833 866 4933 Oportet
882 4863 955 4914 esse
971 4840 1046 4912 dis·
1094 4835 1341 4930 Evangeliom,
1355 4859 1430 4906 non
1443 4832 1603 4907 remissio
1618 4848 1842 4928 peccatorum
1857 4835 1976 4907 danda
1992 4855 2079 4926 pro·

80 4935 201 5006 crimen
214 4937 309 5010 iuter
322 4935 466 5012 Saulem
488 4953 523 5012 st
534 4938 720 5026 Davidem,
745 4955 885 5034 oportet
906 4942 1042 5036 aliquid
1094 4951 1172 5031 pter
1184 4939 1349 5012 meritum
1362 4932 1508 5010 Christi.

79 5039 192 5108 essein
206 5035 354 5126 Doride,
376 5044 629 5136 propterquod
648 5043 906 5135 pronunciatur
919 5046 1043 5128 iustus,
1194 5040 1274 5113 xt..
1308 5037 1486 5113 Usitatum
1505 5049 1558 5109 est
1579 5032 1636 5108 hic
1665 5037 1893 5128 interpretari
1915 5037 2077 5122 verbum,

79 5133 200 5231 alioqui
220 5135 317 5211 Deus
345 5153 434 5212 esset
454 5143 633 5216 iniustus?
670 5140 903 5235 Respondeas
936 5141 1042 5216 Fides
1092 5141 1341 5228 iustificamnr,
1365 5141 1404 5212 id
1419 5152 1490 5225 est,
1508 5163 1550 5210 ex
1560 5138 1702 5210 iniustis
1719 5137 1894 5211 efficimur
1910 5138 2014 5222 iusti,
2039 5150 2076 5208 et

79 5231 152 5310 lacit
169 5241 377 5328 discrimen,
401 5256 436 5316 et
457 5243 533 5336 ipse
549 5244 730 5324 ¹saredistor
750 5246 822 5316 lide
840 5240 1042 5339 apprehen·
1090 5242 1129 5313 id
1142 5243 1346 5337 intelligunt
1360 5236 1521 5313 Thomas
1536 5250 1572 5311 et
1585 5239 1718 5312 similes
1731 5242 1776 5311 de
1789 5241 2019 5336 qualitatibus
2034 5238 2075 5306 in

81 5351 145 5423 sos,
172 5341 324 5431 dignitas
343 5345 487 5436 propria
511 5369 587 5418 non
606 5344 692 5417 lacit
711 5345 914 5438 diserim
964 5344 1041 5419 Ds-
1089 5344 1214 5434 nobis,
1249 5369 1291 5420 es
1318 5365 1396 5416 uon
1422 5341 1674 5418 obedientibus
1699 5341 1874 5416 allicimur
1904 5338 2075 5413 habentes
