<?xml version="1.0" encoding="UTF-8"?>
<!DOCTYPE html PUBLIC "-//W3C//DTD XHTML 1.0 Transitional//EN"
    "http://www.w3.org/TR/xhtml1/DTD/xhtml1-transitional.dtd">
<html xmlns="http://www.w3.org/1999/xhtml" xml:lang="en" lang="en">
 <head>
  <title>
</title>
<meta http-equiv="Content-Type" content="text/html;charset=utf-8" />
  <meta name='ocr-system' content='tesseract 3.04.00' />
  <meta name='ocr-capabilities' content='ocr_page ocr_carea ocr_par ocr_line ocrx_word'/>
</head>
<body>
  <div class='ocr_page' id='page_1' title='image "./corpusreformato13melagoog_0184.png"; bbox 0 0 4696 5820; ppageno 0'>
   <div class='ocr_carea' id='block_1_1' title="bbox 137 227 2159 324">
    <p class='ocr_par' dir='ltr' id='par_1_1' title="bbox 137 185 2159 324">
     <span class='ocr_line' id='line_1_1' title="bbox 137 227 2159 324; baseline 0.003 -11"><span class='ocrx_word' id='word_1_1' title='bbox 137 235 211 314; x_wconf 78' lang='lat' dir='ltr'><strong>ss:</strong></span> <span class='ocrx_word' id='word_1_2' title='bbox 669 235 828 316; x_wconf 81' lang='lat' dir='ltr'><strong>uren.</strong></span> <span class='ocrx_word' id='word_1_3' title='bbox 857 233 933 316; x_wconf 84' lang='lat' dir='ltr'><strong>ou</strong></span> <span class='ocrx_word' id='word_1_4' title='bbox 970 229 1292 314; x_wconf 83' lang='lat' dir='ltr'><strong>oaneonro</strong></span> <span class='ocrx_word' id='word_1_5' title='bbox 1327 227 1621 310; x_wconf 80' lang='lat' dir='ltr'><strong>noarauo.</strong></span> <span class='ocrx_word' id='word_1_6' title='bbox 2081 243 2159 324; x_wconf 85' lang='lat' dir='ltr'><strong>sss</strong></span> 
     </span>
    </p>
   </div>
   <div class='ocr_carea' id='block_1_2' title="bbox 125 399 2153 1204">
    <p class='ocr_par' dir='ltr' id='par_1_2' title="bbox 125 399 2153 1204">
     <span class='ocr_line' id='line_1_2' title="bbox 133 399 2152 512; baseline -0.001 -32"><span class='ocrx_word' id='word_1_7' title='bbox 133 409 231 482; x_wconf 89' lang='lat' dir='ltr'><strong>llaec</strong></span> <span class='ocrx_word' id='word_1_8' title='bbox 252 403 333 482; x_wconf 89' lang='lat' dir='ltr'><strong>cum</strong></span> <span class='ocrx_word' id='word_1_9' title='bbox 354 434 446 506; x_wconf 91' lang='lat' dir='ltr'><strong>pene</strong></span> <span class='ocrx_word' id='word_1_10' title='bbox 471 413 513 482; x_wconf 90' lang='lat' dir='ltr'><strong>ad</strong></span> <span class='ocrx_word' id='word_1_11' title='bbox 532 399 679 483; x_wconf 88' lang='lat' dir='ltr'><strong>verbnm</strong></span> <span class='ocrx_word' id='word_1_12' title='bbox 696 410 881 484; x_wconf 91' lang='lat' dir='ltr'><strong>Pontanus</strong></span> <span class='ocrx_word' id='word_1_13' title='bbox 894 413 1058 496; x_wconf 84' lang='lat' dir='ltr'><strong>dixisset,</strong></span> <span class='ocrx_word' id='word_1_14' title='bbox 1082 422 1119 481; x_wconf 91' lang='lat' dir='ltr'><strong>et</strong></span> <span class='ocrx_word' id='word_1_15' title='bbox 1168 429 1263 503; x_wconf 88' lang='lat' dir='ltr'><strong>qnae</strong></span> <span class='ocrx_word' id='word_1_16' title='bbox 1276 402 1367 502; x_wconf 89' lang='lat' dir='ltr'><strong>proh</strong></span> <span class='ocrx_word' id='word_1_17' title='bbox 1383 406 1511 490; x_wconf 91' lang='lat' dir='ltr'><strong>dolor,</strong></span> <span class='ocrx_word' id='word_1_18' title='bbox 1537 420 1572 479; x_wconf 90' lang='lat' dir='ltr'><strong>et</strong></span> <span class='ocrx_word' id='word_1_19' title='bbox 1587 427 1713 499; x_wconf 91' lang='lat' dir='ltr'><strong>magna</strong></span> <span class='ocrx_word' id='word_1_20' title='bbox 1728 419 1762 479; x_wconf 94' lang='lat' dir='ltr'><strong>et</strong></span> <span class='ocrx_word' id='word_1_21' title='bbox 1779 409 1890 481; x_wconf 89' lang='lat' dir='ltr'><strong>multa</strong></span> <span class='ocrx_word' id='word_1_22' title='bbox 1913 427 2013 502; x_wconf 83' lang='lat' dir='ltr'><strong>sunt,</strong></span> <span class='ocrx_word' id='word_1_23' title='bbox 2039 428 2073 490; x_wconf 89' lang='lat' dir='ltr'><strong>et</strong></span> <span class='ocrx_word' id='word_1_24' title='bbox 2090 443 2152 512; x_wconf 89' lang='lat' dir='ltr'><strong>pe.</strong></span> 
     </span>
     <span class='ocr_line' id='line_1_3' title="bbox 129 509 2153 612; baseline 0.005 -30"><span class='ocrx_word' id='word_1_25' title='bbox 129 513 245 607; x_wconf 88' lang='lat' dir='ltr'><strong>aliqui</strong></span> <span class='ocrx_word' id='word_1_26' title='bbox 266 514 455 584; x_wconf 83' lang='lat' dir='ltr'><strong>frementes</strong></span> <span class='ocrx_word' id='word_1_27' title='bbox 477 513 592 582; x_wconf 91' lang='lat' dir='ltr'><strong>maius</strong></span> <span class='ocrx_word' id='word_1_28' title='bbox 619 526 799 586; x_wconf 90' lang='lat' dir='ltr'><strong>certamen</strong></span> <span class='ocrx_word' id='word_1_29' title='bbox 826 515 957 585; x_wconf 90' lang='lat' dir='ltr'><strong>moturi</strong></span> <span class='ocrx_word' id='word_1_30' title='bbox 990 525 1116 597; x_wconf 89' lang='lat' dir='ltr'><strong>essent,</strong></span> <span class='ocrx_word' id='word_1_31' title='bbox 1169 521 1282 579; x_wconf 92' lang='lat' dir='ltr'><strong>tamus</strong></span> <span class='ocrx_word' id='word_1_32' title='bbox 1303 523 1344 579; x_wconf 96' lang='lat' dir='ltr'><strong>ut</strong></span> <span class='ocrx_word' id='word_1_33' title='bbox 1363 523 1509 602; x_wconf 89' lang='lat' dir='ltr'><strong>propter</strong></span> <span class='ocrx_word' id='word_1_34' title='bbox 1529 509 1641 579; x_wconf 89' lang='lat' dir='ltr'><strong>lilium</strong></span> <span class='ocrx_word' id='word_1_35' title='bbox 1665 512 1897 581; x_wconf 90' lang='lat' dir='ltr'><strong>mediatorem</strong></span> <span class='ocrx_word' id='word_1_36' title='bbox 1911 527 2074 590; x_wconf 89' lang='lat' dir='ltr'><strong>aeternus</strong></span> <span class='ocrx_word' id='word_1_37' title='bbox 2088 545 2153 612; x_wconf 91' lang='lat' dir='ltr'><strong>pa·</strong></span> 
     </span>
     <span class='ocr_line' id='line_1_4' title="bbox 128 611 2150 703; baseline 0.005 -21"><span class='ocrx_word' id='word_1_38' title='bbox 128 612 370 703; x_wconf 86' lang='lat' dir='ltr'><strong>Moguntinus</strong></span> <span class='ocrx_word' id='word_1_39' title='bbox 396 617 463 686; x_wconf 88' lang='lat' dir='ltr'><strong>ait:</strong></span> <span class='ocrx_word' id='word_1_40' title='bbox 493 637 566 682; x_wconf 93' lang='lat' dir='ltr'><strong>non</strong></span> <span class='ocrx_word' id='word_1_41' title='bbox 599 635 672 683; x_wconf 91' lang='lat' dir='ltr'><strong>esse</strong></span> <span class='ocrx_word' id='word_1_42' title='bbox 701 616 833 685; x_wconf 88' lang='lat' dir='ltr'><strong>mirum</strong></span> <span class='ocrx_word' id='word_1_43' title='bbox 865 613 1116 686; x_wconf 84' lang='lat' dir='ltr'><strong>atrocilratris</strong></span> <span class='ocrx_word' id='word_1_44' title='bbox 1167 624 1223 680; x_wconf 87' lang='lat' dir='ltr'><strong>ter</strong></span> <span class='ocrx_word' id='word_1_45' title='bbox 1244 611 1281 678; x_wconf 91' lang='lat' dir='ltr'><strong>in</strong></span> <span class='ocrx_word' id='word_1_46' title='bbox 1310 611 1362 679; x_wconf 90' lang='lat' dir='ltr'><strong>ira</strong></span> <span class='ocrx_word' id='word_1_47' title='bbox 1384 611 1647 681; x_wconf 82' lang='lat' dir='ltr'>misericordiae</span> <span class='ocrx_word' id='word_1_48' title='bbox 1664 615 1886 694; x_wconf 80' lang='lat' dir='ltr'><strong>recordetur,</strong></span> <span class='ocrx_word' id='word_1_49' title='bbox 1909 622 2150 692; x_wconf 88' lang='lat' dir='ltr'><strong>etmoestissi-</strong></span> 
     </span>
     <span class='ocr_line' id='line_1_5' title="bbox 127 707 2146 810; baseline 0.006 -26"><span class='ocrx_word' id='word_1_50' title='bbox 127 717 286 785; x_wconf 88' lang='lat' dir='ltr'><strong>orationi</strong></span> <span class='ocrx_word' id='word_1_51' title='bbox 300 739 506 810; x_wconf 90' lang='lat' dir='ltr'><strong>responsum</strong></span> <span class='ocrx_word' id='word_1_52' title='bbox 523 737 596 784; x_wconf 88' lang='lat' dir='ltr'><strong>esse</strong></span> <span class='ocrx_word' id='word_1_53' title='bbox 613 717 749 800; x_wconf 89' lang='lat' dir='ltr'><strong>durius,</strong></span> <span class='ocrx_word' id='word_1_54' title='bbox 774 739 839 785; x_wconf 88' lang='lat' dir='ltr'><strong>nec</strong></span> <span class='ocrx_word' id='word_1_55' title='bbox 855 719 1019 806; x_wconf 83' lang='lat' dir='ltr'><strong>prodesse</strong></span> <span class='ocrx_word' id='word_1_56' title='bbox 1035 715 1116 782; x_wconf 88' lang='lat' dir='ltr'><strong>lon·</strong></span> <span class='ocrx_word' id='word_1_57' title='bbox 1166 734 1244 779; x_wconf 90' lang='lat' dir='ltr'><strong>mae</strong></span> <span class='ocrx_word' id='word_1_58' title='bbox 1261 707 1438 781; x_wconf 82' lang='lat' dir='ltr'><strong>Ecclesiae</strong></span> <span class='ocrx_word' id='word_1_59' title='bbox 1453 736 1556 802; x_wconf 89' lang='lat' dir='ltr'><strong>opem</strong></span> <span class='ocrx_word' id='word_1_60' title='bbox 1574 715 1681 798; x_wconf 88' lang='lat' dir='ltr'><strong>ierat,</strong></span> <span class='ocrx_word' id='word_1_61' title='bbox 1706 737 1771 784; x_wconf 90' lang='lat' dir='ltr'><strong>nec</strong></span> <span class='ocrx_word' id='word_1_62' title='bbox 1787 716 1880 787; x_wconf 91' lang='lat' dir='ltr'><strong>sinat</strong></span> <span class='ocrx_word' id='word_1_63' title='bbox 1896 716 1973 786; x_wconf 90' lang='lat' dir='ltr'><strong>lieri</strong></span> <span class='ocrx_word' id='word_1_64' title='bbox 1990 721 2146 795; x_wconf 83' lang='lat' dir='ltr'><strong>infinitas</strong></span> 
     </span>
     <span class='ocr_line' id='line_1_6' title="bbox 127 809 2147 912; baseline 0.003 -28"><span class='ocrx_word' id='word_1_65' title='bbox 127 817 265 904; x_wconf 87' lang='lat' dir='ltr'><strong>giorem</strong></span> <span class='ocrx_word' id='word_1_66' title='bbox 284 819 556 889; x_wconf 76' lang='lat' dir='ltr'><strong>contentionem.</strong></span> <span class='ocrx_word' id='word_1_67' title='bbox 611 816 802 888; x_wconf 73' lang='lat' dir='ltr'><strong>interfatur</strong></span> <span class='ocrx_word' id='word_1_68' title='bbox 816 840 898 907; x_wconf 90' lang='lat' dir='ltr'><strong>ergo</strong></span> <span class='ocrx_word' id='word_1_69' title='bbox 912 815 1052 900; x_wconf 87' lang='lat' dir='ltr'><strong>Caesar,</strong></span> <span class='ocrx_word' id='word_1_70' title='bbox 1081 827 1115 885; x_wconf 88' lang='lat' dir='ltr'><strong>et</strong></span> <span class='ocrx_word' id='word_1_71' title='bbox 1167 811 1428 902; x_wconf 79' lang='lat' dir='ltr'><strong>dissipationes.</strong></span> <span class='ocrx_word' id='word_1_72' title='bbox 1454 809 1537 882; x_wconf 92' lang='lat' dir='ltr'><strong>Non</strong></span> <span class='ocrx_word' id='word_1_73' title='bbox 1557 809 1624 884; x_wconf 91' lang='lat' dir='ltr'><strong>boc</strong></span> <span class='ocrx_word' id='word_1_74' title='bbox 1642 829 1780 886; x_wconf 88' lang='lat' dir='ltr'><strong>tantum</strong></span> <span class='ocrx_word' id='word_1_75' title='bbox 1797 835 1920 887; x_wconf 88' lang='lat' dir='ltr'><strong>verum</strong></span> <span class='ocrx_word' id='word_1_76' title='bbox 1938 831 2007 890; x_wconf 88' lang='lat' dir='ltr'><strong>est:</strong></span> <span class='ocrx_word' id='word_1_77' title='bbox 2034 820 2147 912; x_wconf 85' lang='lat' dir='ltr'><strong>Quic-</strong></span> 
     </span>
     <span class='ocr_line' id='line_1_7' title="bbox 128 912 2146 1018; baseline 0.002 -30"><span class='ocrx_word' id='word_1_78' title='bbox 128 918 203 986; x_wconf 85' lang='lat' dir='ltr'><strong>dici</strong></span> <span class='ocrx_word' id='word_1_79' title='bbox 229 918 346 1004; x_wconf 91' lang='lat' dir='ltr'><strong>iubet,</strong></span> <span class='ocrx_word' id='word_1_80' title='bbox 373 944 409 988; x_wconf 91' lang='lat' dir='ltr'><strong>se</strong></span> <span class='ocrx_word' id='word_1_81' title='bbox 432 919 605 987; x_wconf 84' lang='lat' dir='ltr'><strong>facturum</strong></span> <span class='ocrx_word' id='word_1_82' title='bbox 629 940 721 1002; x_wconf 91' lang='lat' dir='ltr'><strong>esse,</strong></span> <span class='ocrx_word' id='word_1_83' title='bbox 748 921 844 1012; x_wconf 91' lang='lat' dir='ltr'><strong>quod</strong></span> <span class='ocrx_word' id='word_1_84' title='bbox 867 913 1112 990; x_wconf 89' lang='lat' dir='ltr'><strong>Christianum</strong></span> <span class='ocrx_word' id='word_1_85' title='bbox 1164 912 1250 1005; x_wconf 90' lang='lat' dir='ltr'><strong>quid</strong></span> <span class='ocrx_word' id='word_1_86' title='bbox 1269 913 1422 984; x_wconf 89' lang='lat' dir='ltr'><strong>delirant</strong></span> <span class='ocrx_word' id='word_1_87' title='bbox 1435 936 1532 1002; x_wconf 90' lang='lat' dir='ltr'><strong>reges</strong></span> <span class='ocrx_word' id='word_1_88' title='bbox 1550 913 1907 1002; x_wconf 86' lang='lat' dir='ltr'><strong>plectunturAcbivi.</strong></span> <span class='ocrx_word' id='word_1_89' title='bbox 1958 917 2029 990; x_wconf 88' lang='lat' dir='ltr'><strong>Sed</strong></span> <span class='ocrx_word' id='word_1_90' title='bbox 2044 945 2146 1018; x_wconf 78' lang='lat' dir='ltr'><strong>saepe</strong></span> 
     </span>
     <span class='ocr_line' id='line_1_8' title="bbox 125 1013 2143 1114; baseline 0.005 -29"><span class='ocrx_word' id='word_1_91' title='bbox 125 1017 384 1110; x_wconf 89' lang='lat' dir='ltr'><strong>Imperatorem</strong></span> <span class='ocrx_word' id='word_1_92' title='bbox 402 1021 513 1092; x_wconf 85' lang='lat' dir='ltr'><strong>lacere</strong></span> <span class='ocrx_word' id='word_1_93' title='bbox 530 1018 661 1090; x_wconf 88' lang='lat' dir='ltr'><strong>iustum</strong></span> <span class='ocrx_word' id='word_1_94' title='bbox 677 1019 735 1104; x_wconf 87' lang='lat' dir='ltr'><strong>sit,</strong></span> <span class='ocrx_word' id='word_1_95' title='bbox 760 1030 865 1114; x_wconf 92' lang='lat' dir='ltr'><strong>atque</strong></span> <span class='ocrx_word' id='word_1_96' title='bbox 887 1020 937 1092; x_wconf 87' lang='lat' dir='ltr'><strong>ita</strong></span> <span class='ocrx_word' id='word_1_97' title='bbox 952 1029 1112 1089; x_wconf 89' lang='lat' dir='ltr'><strong>senatum</strong></span> <span class='ocrx_word' id='word_1_98' title='bbox 1163 1013 1268 1082; x_wconf 92' lang='lat' dir='ltr'><strong>etiam</strong></span> <span class='ocrx_word' id='word_1_99' title='bbox 1284 1031 1429 1106; x_wconf 87' lang='lat' dir='ltr'><strong>propter</strong></span> <span class='ocrx_word' id='word_1_100' title='bbox 1445 1016 1568 1109; x_wconf 94' lang='lat' dir='ltr'><strong>populi</strong></span> <span class='ocrx_word' id='word_1_101' title='bbox 1585 1019 1670 1088; x_wconf 85' lang='lat' dir='ltr'><strong>vitia</strong></span> <span class='ocrx_word' id='word_1_102' title='bbox 1688 1019 1808 1088; x_wconf 89' lang='lat' dir='ltr'><strong>minus</strong></span> <span class='ocrx_word' id='word_1_103' title='bbox 1823 1020 1964 1090; x_wconf 84' lang='lat' dir='ltr'><strong>foelices</strong></span> <span class='ocrx_word' id='word_1_104' title='bbox 1979 1037 2062 1094; x_wconf 87' lang='lat' dir='ltr'><strong>suut</strong></span> <span class='ocrx_word' id='word_1_105' title='bbox 2080 1027 2143 1096; x_wconf 90' lang='lat' dir='ltr'><strong>bo-</strong></span> 
     </span>
     <span class='ocr_line' id='line_1_9' title="bbox 127 1113 2142 1204; baseline 0.011 -29"><span class='ocrx_word' id='word_1_106' title='bbox 127 1120 290 1195; x_wconf 67' lang='lat' dir='ltr'><strong>diminia,</strong></span> <span class='ocrx_word' id='word_1_107' title='bbox 1162 1114 1200 1192; x_wconf 89' lang='lat' dir='ltr'><strong>ni</strong></span> <span class='ocrx_word' id='word_1_108' title='bbox 1217 1115 1479 1204; x_wconf 88' lang='lat' dir='ltr'><strong>gubernatores.</strong></span> <span class='ocrx_word' id='word_1_109' title='bbox 1512 1113 1591 1185; x_wconf 92' lang='lat' dir='ltr'><strong>Oro</strong></span> <span class='ocrx_word' id='word_1_110' title='bbox 1606 1134 1722 1190; x_wconf 90' lang='lat' dir='ltr'><strong>autem</strong></span> <span class='ocrx_word' id='word_1_111' title='bbox 1740 1121 1852 1192; x_wconf 82' lang='lat' dir='ltr'><strong>filium</strong></span> <span class='ocrx_word' id='word_1_112' title='bbox 1866 1119 1935 1192; x_wconf 90' lang='lat' dir='ltr'><strong>Dei</strong></span> <span class='ocrx_word' id='word_1_113' title='bbox 1949 1121 2142 1198; x_wconf 85' lang='lat' dir='ltr'><strong>Dominum</strong></span> 
     </span>
    </p>
   </div>
   <div class='ocr_carea' id='block_1_3' title="bbox 208 1213 2145 1344">
    <p class='ocr_par' dir='ltr' id='par_1_3' title="bbox 208 1213 2145 1344">
     <span class='ocr_line' id='line_1_10' title="bbox 208 1213 2145 1344; baseline 0.006 -20"><span class='ocrx_word' id='word_1_114' title='bbox 208 1233 300 1324; x_wconf 75' lang='lat' dir='ltr'><strong>&#39;Hie</strong></span> <span class='ocrx_word' id='word_1_115' title='bbox 318 1278 399 1326; x_wconf 88' lang='lat' dir='ltr'><strong>cum</strong></span> <span class='ocrx_word' id='word_1_116' title='bbox 415 1255 538 1327; x_wconf 89' lang='lat' dir='ltr'><strong>luisset</strong></span> <span class='ocrx_word' id='word_1_117' title='bbox 552 1255 663 1328; x_wconf 88' lang='lat' dir='ltr'><strong>exitus</strong></span> <span class='ocrx_word' id='word_1_118' title='bbox 679 1255 755 1327; x_wconf 94' lang='lat' dir='ltr'><strong>eius</strong></span> <span class='ocrx_word' id='word_1_119' title='bbox 771 1267 977 1338; x_wconf 85' lang='lat' dir='ltr'><strong>conventus,</strong></span> <span class='ocrx_word' id='word_1_120' title='bbox 990 1266 1110 1344; x_wconf 88' lang='lat' dir='ltr'><strong>postea</strong></span> <span class='ocrx_word' id='word_1_121' title='bbox 1160 1230 1322 1286; x_wconf 64' lang='lat' dir='ltr'>¹¹⁰⁸m¹¹¹¹</span> <span class='ocrx_word' id='word_1_122' title='bbox 1347 1215 1464 1288; x_wconf 72' lang='lat'><strong>1⁰⁵¹¹¹¹¹</strong></span> <span class='ocrx_word' id='word_1_123' title='bbox 1488 1213 1689 1308; x_wconf 61' lang='lat' dir='ltr'><strong>Ch¹³⁵¹¹¹¹¹¹2</strong></span> <span class='ocrx_word' id='word_1_124' title='bbox 1722 1235 1764 1294; x_wconf 66' lang='lat'><strong>¹¹²</strong></span> <span class='ocrx_word' id='word_1_125' title='bbox 1785 1245 1849 1304; x_wconf 79' lang='lat'>¹¹⁰⁸</span> <span class='ocrx_word' id='word_1_126' title='bbox 1872 1237 2019 1316; x_wconf 57' lang='lat' dir='ltr'><strong>Pr⁰l³¹⁰¹</strong></span> <span class='ocrx_word' id='word_1_127' title='bbox 2043 1250 2145 1304; x_wconf 59' lang='grc' dir='ltr'><strong>’Μ</strong></span> 
     </span>
    </p>
   </div>
   <div class='ocr_carea' id='block_1_4' title="bbox 125 1318 2143 1446">
    <p class='ocr_par' dir='ltr' id='par_1_4' title="bbox 125 1318 2143 1446">
     <span class='ocr_line' id='line_1_11' title="bbox 125 1318 2143 1446; baseline 0 -18"><span class='ocrx_word' id='word_1_128' title='bbox 125 1356 367 1446; x_wconf 84' lang='lat' dir='ltr'><strong>Moguntinue</strong></span> <span class='ocrx_word' id='word_1_129' title='bbox 388 1370 422 1426; x_wconf 94' lang='lat' dir='ltr'><strong>et</strong></span> <span class='ocrx_word' id='word_1_130' title='bbox 442 1355 624 1427; x_wconf 89' lang='lat' dir='ltr'><strong>Palatinus</strong></span> <span class='ocrx_word' id='word_1_131' title='bbox 647 1353 851 1428; x_wconf 88' lang='lat' dir='ltr'><strong>Ludovicus</strong></span> <span class='ocrx_word' id='word_1_132' title='bbox 880 1379 960 1425; x_wconf 89' lang='lat' dir='ltr'><strong>curn</strong></span> <span class='ocrx_word' id='word_1_133' title='bbox 980 1353 1109 1426; x_wconf 86' lang='lat' dir='ltr'><strong>Carolo</strong></span> <span class='ocrx_word' id='word_1_134' title='bbox 1160 1318 1310 1434; x_wconf 45' lang='lat' dir='ltr'>{briam</span> <span class='ocrx_word' id='word_1_135' title='bbox 1331 1320 1503 1408; x_wconf 61' lang='lat' dir='ltr'><strong>gnbernel</strong></span> <span class='ocrx_word' id='word_1_136' title='bbox 1528 1333 1560 1390; x_wconf 48' lang='grc' dir='ltr'><strong>εἷ</strong></span> <span class='ocrx_word' id='word_1_137' title='bbox 1578 1334 1751 1414; x_wconf 52' lang='grc' dir='ltr'><strong>Ρωιθῧῧῗ·</strong></span> <span class='ocrx_word' id='word_1_138' title='bbox 1801 1321 1926 1396; x_wconf 61' lang='lat' dir='ltr'><strong>R‘dffl</strong></span> <span class='ocrx_word' id='word_1_139' title='bbox 1949 1329 1993 1397; x_wconf 62' lang='lat' dir='ltr'><strong>ad</strong></span> <span class='ocrx_word' id='word_1_140' title='bbox 2018 1351 2143 1401; x_wconf 59' lang='lat' dir='ltr'><strong>nam·</strong></span> 
     </span>
    </p>
   </div>
   <div class='ocr_carea' id='block_1_5' title="bbox 122 1431 2187 2355">
    <p class='ocr_par' dir='ltr' id='par_1_5' title="bbox 128 1431 1305 1550">
     <span class='ocr_line' id='line_1_12' title="bbox 128 1431 1305 1550; baseline -0.012 -22"><span class='ocrx_word' id='word_1_141' title='bbox 128 1457 345 1548; x_wconf 87' lang='lat' dir='ltr'><strong>Imperatore</strong></span> <span class='ocrx_word' id='word_1_142' title='bbox 362 1459 405 1526; x_wconf 87' lang='lat' dir='ltr'><strong>‹le</strong></span> <span class='ocrx_word' id='word_1_143' title='bbox 422 1482 505 1548; x_wconf 87' lang='lat' dir='ltr'><strong>pace</strong></span> <span class='ocrx_word' id='word_1_144' title='bbox 522 1455 736 1528; x_wconf 87' lang='lat' dir='ltr'><strong>Germaniae</strong></span> <span class='ocrx_word' id='word_1_145' title='bbox 758 1459 1011 1550; x_wconf 93' lang='lat' dir='ltr'><strong>colloquuntur</strong></span> <span class='ocrx_word' id='word_1_146' title='bbox 1025 1453 1109 1524; x_wconf 87' lang='lat' dir='ltr'><strong>Mo-</strong></span> <span class='ocrx_word' id='word_1_147' title='bbox 1159 1431 1305 1490; x_wconf 67' lang='lat'><strong>¹¹⁰⁰²¹⁰⁸</strong></span> 
     </span>
    </p>

    <p class='ocr_par' dir='ltr' id='par_1_6' title="bbox 122 1551 2187 2355">
     <span class='ocr_line' id='line_1_13' title="bbox 125 1551 2139 1652; baseline 0.004 -22"><span class='ocrx_word' id='word_1_148' title='bbox 125 1560 281 1647; x_wconf 86' lang='lat' dir='ltr'><strong>guntiae.</strong></span> <span class='ocrx_word' id='word_1_149' title='bbox 344 1557 399 1628; x_wconf 93' lang='lat' dir='ltr'><strong>lbi</strong></span> <span class='ocrx_word' id='word_1_150' title='bbox 422 1583 501 1628; x_wconf 92' lang='lat' dir='ltr'><strong>cum</strong></span> <span class='ocrx_word' id='word_1_151' title='bbox 527 1559 671 1652; x_wconf 89' lang='lat' dir='ltr'><strong>quidam</strong></span> <span class='ocrx_word' id='word_1_152' title='bbox 705 1560 861 1651; x_wconf 90' lang='lat' dir='ltr'><strong>asperius</strong></span> <span class='ocrx_word' id='word_1_153' title='bbox 892 1558 1107 1651; x_wconf 89' lang='lat' dir='ltr'><strong>loqueretur,</strong></span> <span class='ocrx_word' id='word_1_154' title='bbox 1260 1551 1361 1623; x_wconf 86' lang='lat' dir='ltr'><strong>Pacis</strong></span> <span class='ocrx_word' id='word_1_155' title='bbox 1389 1565 1548 1646; x_wconf 88' lang='lat' dir='ltr'><strong>tempore</strong></span> <span class='ocrx_word' id='word_1_156' title='bbox 1579 1557 1767 1648; x_wconf 86' lang='lat' dir='ltr'><strong>praecipua</strong></span> <span class='ocrx_word' id='word_1_157' title='bbox 1799 1583 1881 1632; x_wconf 89' lang='lat' dir='ltr'><strong>cura</strong></span> <span class='ocrx_word' id='word_1_158' title='bbox 1906 1564 1994 1635; x_wconf 87' lang='lat' dir='ltr'><strong>lovit</strong></span> <span class='ocrx_word' id='word_1_159' title='bbox 2015 1561 2139 1640; x_wconf 90' lang='lat' dir='ltr'><strong>Eccle-</strong></span> 
     </span>
     <span class='ocr_line' id='line_1_14' title="bbox 123 1653 2137 1750; baseline 0.003 -19"><span class='ocrx_word' id='word_1_160' title='bbox 123 1659 311 1730; x_wconf 82' lang='lat' dir='ltr'><strong>Caesarem</strong></span> <span class='ocrx_word' id='word_1_161' title='bbox 340 1655 469 1730; x_wconf 89' lang='lat' dir='ltr'><strong>babere</strong></span> <span class='ocrx_word' id='word_1_162' title='bbox 497 1661 564 1728; x_wconf 90' lang='lat' dir='ltr'><strong>alia</strong></span> <span class='ocrx_word' id='word_1_163' title='bbox 587 1683 713 1748; x_wconf 86' lang='lat' dir='ltr'><strong>regna,</strong></span> <span class='ocrx_word' id='word_1_164' title='bbox 754 1660 891 1732; x_wconf 89' lang='lat' dir='ltr'><strong>etiamsi</strong></span> <span class='ocrx_word' id='word_1_165' title='bbox 914 1657 1106 1730; x_wconf 87' lang='lat' dir='ltr'><strong>Germania</strong></span> <span class='ocrx_word' id='word_1_166' title='bbox 1158 1653 1244 1724; x_wconf 90' lang='lat' dir='ltr'><strong>sias:</strong></span> <span class='ocrx_word' id='word_1_167' title='bbox 1278 1655 1524 1746; x_wconf 80' lang='lat' dir='ltr'><strong>inspectionis,</strong></span> <span class='ocrx_word' id='word_1_168' title='bbox 1549 1657 1588 1724; x_wconf 93' lang='lat' dir='ltr'><strong>in</strong></span> <span class='ocrx_word' id='word_1_169' title='bbox 1613 1682 1682 1750; x_wconf 91' lang='lat' dir='ltr'><strong>qua</strong></span> <span class='ocrx_word' id='word_1_170' title='bbox 1707 1661 1841 1730; x_wconf 89' lang='lat' dir='ltr'><strong>reditus</strong></span> <span class='ocrx_word' id='word_1_171' title='bbox 1864 1664 2061 1739; x_wconf 86' lang='lat' dir='ltr'><strong>liberaliter</strong></span> <span class='ocrx_word' id='word_1_172' title='bbox 2082 1684 2137 1743; x_wconf 92' lang='lat' dir='ltr'><strong>at-</strong></span> 
     </span>
     <span class='ocr_line' id='line_1_15' title="bbox 123 1755 2137 1859; baseline 0.005 -31"><span class='ocrx_word' id='word_1_173' title='bbox 123 1773 261 1830; x_wconf 82' lang='lat' dir='ltr'><strong>vastata</strong></span> <span class='ocrx_word' id='word_1_174' title='bbox 285 1773 387 1829; x_wconf 88' lang='lat' dir='ltr'><strong>esset:</strong></span> <span class='ocrx_word' id='word_1_175' title='bbox 413 1760 615 1850; x_wconf 83' lang='lat' dir='ltr'><strong>interpellat</strong></span> <span class='ocrx_word' id='word_1_176' title='bbox 640 1757 736 1830; x_wconf 91' lang='lat' dir='ltr'><strong>bunc</strong></span> <span class='ocrx_word' id='word_1_177' title='bbox 750 1758 897 1839; x_wconf 90' lang='lat' dir='ltr'><strong>Caesar,</strong></span> <span class='ocrx_word' id='word_1_178' title='bbox 924 1759 1105 1852; x_wconf 85' lang='lat' dir='ltr'><strong>inquiens:</strong></span> <span class='ocrx_word' id='word_1_179' title='bbox 1159 1755 1283 1826; x_wconf 90' lang='lat' dir='ltr'><strong>tributi</strong></span> <span class='ocrx_word' id='word_1_180' title='bbox 1312 1768 1395 1826; x_wconf 88' lang='lat' dir='ltr'><strong>sunt</strong></span> <span class='ocrx_word' id='word_1_181' title='bbox 1423 1759 1545 1827; x_wconf 90' lang='lat' dir='ltr'><strong>multis</strong></span> <span class='ocrx_word' id='word_1_182' title='bbox 1574 1755 1761 1847; x_wconf 86' lang='lat' dir='ltr'><strong>Ecclesiis,</strong></span> <span class='ocrx_word' id='word_1_183' title='bbox 1795 1762 1870 1854; x_wconf 89' lang='lat' dir='ltr'><strong>ipse</strong></span> <span class='ocrx_word' id='word_1_184' title='bbox 1899 1789 2022 1837; x_wconf 87' lang='lat' dir='ltr'><strong>suasor</strong></span> <span class='ocrx_word' id='word_1_185' title='bbox 2047 1773 2137 1859; x_wconf 82' lang='lat' dir='ltr'><strong>fuit,</strong></span> 
     </span>
     <span class='ocr_line' id='line_1_16' title="bbox 122 1857 2187 1950; baseline 0.004 -18"><span class='ocrx_word' id='word_1_186' title='bbox 122 1861 223 1932; x_wconf 88' lang='lat' dir='ltr'><strong>Haec</strong></span> <span class='ocrx_word' id='word_1_187' title='bbox 240 1883 312 1927; x_wconf 95' lang='lat' dir='ltr'><strong>non</strong></span> <span class='ocrx_word' id='word_1_188' title='bbox 329 1859 413 1930; x_wconf 89' lang='lat' dir='ltr'><strong>iussi</strong></span> <span class='ocrx_word' id='word_1_189' title='bbox 430 1874 462 1930; x_wconf 92' lang='lat' dir='ltr'><strong>te</strong></span> <span class='ocrx_word' id='word_1_190' title='bbox 477 1862 603 1930; x_wconf 91' lang='lat' dir='ltr'><strong>dicere.</strong></span> <span class='ocrx_word' id='word_1_191' title='bbox 650 1859 743 1930; x_wconf 90' lang='lat' dir='ltr'><strong>Nolo</strong></span> <span class='ocrx_word' id='word_1_192' title='bbox 762 1861 854 1930; x_wconf 89' lang='lat' dir='ltr'><strong>enirn</strong></span> <span class='ocrx_word' id='word_1_193' title='bbox 870 1861 947 1928; x_wconf 90' lang='lat' dir='ltr'><strong>lieri</strong></span> <span class='ocrx_word' id='word_1_194' title='bbox 962 1859 1107 1930; x_wconf 88' lang='lat' dir='ltr'><strong>vastita—</strong></span> <span class='ocrx_word' id='word_1_195' title='bbox 1157 1879 1309 1950; x_wconf 89' lang='lat' dir='ltr'><strong>cumque</strong></span> <span class='ocrx_word' id='word_1_196' title='bbox 1323 1881 1398 1926; x_wconf 90' lang='lat' dir='ltr'><strong>eam</strong></span> <span class='ocrx_word' id='word_1_197' title='bbox 1414 1857 1622 1930; x_wconf 82' lang='lat' dir='ltr'><strong>labefactare</strong></span> <span class='ocrx_word' id='word_1_198' title='bbox 1636 1860 1850 1935; x_wconf 90' lang='lat' dir='ltr'><strong>antinomica</strong></span> <span class='ocrx_word' id='word_1_199' title='bbox 1866 1867 1973 1939; x_wconf 86' lang='lat' dir='ltr'><strong>factio</strong></span> <span class='ocrx_word' id='word_1_200' title='bbox 1988 1894 2135 1944; x_wconf 88' lang='lat' dir='ltr'><strong>conare·</strong></span> <span class='ocrx_word' id='word_1_201' title='bbox 2180 1902 2187 1912; x_wconf 87' lang='lat'><strong>·</strong></span> 
     </span>
     <span class='ocr_line' id='line_1_17' title="bbox 123 1957 2136 2060; baseline 0.003 -26"><span class='ocrx_word' id='word_1_202' title='bbox 123 1978 198 2034; x_wconf 88' lang='lat' dir='ltr'><strong>tem</strong></span> <span class='ocrx_word' id='word_1_203' title='bbox 219 1962 258 2030; x_wconf 94' lang='lat' dir='ltr'><strong>in</strong></span> <span class='ocrx_word' id='word_1_204' title='bbox 282 1958 495 2042; x_wconf 87' lang='lat' dir='ltr'><strong>Germania,</strong></span> <span class='ocrx_word' id='word_1_205' title='bbox 534 1962 618 2053; x_wconf 88' lang='lat' dir='ltr'><strong>quia</strong></span> <span class='ocrx_word' id='word_1_206' title='bbox 640 1974 675 2030; x_wconf 89' lang='lat' dir='ltr'><strong>et</strong></span> <span class='ocrx_word' id='word_1_207' title='bbox 703 1962 907 2052; x_wconf 82' lang='lat' dir='ltr'><strong>patria-est,</strong></span> <span class='ocrx_word' id='word_1_208' title='bbox 944 1961 1043 2030; x_wconf 88' lang='lat' dir='ltr'><strong>etab</strong></span> <span class='ocrx_word' id='word_1_209' title='bbox 1065 1983 1106 2029; x_wconf 91' lang='lat' dir='ltr'><strong>ea</strong></span> <span class='ocrx_word' id='word_1_210' title='bbox 1157 1971 1234 2042; x_wconf 90' lang='lat' dir='ltr'><strong>tur,</strong></span> <span class='ocrx_word' id='word_1_211' title='bbox 1260 1957 1424 2047; x_wconf 80' lang='lat' dir='ltr'><strong>perfecit,</strong></span> <span class='ocrx_word' id='word_1_212' title='bbox 1449 1973 1489 2030; x_wconf 90' lang='lat' dir='ltr'><strong>ut</strong></span> <span class='ocrx_word' id='word_1_213' title='bbox 1511 1961 1683 2031; x_wconf 89' lang='lat' dir='ltr'><strong>iudicium</strong></span> <span class='ocrx_word' id='word_1_214' title='bbox 1705 1969 1905 2039; x_wconf 87' lang='lat' dir='ltr'><strong>convocatis</strong></span> <span class='ocrx_word' id='word_1_215' title='bbox 1929 1971 1998 2060; x_wconf 90' lang='lat' dir='ltr'><strong>piis</strong></span> <span class='ocrx_word' id='word_1_216' title='bbox 2019 1986 2054 2042; x_wconf 91' lang='lat' dir='ltr'><strong>et</strong></span> <span class='ocrx_word' id='word_1_217' title='bbox 2068 1977 2136 2045; x_wconf 83' lang='lat' dir='ltr'><strong>clo-</strong></span> 
     </span>
     <span class='ocr_line' id='line_1_18' title="bbox 123 2056 2134 2159; baseline -0.007 -23"><span class='ocrx_word' id='word_1_218' title='bbox 123 2085 303 2136; x_wconf 86' lang='lat' dir='ltr'><strong>summum</strong></span> <span class='ocrx_word' id='word_1_219' title='bbox 319 2062 424 2132; x_wconf 90' lang='lat' dir='ltr'><strong>decus</strong></span> <span class='ocrx_word' id='word_1_220' title='bbox 438 2063 567 2152; x_wconf 89' lang='lat' dir='ltr'><strong>accepi.</strong></span> <span class='ocrx_word' id='word_1_221' title='bbox 603 2056 651 2131; x_wconf 84' lang='lat' dir='ltr'><strong>Et</strong></span> <span class='ocrx_word' id='word_1_222' title='bbox 667 2059 863 2151; x_wconf 87' lang='lat' dir='ltr'><strong>Imperator</strong></span> <span class='ocrx_word' id='word_1_223' title='bbox 877 2062 984 2130; x_wconf 89' lang='lat' dir='ltr'><strong>saluti</strong></span> <span class='ocrx_word' id='word_1_224' title='bbox 1007 2061 1106 2130; x_wconf 90' lang='lat' dir='ltr'><strong>orbis</strong></span> <span class='ocrx_word' id='word_1_225' title='bbox 1156 2057 1219 2127; x_wconf 87' lang='lat' dir='ltr'><strong>ctis</strong></span> <span class='ocrx_word' id='word_1_226' title='bbox 1233 2059 1319 2128; x_wconf 90' lang='lat' dir='ltr'><strong>viris</strong></span> <span class='ocrx_word' id='word_1_227' title='bbox 1336 2059 1617 2146; x_wconf 88' lang='lat' dir='ltr'><strong>constitueretur,</strong></span> <span class='ocrx_word' id='word_1_228' title='bbox 1631 2063 1670 2131; x_wconf 93' lang='lat' dir='ltr'><strong>in</strong></span> <span class='ocrx_word' id='word_1_229' title='bbox 1685 2089 1755 2158; x_wconf 93' lang='lat' dir='ltr'><strong>quo</strong></span> <span class='ocrx_word' id='word_1_230' title='bbox 1771 2066 1983 2159; x_wconf 71' lang='lat' dir='ltr'><strong>inspectores</strong></span> <span class='ocrx_word' id='word_1_231' title='bbox 1998 2073 2134 2144; x_wconf 76' lang='lat' dir='ltr'><strong>defensi</strong></span> 
     </span>
     <span class='ocr_line' id='line_1_19' title="bbox 123 2155 2134 2256; baseline -0.01 9"><span class='ocrx_word' id='word_1_232' title='bbox 123 2179 321 2244; x_wconf 53' lang='lat' dir='ltr'>‘emtum’</span> <span class='ocrx_word' id='word_1_233' title='bbox 351 2177 522 2256; x_wconf 62' lang='lat' dir='ltr'><strong>‘1⁰²¹‘stum</strong></span> <span class='ocrx_word' id='word_1_234' title='bbox 554 2175 685 2252; x_wconf 69' lang='lat' dir='ltr'><strong>P⁰¹⁶⁸ls</strong></span> <span class='ocrx_word' id='word_1_235' title='bbox 716 2161 793 2232; x_wconf 72' lang='grc' dir='ltr'><strong>Βθθ</strong></span> <span class='ocrx_word' id='word_1_236' title='bbox 823 2163 983 2245; x_wconf 58' lang='lat' dir='ltr'><strong>iuvante,</strong></span> <span class='ocrx_word' id='word_1_237' title='bbox 1019 2187 1106 2233; x_wconf 79' lang='lat' dir='ltr'><strong>con·</strong></span> <span class='ocrx_word' id='word_1_238' title='bbox 1157 2170 1249 2228; x_wconf 67' lang='lat' dir='ltr'><strong>sunl·</strong></span> <span class='ocrx_word' id='word_1_239' title='bbox 1299 2155 1354 2229; x_wconf 80' lang='lat' dir='ltr'><strong>Ex</strong></span> <span class='ocrx_word' id='word_1_240' title='bbox 1377 2184 1417 2231; x_wconf 80' lang='lat' dir='ltr'><strong>eo</strong></span> <span class='ocrx_word' id='word_1_241' title='bbox 1443 2166 1634 2232; x_wconf 87' lang='lat' dir='ltr'><strong>certamine</strong></span> <span class='ocrx_word' id='word_1_242' title='bbox 1661 2178 1763 2235; x_wconf 88' lang='lat' dir='ltr'><strong>natae</strong></span> <span class='ocrx_word' id='word_1_243' title='bbox 1780 2183 1863 2239; x_wconf 90' lang='lat' dir='ltr'><strong>sunt</strong></span> <span class='ocrx_word' id='word_1_244' title='bbox 1877 2172 2134 2250; x_wconf 86' lang='lat' dir='ltr'><strong>eruditissimae</strong></span> 
     </span>
     <span class='ocr_line' id='line_1_20' title="bbox 122 2259 2133 2355; baseline 0.002 -20"><span class='ocrx_word' id='word_1_245' title='bbox 122 2263 372 2335; x_wconf 86' lang='lat' dir='ltr'><strong>suleredebet.</strong></span> <span class='ocrx_word' id='word_1_246' title='bbox 425 2265 476 2334; x_wconf 87' lang='lat' dir='ltr'><strong>lta</strong></span> <span class='ocrx_word' id='word_1_247' title='bbox 500 2285 620 2355; x_wconf 87' lang='lat' dir='ltr'><strong>pacem</strong></span> <span class='ocrx_word' id='word_1_248' title='bbox 645 2264 749 2333; x_wconf 89' lang='lat' dir='ltr'><strong>certis</strong></span> <span class='ocrx_word' id='word_1_249' title='bbox 770 2264 1037 2334; x_wconf 90' lang='lat' dir='ltr'><strong>conditionibus</strong></span> <span class='ocrx_word' id='word_1_250' title='bbox 1052 2265 1105 2332; x_wconf 86' lang='lat' dir='ltr'><strong>le·</strong></span> <span class='ocrx_word' id='word_1_251' title='bbox 1155 2259 1412 2350; x_wconf 88' lang='lat' dir='ltr'><strong>propositiones</strong></span> <span class='ocrx_word' id='word_1_252' title='bbox 1436 2259 1584 2335; x_wconf 87' lang='lat' dir='ltr'><strong>Lutberi</strong></span> <span class='ocrx_word' id='word_1_253' title='bbox 1607 2263 1971 2343; x_wconf 84' lang='lat' dir='ltr'><strong>contraAntinomos.</strong></span> <span class='ocrx_word' id='word_1_254' title='bbox 2021 2273 2133 2346; x_wconf 85' lang='lat' dir='ltr'><strong>Cum.</strong></span> 
     </span>
    </p>
   </div>
   <div class='ocr_carea' id='block_1_6' title="bbox 117 2363 1104 3265">
    <p class='ocr_par' dir='ltr' id='par_1_7' title="bbox 117 2363 1104 3265">
     <span class='ocr_line' id='line_1_21' title="bbox 122 2363 1103 2458; baseline -0.004 -22"><span class='ocrx_word' id='word_1_255' title='bbox 122 2367 185 2450; x_wconf 90' lang='lat' dir='ltr'><strong>cit,</strong></span> <span class='ocrx_word' id='word_1_256' title='bbox 200 2389 289 2458; x_wconf 92' lang='lat' dir='ltr'><strong>quae</strong></span> <span class='ocrx_word' id='word_1_257' title='bbox 305 2365 449 2434; x_wconf 91' lang='lat' dir='ltr'><strong>duravit</strong></span> <span class='ocrx_word' id='word_1_258' title='bbox 464 2366 508 2435; x_wconf 90' lang='lat' dir='ltr'><strong>ab</strong></span> <span class='ocrx_word' id='word_1_259' title='bbox 523 2387 618 2434; x_wconf 87' lang='lat' dir='ltr'><strong>anno</strong></span> <span class='ocrx_word' id='word_1_260' title='bbox 634 2363 812 2434; x_wconf 87' lang='lat' dir='ltr'><strong>tricesimo</strong></span> <span class='ocrx_word' id='word_1_261' title='bbox 830 2389 940 2457; x_wconf 92' lang='lat' dir='ltr'><strong>usque</strong></span> <span class='ocrx_word' id='word_1_262' title='bbox 956 2367 999 2434; x_wconf 87' lang='lat' dir='ltr'><strong>acl</strong></span> <span class='ocrx_word' id='word_1_263' title='bbox 1015 2387 1103 2458; x_wconf 90' lang='lat' dir='ltr'><strong>qua-</strong></span> 
     </span>
     <span class='ocr_line' id='line_1_22' title="bbox 121 2463 1104 2554; baseline -0.004 -18"><span class='ocrx_word' id='word_1_264' title='bbox 121 2466 360 2554; x_wconf 84' lang='lat' dir='ltr'><strong>dragesimum</strong></span> <span class='ocrx_word' id='word_1_265' title='bbox 378 2481 526 2538; x_wconf 86' lang='lat' dir='ltr'><strong>sextum.</strong></span> <span class='ocrx_word' id='word_1_266' title='bbox 577 2463 658 2532; x_wconf 89' lang='lat' dir='ltr'><strong>Non</strong></span> <span class='ocrx_word' id='word_1_267' title='bbox 675 2467 819 2535; x_wconf 89' lang='lat' dir='ltr'><strong>conlero</strong></span> <span class='ocrx_word' id='word_1_268' title='bbox 834 2479 1014 2536; x_wconf 87' lang='lat' dir='ltr'><strong>oratorum</strong></span> <span class='ocrx_word' id='word_1_269' title='bbox 1030 2465 1104 2533; x_wconf 91' lang='lat' dir='ltr'><strong>elo-</strong></span> 
     </span>
     <span class='ocr_line' id='line_1_23' title="bbox 124 2564 1102 2660; baseline 0 -24"><span class='ocrx_word' id='word_1_270' title='bbox 124 2567 318 2660; x_wconf 89' lang='lat' dir='ltr'><strong>quentiam,</strong></span> <span class='ocrx_word' id='word_1_271' title='bbox 343 2567 507 2636; x_wconf 89' lang='lat' dir='ltr'><strong>materias</strong></span> <span class='ocrx_word' id='word_1_272' title='bbox 520 2566 674 2638; x_wconf 85' lang='lat' dir='ltr'><strong>consero.</strong></span> <span class='ocrx_word' id='word_1_273' title='bbox 726 2564 944 2656; x_wconf 87' lang='lat' dir='ltr'><strong>Consumpta</strong></span> <span class='ocrx_word' id='word_1_274' title='bbox 961 2579 1013 2636; x_wconf 89' lang='lat' dir='ltr'><strong>est</strong></span> <span class='ocrx_word' id='word_1_275' title='bbox 1026 2567 1102 2636; x_wconf 92' lang='lat' dir='ltr'><strong>elo·</strong></span> 
     </span>
     <span class='ocr_line' id='line_1_24' title="bbox 120 2662 1104 2760; baseline -0.004 -23"><span class='ocrx_word' id='word_1_276' title='bbox 120 2666 266 2760; x_wconf 90' lang='lat' dir='ltr'><strong>quentia</strong></span> <span class='ocrx_word' id='word_1_277' title='bbox 282 2664 449 2752; x_wconf 89' lang='lat' dir='ltr'><strong>Periclis,</strong></span> <span class='ocrx_word' id='word_1_278' title='bbox 473 2662 741 2746; x_wconf 88' lang='lat' dir='ltr'><strong>Demosthenis,</strong></span> <span class='ocrx_word' id='word_1_279' title='bbox 766 2664 967 2748; x_wconf 91' lang='lat' dir='ltr'><strong>Ciceronis,</strong></span> <span class='ocrx_word' id='word_1_280' title='bbox 991 2668 1029 2734; x_wconf 96' lang='lat' dir='ltr'><strong>in</strong></span> <span class='ocrx_word' id='word_1_281' title='bbox 1045 2668 1104 2734; x_wconf 95' lang='lat' dir='ltr'><strong>in-</strong></span> 
     </span>
     <span class='ocr_line' id='line_1_25' title="bbox 120 2765 1103 2854; baseline -0.006 -14"><span class='ocrx_word' id='word_1_282' title='bbox 120 2767 275 2840; x_wconf 86' lang='lat' dir='ltr'><strong>citandis</strong></span> <span class='ocrx_word' id='word_1_283' title='bbox 296 2765 433 2836; x_wconf 90' lang='lat' dir='ltr'><strong>civibus</strong></span> <span class='ocrx_word' id='word_1_284' title='bbox 457 2769 501 2837; x_wconf 89' lang='lat' dir='ltr'><strong>ad</strong></span> <span class='ocrx_word' id='word_1_285' title='bbox 524 2769 627 2840; x_wconf 90' lang='lat' dir='ltr'><strong>bella.</strong></span> <span class='ocrx_word' id='word_1_286' title='bbox 690 2765 836 2854; x_wconf 85' lang='lat' dir='ltr'><strong>Quanto</strong></span> <span class='ocrx_word' id='word_1_287' title='bbox 862 2768 974 2836; x_wconf 90' lang='lat' dir='ltr'><strong>maius</strong></span> <span class='ocrx_word' id='word_1_288' title='bbox 996 2767 1103 2836; x_wconf 91' lang='lat' dir='ltr'><strong>decus</strong></span> 
     </span>
     <span class='ocr_line' id='line_1_26' title="bbox 120 2867 1101 2962; baseline -0.002 -22"><span class='ocrx_word' id='word_1_289' title='bbox 120 2885 185 2950; x_wconf 89' lang='lat' dir='ltr'><strong>est,</strong></span> <span class='ocrx_word' id='word_1_290' title='bbox 202 2867 439 2962; x_wconf 87' lang='lat' dir='ltr'><strong>eloquentiam</strong></span> <span class='ocrx_word' id='word_1_291' title='bbox 456 2871 614 2940; x_wconf 86' lang='lat' dir='ltr'><strong>conlerre</strong></span> <span class='ocrx_word' id='word_1_292' title='bbox 630 2869 674 2937; x_wconf 88' lang='lat' dir='ltr'><strong>ad</strong></span> <span class='ocrx_word' id='word_1_293' title='bbox 691 2868 939 2938; x_wconf 89' lang='lat' dir='ltr'><strong>illustrandam</strong></span> <span class='ocrx_word' id='word_1_294' title='bbox 953 2867 1101 2956; x_wconf 85' lang='lat' dir='ltr'><strong>gloriam</strong></span> 
     </span>
     <span class='ocr_line' id='line_1_27' title="bbox 119 2964 1102 3060; baseline -0.005 -20"><span class='ocrx_word' id='word_1_295' title='bbox 119 2971 187 3040; x_wconf 90' lang='lat' dir='ltr'><strong>lilii</strong></span> <span class='ocrx_word' id='word_1_296' title='bbox 200 2966 286 3054; x_wconf 92' lang='lat' dir='ltr'><strong>Dei,</strong></span> <span class='ocrx_word' id='word_1_297' title='bbox 312 2970 356 3038; x_wconf 89' lang='lat' dir='ltr'><strong>ad</strong></span> <span class='ocrx_word' id='word_1_298' title='bbox 373 2964 549 3040; x_wconf 85' lang='lat' dir='ltr'><strong>Ecclesiae</strong></span> <span class='ocrx_word' id='word_1_299' title='bbox 573 2981 607 3040; x_wconf 95' lang='lat' dir='ltr'><strong>et</strong></span> <span class='ocrx_word' id='word_1_300' title='bbox 629 2969 763 3060; x_wconf 84' lang='lat' dir='ltr'><strong>patriae</strong></span> <span class='ocrx_word' id='word_1_301' title='bbox 788 2993 926 3060; x_wconf 91' lang='lat' dir='ltr'><strong>pacem:</strong></span> <span class='ocrx_word' id='word_1_302' title='bbox 953 2970 992 3039; x_wconf 91' lang='lat' dir='ltr'><strong>in</strong></span> <span class='ocrx_word' id='word_1_303' title='bbox 1021 2969 1102 3060; x_wconf 93' lang='lat' dir='ltr'><strong>qui-</strong></span> 
     </span>
     <span class='ocr_line' id='line_1_28' title="bbox 118 3068 1097 3163; baseline -0.006 -20"><span class='ocrx_word' id='word_1_304' title='bbox 118 3075 188 3144; x_wconf 89' lang='lat' dir='ltr'><strong>bus</strong></span> <span class='ocrx_word' id='word_1_305' title='bbox 209 3073 315 3140; x_wconf 88' lang='lat' dir='ltr'><strong>rebus</strong></span> <span class='ocrx_word' id='word_1_306' title='bbox 335 3073 520 3163; x_wconf 87' lang='lat' dir='ltr'><strong>praecipue</strong></span> <span class='ocrx_word' id='word_1_307' title='bbox 542 3069 649 3144; x_wconf 88' lang='lat' dir='ltr'><strong>totius</strong></span> <span class='ocrx_word' id='word_1_308' title='bbox 674 3068 828 3140; x_wconf 91' lang='lat' dir='ltr'><strong>Pontani</strong></span> <span class='ocrx_word' id='word_1_309' title='bbox 856 3094 979 3141; x_wconf 91' lang='lat' dir='ltr'><strong>cursus</strong></span> <span class='ocrx_word' id='word_1_310' title='bbox 1011 3093 1097 3140; x_wconf 91' lang='lat' dir='ltr'><strong>con-</strong></span> 
     </span>
     <span class='ocr_line' id='line_1_29' title="bbox 117 3185 367 3265; baseline 0.008 -21"><span class='ocrx_word' id='word_1_311' title='bbox 117 3186 282 3265; x_wconf 85' lang='lat' dir='ltr'><strong>sumptus</strong></span> <span class='ocrx_word' id='word_1_312' title='bbox 304 3185 367 3246; x_wconf 86' lang='lat' dir='ltr'><strong>est.</strong></span> 
     </span>
    </p>
   </div>
   <div class='ocr_carea' id='block_1_7' title="bbox 116 3303 1101 4510">
    <p class='ocr_par' dir='ltr' id='par_1_8' title="bbox 116 3303 1101 4510">
     <span class='ocr_line' id='line_1_30' title="bbox 223 3303 1100 3378; baseline -0.007 0"><span class='ocrx_word' id='word_1_313' title='bbox 223 3305 319 3378; x_wconf 87' lang='lat' dir='ltr'><strong>Ante</strong></span> <span class='ocrx_word' id='word_1_314' title='bbox 340 3305 557 3376; x_wconf 87' lang='lat' dir='ltr'><strong>tricesimum</strong></span> <span class='ocrx_word' id='word_1_315' title='bbox 587 3329 721 3376; x_wconf 91' lang='lat' dir='ltr'><strong>annum</strong></span> <span class='ocrx_word' id='word_1_316' title='bbox 750 3303 997 3374; x_wconf 82' lang='lat' dir='ltr'><strong>commenticio</strong></span> <span class='ocrx_word' id='word_1_317' title='bbox 1026 3303 1100 3372; x_wconf 81' lang='lat' dir='ltr'><strong>ioe-</strong></span> 
     </span>
     <span class='ocr_line' id='line_1_31' title="bbox 120 3400 1101 3498; baseline -0.009 -18"><span class='ocrx_word' id='word_1_318' title='bbox 120 3411 206 3480; x_wconf 89' lang='lat' dir='ltr'><strong>dere</strong></span> <span class='ocrx_word' id='word_1_319' title='bbox 221 3406 407 3498; x_wconf 91' lang='lat' dir='ltr'><strong>Principes</strong></span> <span class='ocrx_word' id='word_1_320' title='bbox 432 3407 542 3489; x_wconf 90' lang='lat' dir='ltr'><strong>moti,</strong></span> <span class='ocrx_word' id='word_1_321' title='bbox 572 3429 669 3476; x_wconf 89' lang='lat' dir='ltr'><strong>arma</strong></span> <span class='ocrx_word' id='word_1_322' title='bbox 697 3419 876 3497; x_wconf 88' lang='lat' dir='ltr'><strong>ceperunt.</strong></span> <span class='ocrx_word' id='word_1_323' title='bbox 927 3400 1016 3474; x_wconf 85' lang='lat' dir='ltr'><strong>Erat</strong></span> <span class='ocrx_word' id='word_1_324' title='bbox 1038 3425 1101 3494; x_wconf 90' lang='lat' dir='ltr'><strong>pa·</strong></span> 
     </span>
     <span class='ocr_line' id='line_1_32' title="bbox 119 3504 1100 3580; baseline -0.008 0"><span class='ocrx_word' id='word_1_325' title='bbox 119 3512 222 3580; x_wconf 90' lang='lat' dir='ltr'><strong>nicus</strong></span> <span class='ocrx_word' id='word_1_326' title='bbox 245 3523 360 3578; x_wconf 92' lang='lat' dir='ltr'><strong>terror</strong></span> <span class='ocrx_word' id='word_1_327' title='bbox 383 3508 568 3576; x_wconf 89' lang='lat' dir='ltr'><strong>universae</strong></span> <span class='ocrx_word' id='word_1_328' title='bbox 585 3505 799 3577; x_wconf 87' lang='lat' dir='ltr'><strong>Germaniae</strong></span> <span class='ocrx_word' id='word_1_329' title='bbox 823 3506 999 3575; x_wconf 91' lang='lat' dir='ltr'><strong>incussus:</strong></span> <span class='ocrx_word' id='word_1_330' title='bbox 1038 3504 1100 3574; x_wconf 92' lang='lat' dir='ltr'><strong>sed</strong></span> 
     </span>
     <span class='ocr_line' id='line_1_33' title="bbox 117 3605 1101 3702; baseline -0.01 -20"><span class='ocrx_word' id='word_1_331' title='bbox 117 3637 157 3682; x_wconf 88' lang='lat' dir='ltr'><strong>re</strong></span> <span class='ocrx_word' id='word_1_332' title='bbox 179 3609 348 3702; x_wconf 88' lang='lat' dir='ltr'><strong>inquisita</strong></span> <span class='ocrx_word' id='word_1_333' title='bbox 373 3607 527 3677; x_wconf 90' lang='lat' dir='ltr'><strong>Pontani</strong></span> <span class='ocrx_word' id='word_1_334' title='bbox 549 3609 733 3698; x_wconf 83' lang='lat' dir='ltr'><strong>diligentia</strong></span> <span class='ocrx_word' id='word_1_335' title='bbox 761 3606 934 3676; x_wconf 86' lang='lat' dir='ltr'><strong>exercitus</strong></span> <span class='ocrx_word' id='word_1_336' title='bbox 964 3605 1101 3675; x_wconf 89' lang='lat' dir='ltr'><strong>dimissi</strong></span> 
     </span>
     <span class='ocr_line' id='line_1_34' title="bbox 118 3704 1098 3800; baseline -0.009 -17"><span class='ocrx_word' id='word_1_337' title='bbox 118 3726 221 3795; x_wconf 82' lang='lat' dir='ltr'><strong>scant,</strong></span> <span class='ocrx_word' id='word_1_338' title='bbox 254 3725 288 3781; x_wconf 88' lang='lat' dir='ltr'><strong>et</strong></span> <span class='ocrx_word' id='word_1_339' title='bbox 319 3710 491 3780; x_wconf 88' lang='lat' dir='ltr'><strong>tumultus</strong></span> <span class='ocrx_word' id='word_1_340' title='bbox 520 3709 623 3800; x_wconf 86' lang='lat' dir='ltr'><strong>initia</strong></span> <span class='ocrx_word' id='word_1_341' title='bbox 656 3711 774 3778; x_wconf 89' lang='lat' dir='ltr'><strong>sedata</strong></span> <span class='ocrx_word' id='word_1_342' title='bbox 802 3721 896 3777; x_wconf 90' lang='lat' dir='ltr'><strong>sunt.</strong></span> <span class='ocrx_word' id='word_1_343' title='bbox 954 3704 1098 3775; x_wconf 89' lang='lat' dir='ltr'><strong>Possem</strong></span> 
     </span>
     <span class='ocr_line' id='line_1_35' title="bbox 119 3808 1099 3907; baseline -0.006 -23"><span class='ocrx_word' id='word_1_344' title='bbox 119 3817 226 3907; x_wconf 90' lang='lat' dir='ltr'><strong>plura</strong></span> <span class='ocrx_word' id='word_1_345' title='bbox 257 3811 416 3899; x_wconf 87' lang='lat' dir='ltr'><strong>exempla</strong></span> <span class='ocrx_word' id='word_1_346' title='bbox 440 3808 647 3880; x_wconf 90' lang='lat' dir='ltr'><strong>salutarium</strong></span> <span class='ocrx_word' id='word_1_347' title='bbox 676 3811 906 3879; x_wconf 86' lang='lat' dir='ltr'><strong>consiliorum</strong></span> <span class='ocrx_word' id='word_1_348' title='bbox 940 3808 1099 3879; x_wconf 84' lang='lat' dir='ltr'><strong>recitare.</strong></span> 
     </span>
     <span class='ocr_line' id='line_1_36' title="bbox 118 3908 1099 4005; baseline -0.01 -19"><span class='ocrx_word' id='word_1_349' title='bbox 118 3915 364 4005; x_wconf 81' lang='lat' dir='ltr'><strong>Agnoscamus</strong></span> <span class='ocrx_word' id='word_1_350' title='bbox 385 3923 502 3980; x_wconf 85' lang='lat' dir='ltr'><strong>autern</strong></span> <span class='ocrx_word' id='word_1_351' title='bbox 522 3911 562 3978; x_wconf 93' lang='lat' dir='ltr'><strong>in</strong></span> <span class='ocrx_word' id='word_1_352' title='bbox 582 3912 689 3980; x_wconf 89' lang='lat' dir='ltr'><strong>rebus</strong></span> <span class='ocrx_word' id='word_1_353' title='bbox 712 3910 821 3980; x_wconf 90' lang='lat' dir='ltr'><strong>tantis</strong></span> <span class='ocrx_word' id='word_1_354' title='bbox 851 3908 1012 3979; x_wconf 85' lang='lat' dir='ltr'><strong>soelicem</strong></span> <span class='ocrx_word' id='word_1_355' title='bbox 1043 3931 1099 3977; x_wconf 89' lang='lat' dir='ltr'><strong>sa-</strong></span> 
     </span>
     <span class='ocr_line' id='line_1_37' title="bbox 116 4009 1100 4107; baseline -0.008 -22"><span class='ocrx_word' id='word_1_356' title='bbox 116 4015 291 4107; x_wconf 89' lang='lat' dir='ltr'><strong>pientiam</strong></span> <span class='ocrx_word' id='word_1_357' title='bbox 308 4009 376 4081; x_wconf 89' lang='lat' dir='ltr'><strong>Dei</strong></span> <span class='ocrx_word' id='word_1_358' title='bbox 390 4011 599 4081; x_wconf 87' lang='lat' dir='ltr'><strong>beneficium</strong></span> <span class='ocrx_word' id='word_1_359' title='bbox 614 4034 705 4097; x_wconf 89' lang='lat' dir='ltr'><strong>esse,</strong></span> <span class='ocrx_word' id='word_1_360' title='bbox 729 4025 764 4082; x_wconf 89' lang='lat' dir='ltr'><strong>et</strong></span> <span class='ocrx_word' id='word_1_361' title='bbox 778 4011 852 4083; x_wconf 90' lang='lat' dir='ltr'><strong>Deo</strong></span> <span class='ocrx_word' id='word_1_362' title='bbox 876 4010 1003 4099; x_wconf 89' lang='lat' dir='ltr'><strong>gratias</strong></span> <span class='ocrx_word' id='word_1_363' title='bbox 1017 4031 1100 4098; x_wconf 86' lang='lat' dir='ltr'><strong>aga·</strong></span> 
     </span>
     <span class='ocr_line' id='line_1_38' title="bbox 117 4107 1100 4200; baseline -0.009 -13"><span class='ocrx_word' id='word_1_364' title='bbox 117 4139 208 4187; x_wconf 89' lang='lat' dir='ltr'><strong>mus.</strong></span> <span class='ocrx_word' id='word_1_365' title='bbox 264 4111 401 4182; x_wconf 91' lang='lat' dir='ltr'><strong>Tamen</strong></span> <span class='ocrx_word' id='word_1_366' title='bbox 416 4125 451 4181; x_wconf 92' lang='lat' dir='ltr'><strong>et</strong></span> <span class='ocrx_word' id='word_1_367' title='bbox 466 4113 608 4200; x_wconf 86' lang='lat' dir='ltr'><strong>organis</strong></span> <span class='ocrx_word' id='word_1_368' title='bbox 623 4109 690 4182; x_wconf 92' lang='lat' dir='ltr'><strong>Dei</strong></span> <span class='ocrx_word' id='word_1_369' title='bbox 705 4134 791 4183; x_wconf 92' lang='lat' dir='ltr'><strong>suus</strong></span> <span class='ocrx_word' id='word_1_370' title='bbox 807 4107 921 4180; x_wconf 91' lang='lat' dir='ltr'><strong>bonos</strong></span> <span class='ocrx_word' id='word_1_371' title='bbox 938 4112 1100 4194; x_wconf 90' lang='lat' dir='ltr'><strong>debetur,</strong></span> 
     </span>
     <span class='ocr_line' id='line_1_39' title="bbox 118 4210 1099 4304; baseline -0.006 -18"><span class='ocrx_word' id='word_1_372' title='bbox 118 4231 153 4288; x_wconf 90' lang='lat' dir='ltr'><strong>et</strong></span> <span class='ocrx_word' id='word_1_373' title='bbox 168 4241 234 4286; x_wconf 90' lang='lat' dir='ltr'><strong>suo</strong></span> <span class='ocrx_word' id='word_1_374' title='bbox 254 4215 332 4282; x_wconf 92' lang='lat' dir='ltr'><strong>loco</strong></span> <span class='ocrx_word' id='word_1_375' title='bbox 350 4211 484 4282; x_wconf 91' lang='lat' dir='ltr'><strong>dictum</strong></span> <span class='ocrx_word' id='word_1_376' title='bbox 498 4210 685 4304; x_wconf 83' lang='lat' dir='ltr'><strong>Euripidis</strong></span> <span class='ocrx_word' id='word_1_377' title='bbox 702 4213 880 4303; x_wconf 90' lang='lat' dir='ltr'><strong>congruit:</strong></span> <span class='ocrx_word' id='word_1_378' title='bbox 906 4210 1099 4302; x_wconf 88' lang='lat' dir='ltr'><strong>Praecipua</strong></span> 
     </span>
     <span class='ocr_line' id='line_1_40' title="bbox 117 4311 1099 4407; baseline -0.008 -19"><span class='ocrx_word' id='word_1_379' title='bbox 117 4321 225 4388; x_wconf 86' lang='lat' dir='ltr'><strong>laude</strong></span> <span class='ocrx_word' id='word_1_380' title='bbox 243 4315 353 4384; x_wconf 79' lang='lat' dir='ltr'><strong>cis-ern</strong></span> <span class='ocrx_word' id='word_1_381' title='bbox 370 4315 517 4402; x_wconf 88' lang='lat' dir='ltr'><strong>dignum</strong></span> <span class='ocrx_word' id='word_1_382' title='bbox 533 4337 618 4396; x_wconf 89' lang='lat' dir='ltr'><strong>esse,</strong></span> <span class='ocrx_word' id='word_1_383' title='bbox 634 4336 708 4382; x_wconf 91' lang='lat' dir='ltr'><strong>non</strong></span> <span class='ocrx_word' id='word_1_384' title='bbox 724 4316 786 4407; x_wconf 91' lang='lat' dir='ltr'><strong>qui</strong></span> <span class='ocrx_word' id='word_1_385' title='bbox 804 4313 840 4380; x_wconf 95' lang='lat' dir='ltr'><strong>in</strong></span> <span class='ocrx_word' id='word_1_386' title='bbox 857 4311 1005 4381; x_wconf 90' lang='lat' dir='ltr'><strong>ludicris</strong></span> <span class='ocrx_word' id='word_1_387' title='bbox 1020 4335 1099 4403; x_wconf 89' lang='lat' dir='ltr'><strong>spe·</strong></span> 
     </span>
     <span class='ocr_line' id='line_1_41' title="bbox 119 4405 1036 4510; baseline -0.007 -21"><span class='ocrx_word' id='word_1_388' title='bbox 119 4418 268 4491; x_wconf 89' lang='lat' dir='ltr'><strong>ctaculis</strong></span> <span class='ocrx_word' id='word_1_389' title='bbox 284 4415 483 4490; x_wconf 88' lang='lat' dir='ltr'><strong>antecellit:</strong></span> <span class='ocrx_word' id='word_1_390' title='bbox 506 4409 600 4486; x_wconf 71' lang='grc' dir='ltr'><strong>ἀλλὰ</strong></span> <span class='ocrx_word' id='word_1_391' title='bbox 615 4407 740 4506; x_wconf 83' lang='grc' dir='ltr'><em>μάχας</em></span> <span class='ocrx_word' id='word_1_392' title='bbox 752 4405 911 4486; x_wconf 78' lang='grc' dir='ltr'><em>κωλύων</em></span> <span class='ocrx_word' id='word_1_393' title='bbox 925 4405 1036 4510; x_wconf 75' lang='grc' dir='ltr'><strong><em>λόγῳ.</em></strong></span> 
     </span>
    </p>
   </div>
   <div class='ocr_carea' id='block_1_8' title="bbox 115 4548 1103 5448">
    <p class='ocr_par' dir='ltr' id='par_1_9' title="bbox 115 4548 1103 5448">
     <span class='ocr_line' id='line_1_42' title="bbox 221 4548 1101 4620; baseline -0.007 0"><span class='ocrx_word' id='word_1_394' title='bbox 221 4549 315 4620; x_wconf 85' lang='grc' dir='ltr'><strong>ΝοΙο</strong></span> <span class='ocrx_word' id='word_1_395' title='bbox 331 4561 448 4620; x_wconf 90' lang='lat' dir='ltr'><strong>autern</strong></span> <span class='ocrx_word' id='word_1_396' title='bbox 465 4548 612 4618; x_wconf 87' lang='lat' dir='ltr'><strong>vulnera</strong></span> <span class='ocrx_word' id='word_1_397' title='bbox 628 4559 750 4616; x_wconf 87' lang='lat' dir='ltr'><strong>nostra</strong></span> <span class='ocrx_word' id='word_1_398' title='bbox 773 4553 990 4615; x_wconf 83' lang='lat' dir='ltr'><strong>contrectare</strong></span> <span class='ocrx_word' id='word_1_399' title='bbox 1004 4568 1101 4614; x_wconf 92' lang='lat' dir='ltr'><strong>com-</strong></span> 
     </span>
     <span class='ocr_line' id='line_1_43' title="bbox 117 4644 1101 4744; baseline -0.005 -19"><span class='ocrx_word' id='word_1_400' title='bbox 117 4652 378 4725; x_wconf 87' lang='lat' dir='ltr'><strong>memoratione</strong></span> <span class='ocrx_word' id='word_1_401' title='bbox 399 4648 504 4734; x_wconf 89' lang='lat' dir='ltr'><strong>belli,</strong></span> <span class='ocrx_word' id='word_1_402' title='bbox 529 4649 624 4744; x_wconf 91' lang='lat' dir='ltr'><strong>quod</strong></span> <span class='ocrx_word' id='word_1_403' title='bbox 647 4671 743 4718; x_wconf 88' lang='lat' dir='ltr'><strong>anno</strong></span> <span class='ocrx_word' id='word_1_404' title='bbox 768 4644 831 4716; x_wconf 83' lang='lat'><strong>46.</strong></span> <span class='ocrx_word' id='word_1_405' title='bbox 856 4657 1014 4717; x_wconf 89' lang='lat' dir='ltr'><strong>secutum</strong></span> <span class='ocrx_word' id='word_1_406' title='bbox 1038 4659 1101 4720; x_wconf 88' lang='lat' dir='ltr'><strong>est.</strong></span> 
     </span>
     <span class='ocr_line' id='line_1_44' title="bbox 116 4747 1103 4843; baseline -0.011 -16"><span class='ocrx_word' id='word_1_407' title='bbox 116 4755 279 4826; x_wconf 82' lang='lat' dir='ltr'><strong>Tantum</strong></span> <span class='ocrx_word' id='word_1_408' title='bbox 300 4747 367 4820; x_wconf 91' lang='lat' dir='ltr'><strong>boc</strong></span> <span class='ocrx_word' id='word_1_409' title='bbox 389 4751 527 4834; x_wconf 90' lang='lat' dir='ltr'><strong>dicam,</strong></span> <span class='ocrx_word' id='word_1_410' title='bbox 559 4751 654 4843; x_wconf 92' lang='lat' dir='ltr'><strong>quod</strong></span> <span class='ocrx_word' id='word_1_411' title='bbox 676 4749 747 4818; x_wconf 90' lang='lat' dir='ltr'><strong>scio</strong></span> <span class='ocrx_word' id='word_1_412' title='bbox 773 4771 854 4818; x_wconf 89' lang='lat' dir='ltr'><strong>eum</strong></span> <span class='ocrx_word' id='word_1_413' title='bbox 869 4748 907 4816; x_wconf 91' lang='lat' dir='ltr'><strong>in</strong></span> <span class='ocrx_word' id='word_1_414' title='bbox 927 4747 1103 4818; x_wconf 89' lang='lat' dir='ltr'><strong>delibera·</strong></span> 
     </span>
     <span class='ocr_line' id='line_1_45' title="bbox 115 4846 1101 4942; baseline -0.009 -17"><span class='ocrx_word' id='word_1_415' title='bbox 115 4859 216 4926; x_wconf 91' lang='lat' dir='ltr'><strong>tione</strong></span> <span class='ocrx_word' id='word_1_416' title='bbox 231 4854 292 4922; x_wconf 86' lang='lat' dir='ltr'><strong>illa</strong></span> <span class='ocrx_word' id='word_1_417' title='bbox 309 4851 455 4923; x_wconf 84' lang='lat' dir='ltr'><strong>dixisse:</strong></span> <span class='ocrx_word' id='word_1_418' title='bbox 479 4847 655 4923; x_wconf 86' lang='lat' dir='ltr'><strong>Comitem</strong></span> <span class='ocrx_word' id='word_1_419' title='bbox 669 4872 707 4919; x_wconf 90' lang='lat' dir='ltr'><strong>se</strong></span> <span class='ocrx_word' id='word_1_420' title='bbox 719 4846 1101 4942; x_wconf 85' lang='lat' dir='ltr'><strong>fortunaePrincipum</strong></span> 
     </span>
     <span class='ocr_line' id='line_1_46' title="bbox 117 4948 1100 5047; baseline -0.008 -23"><span class='ocrx_word' id='word_1_421' title='bbox 117 4959 214 5040; x_wconf 82' lang='lat' dir='ltr'><strong>lore,</strong></span> <span class='ocrx_word' id='word_1_422' title='bbox 240 4953 496 5047; x_wconf 89' lang='lat' dir='ltr'><strong>qualiscunque</strong></span> <span class='ocrx_word' id='word_1_423' title='bbox 510 4967 655 5024; x_wconf 88' lang='lat' dir='ltr'><strong>eventus</strong></span> <span class='ocrx_word' id='word_1_424' title='bbox 671 4965 770 5021; x_wconf 90' lang='lat' dir='ltr'><strong>esset.</strong></span> <span class='ocrx_word' id='word_1_425' title='bbox 810 4948 904 5019; x_wconf 91' lang='lat' dir='ltr'><strong>Belli</strong></span> <span class='ocrx_word' id='word_1_426' title='bbox 921 4972 1100 5020; x_wconf 88' lang='lat' dir='ltr'><strong>suasorem</strong></span> 
     </span>
     <span class='ocr_line' id='line_1_47' title="bbox 120 5051 1101 5146; baseline -0.009 -20"><span class='ocrx_word' id='word_1_427' title='bbox 120 5083 195 5127; x_wconf 76' lang='lat' dir='ltr'><strong>raon</strong></span> <span class='ocrx_word' id='word_1_428' title='bbox 219 5057 307 5127; x_wconf 88' lang='lat' dir='ltr'><strong>lore.</strong></span> <span class='ocrx_word' id='word_1_429' title='bbox 359 5051 411 5124; x_wconf 80' lang='lat' dir='ltr'><strong>Ac</strong></span> <span class='ocrx_word' id='word_1_430' title='bbox 431 5054 460 5123; x_wconf 88' lang='lat' dir='ltr'><strong>si</strong></span> <span class='ocrx_word' id='word_1_431' title='bbox 482 5056 562 5146; x_wconf 89' lang='lat' dir='ltr'><strong>quis</strong></span> <span class='ocrx_word' id='word_1_432' title='bbox 585 5055 694 5126; x_wconf 90' lang='lat' dir='ltr'><strong>multa</strong></span> <span class='ocrx_word' id='word_1_433' title='bbox 720 5052 878 5141; x_wconf 85' lang='lat' dir='ltr'><strong>disputat</strong></span> <span class='ocrx_word' id='word_1_434' title='bbox 897 5051 945 5120; x_wconf 86' lang='lat' dir='ltr'><strong>de</strong></span> <span class='ocrx_word' id='word_1_435' title='bbox 959 5075 1101 5142; x_wconf 90' lang='lat' dir='ltr'><strong>praece-</strong></span> 
     </span>
     <span class='ocr_line' id='line_1_48' title="bbox 120 5146 1102 5240; baseline -0.009 -12"><span class='ocrx_word' id='word_1_436' title='bbox 120 5157 292 5228; x_wconf 86' lang='lat' dir='ltr'><strong>dentibus</strong></span> <span class='ocrx_word' id='word_1_437' title='bbox 313 5155 576 5237; x_wconf 89' lang='lat' dir='ltr'><strong>occasionibus,</strong></span> <span class='ocrx_word' id='word_1_438' title='bbox 602 5156 632 5222; x_wconf 87' lang='lat' dir='ltr'><strong>is</strong></span> <span class='ocrx_word' id='word_1_439' title='bbox 655 5154 792 5240; x_wconf 88' lang='lat' dir='ltr'><strong>cogitet·</strong></span> <span class='ocrx_word' id='word_1_440' title='bbox 807 5175 872 5221; x_wconf 91' lang='lat' dir='ltr'><strong>nos</strong></span> <span class='ocrx_word' id='word_1_441' title='bbox 888 5152 959 5221; x_wconf 90' lang='lat' dir='ltr'><strong>iam</strong></span> <span class='ocrx_word' id='word_1_442' title='bbox 977 5155 1020 5220; x_wconf 91' lang='lat' dir='ltr'><strong>de</strong></span> <span class='ocrx_word' id='word_1_443' title='bbox 1036 5146 1102 5219; x_wconf 92' lang='lat' dir='ltr'><strong>bo-</strong></span> 
     </span>
     <span class='ocr_line' id='line_1_49' title="bbox 120 5252 1102 5349; baseline -0.003 -22"><span class='ocrx_word' id='word_1_444' title='bbox 120 5258 283 5328; x_wconf 86' lang='lat' dir='ltr'><strong>minibus</strong></span> <span class='ocrx_word' id='word_1_445' title='bbox 298 5256 409 5349; x_wconf 89' lang='lat' dir='ltr'><strong>loqui,</strong></span> <span class='ocrx_word' id='word_1_446' title='bbox 436 5256 474 5323; x_wconf 92' lang='lat' dir='ltr'><strong>in</strong></span> <span class='ocrx_word' id='word_1_447' title='bbox 492 5255 621 5348; x_wconf 89' lang='lat' dir='ltr'><strong>quibus</strong></span> <span class='ocrx_word' id='word_1_448' title='bbox 636 5255 820 5342; x_wconf 87' lang='lat' dir='ltr'><strong>multiplex</strong></span> <span class='ocrx_word' id='word_1_449' title='bbox 837 5264 889 5323; x_wconf 89' lang='lat' dir='ltr'><strong>est</strong></span> <span class='ocrx_word' id='word_1_450' title='bbox 903 5252 1102 5324; x_wconf 81' lang='lat' dir='ltr'><strong>infirmitas.</strong></span> 
     </span>
     <span class='ocr_line' id='line_1_50' title="bbox 122 5353 1102 5448; baseline -0.007 -19"><span class='ocrx_word' id='word_1_451' title='bbox 122 5361 198 5429; x_wconf 87' lang='lat' dir='ltr'><strong>bno</strong></span> <span class='ocrx_word' id='word_1_452' title='bbox 215 5357 347 5446; x_wconf 89' lang='lat' dir='ltr'><strong>singuli</strong></span> <span class='ocrx_word' id='word_1_453' title='bbox 363 5357 557 5448; x_wconf 88' lang='lat' dir='ltr'><strong>cogitemus</strong></span> <span class='ocrx_word' id='word_1_454' title='bbox 571 5367 693 5428; x_wconf 86' lang='lat' dir='ltr'><strong>nostra</strong></span> <span class='ocrx_word' id='word_1_455' title='bbox 710 5355 796 5428; x_wconf 89' lang='lat' dir='ltr'><strong>vitia</strong></span> <span class='ocrx_word' id='word_1_456' title='bbox 819 5376 949 5446; x_wconf 89' lang='lat' dir='ltr'><strong>poenas</strong></span> <span class='ocrx_word' id='word_1_457' title='bbox 962 5353 1102 5438; x_wconf 86' lang='lat' dir='ltr'><strong>mereri,</strong></span> 
     </span>
    </p>
   </div>
   <div class='ocr_carea' id='block_1_9' title="bbox 1153 2361 2133 3059">
    <p class='ocr_par' dir='ltr' id='par_1_10' title="bbox 1153 2361 2133 3059">
     <span class='ocr_line' id='line_1_51' title="bbox 1155 2361 2132 2462; baseline 0.021 -34"><span class='ocrx_word' id='word_1_458' title='bbox 1155 2385 1223 2450; x_wconf 91' lang='lat' dir='ltr'><strong>que</strong></span> <span class='ocrx_word' id='word_1_459' title='bbox 1257 2361 1455 2432; x_wconf 88' lang='lat' dir='ltr'><strong>doctrinam</strong></span> <span class='ocrx_word' id='word_1_460' title='bbox 1486 2363 1664 2436; x_wconf 85' lang='lat' dir='ltr'><strong>Ecclesiae</strong></span> <span class='ocrx_word' id='word_1_461' title='bbox 1698 2383 1790 2438; x_wconf 91' lang='lat' dir='ltr'><strong>recte</strong></span> <span class='ocrx_word' id='word_1_462' title='bbox 1824 2371 2055 2462; x_wconf 89' lang='lat' dir='ltr'><strong>intelligeret,</strong></span> <span class='ocrx_word' id='word_1_463' title='bbox 2096 2393 2132 2450; x_wconf 88' lang='lat' dir='ltr'><strong>et</strong></span> 
     </span>
     <span class='ocr_line' id='line_1_52' title="bbox 1153 2458 2133 2560; baseline 0.018 -29"><span class='ocrx_word' id='word_1_464' title='bbox 1153 2458 1268 2531; x_wconf 90' lang='lat' dir='ltr'><strong>Deum</strong></span> <span class='ocrx_word' id='word_1_465' title='bbox 1288 2477 1380 2534; x_wconf 90' lang='lat' dir='ltr'><strong>recte</strong></span> <span class='ocrx_word' id='word_1_466' title='bbox 1407 2464 1606 2551; x_wconf 89' lang='lat' dir='ltr'><strong>invocaret,</strong></span> <span class='ocrx_word' id='word_1_467' title='bbox 1638 2490 1703 2537; x_wconf 92' lang='lat' dir='ltr'><strong>nec</strong></span> <span class='ocrx_word' id='word_1_468' title='bbox 1731 2472 1846 2560; x_wconf 89' lang='lat' dir='ltr'><strong>spargi</strong></span> <span class='ocrx_word' id='word_1_469' title='bbox 1876 2498 2030 2560; x_wconf 90' lang='lat' dir='ltr'><strong>errores,</strong></span> <span class='ocrx_word' id='word_1_470' title='bbox 2067 2501 2133 2550; x_wconf 87' lang='lat' dir='ltr'><strong>uec</strong></span> 
     </span>
     <span class='ocr_line' id='line_1_53' title="bbox 1154 2563 2132 2666; baseline 0.018 -34"><span class='ocrx_word' id='word_1_471' title='bbox 1154 2563 1300 2633; x_wconf 88' lang='lat' dir='ltr'><strong>dissidia</strong></span> <span class='ocrx_word' id='word_1_472' title='bbox 1338 2567 1484 2635; x_wconf 88' lang='lat' dir='ltr'><strong>accendi</strong></span> <span class='ocrx_word' id='word_1_473' title='bbox 1525 2568 1672 2639; x_wconf 90' lang='lat' dir='ltr'><strong>sinebat.</strong></span> <span class='ocrx_word' id='word_1_474' title='bbox 1751 2568 1976 2666; x_wconf 86' lang='lat' dir='ltr'><strong>Maximeque</strong></span> <span class='ocrx_word' id='word_1_475' title='bbox 2009 2579 2132 2650; x_wconf 86' lang='lat' dir='ltr'><strong>oderat</strong></span> 
     </span>
     <span class='ocr_line' id='line_1_54' title="bbox 1154 2660 2133 2760; baseline 0.017 -28"><span class='ocrx_word' id='word_1_476' title='bbox 1154 2660 1377 2750; x_wconf 84' lang='lat' dir='ltr'><strong>Thrasones,</strong></span> <span class='ocrx_word' id='word_1_477' title='bbox 1403 2668 1465 2760; x_wconf 94' lang='lat' dir='ltr'><strong>qui</strong></span> <span class='ocrx_word' id='word_1_478' title='bbox 1483 2680 1523 2739; x_wconf 90' lang='lat' dir='ltr'><strong>ut</strong></span> <span class='ocrx_word' id='word_1_479' title='bbox 1538 2669 1725 2738; x_wconf 85' lang='lat' dir='ltr'><strong>videantur</strong></span> <span class='ocrx_word' id='word_1_480' title='bbox 1739 2670 1826 2741; x_wconf 91' lang='lat' dir='ltr'><strong>alios</strong></span> <span class='ocrx_word' id='word_1_481' title='bbox 1842 2673 2036 2747; x_wconf 88' lang='lat' dir='ltr'><strong>subtilitate</strong></span> <span class='ocrx_word' id='word_1_482' title='bbox 2051 2678 2133 2748; x_wconf 87' lang='lat' dir='ltr'><strong>vin-</strong></span> 
     </span>
     <span class='ocr_line' id='line_1_55' title="bbox 1154 2767 2130 2876; baseline 0.02 -45"><span class='ocrx_word' id='word_1_483' title='bbox 1154 2788 1251 2848; x_wconf 92' lang='lat' dir='ltr'><strong>cere,</strong></span> <span class='ocrx_word' id='word_1_484' title='bbox 1277 2767 1406 2837; x_wconf 89' lang='lat' dir='ltr'><strong>ludunt</strong></span> <span class='ocrx_word' id='word_1_485' title='bbox 1423 2769 1611 2838; x_wconf 87' lang='lat' dir='ltr'><strong>verborum</strong></span> <span class='ocrx_word' id='word_1_486' title='bbox 1628 2771 1782 2856; x_wconf 88' lang='lat' dir='ltr'><strong>deliciis,</strong></span> <span class='ocrx_word' id='word_1_487' title='bbox 1807 2797 1847 2844; x_wconf 86' lang='lat' dir='ltr'><strong>ac</strong></span> <span class='ocrx_word' id='word_1_488' title='bbox 1869 2773 2130 2876; x_wconf 69' lang='grc' dir='ltr'><em>πρωτολογίας</em></span> 
     </span>
     <span class='ocr_line' id='line_1_56' title="bbox 1153 2862 2131 2968; baseline 0.017 -35"><span class='ocrx_word' id='word_1_489' title='bbox 1153 2879 1348 2956; x_wconf 89' lang='lat' dir='ltr'><strong>quaerunt,</strong></span> <span class='ocrx_word' id='word_1_490' title='bbox 1372 2862 1435 2936; x_wconf 80' lang='grc' dir='ltr'><strong>καὶ</strong></span> <span class='ocrx_word' id='word_1_491' title='bbox 1458 2862 1641 2960; x_wconf 71' lang='grc' dir='ltr'><strong><em>θαύματα</em></strong></span> <span class='ocrx_word' id='word_1_492' title='bbox 1661 2867 1855 2964; x_wconf 80' lang='grc' dir='ltr'><em>ῥημάτων,</em></span> <span class='ocrx_word' id='word_1_493' title='bbox 1882 2901 1972 2968; x_wconf 91' lang='lat' dir='ltr'><strong>quae</strong></span> <span class='ocrx_word' id='word_1_494' title='bbox 1995 2893 2131 2950; x_wconf 85' lang='lat' dir='ltr'><strong>mentes</strong></span> 
     </span>
     <span class='ocr_line' id='line_1_57' title="bbox 1154 2966 2129 3059; baseline 0.018 -27"><span class='ocrx_word' id='word_1_495' title='bbox 1154 2966 1191 3032; x_wconf 95' lang='lat' dir='ltr'><strong>in</strong></span> <span class='ocrx_word' id='word_1_496' title='bbox 1214 2967 1451 3038; x_wconf 87' lang='lat' dir='ltr'><strong>dubitationes</strong></span> <span class='ocrx_word' id='word_1_497' title='bbox 1474 2985 1509 3041; x_wconf 89' lang='lat' dir='ltr'><strong>et</strong></span> <span class='ocrx_word' id='word_1_498' title='bbox 1533 2993 1668 3040; x_wconf 89' lang='lat' dir='ltr'><strong>errores</strong></span> <span class='ocrx_word' id='word_1_499' title='bbox 1691 2973 1891 3059; x_wconf 83' lang='lat' dir='ltr'><strong>adducunt,</strong></span> <span class='ocrx_word' id='word_1_500' title='bbox 1922 3001 1962 3046; x_wconf 90' lang='lat' dir='ltr'><strong>ac</strong></span> <span class='ocrx_word' id='word_1_501' title='bbox 1982 3001 2129 3050; x_wconf 88' lang='lat' dir='ltr'><strong>narrare</strong></span> 
     </span>
    </p>
   </div>
   <div class='ocr_carea' id='block_1_10' title="bbox 1152 3069 2129 3260">
    <p class='ocr_par' dir='ltr' id='par_1_11' title="bbox 1152 3069 2129 3260">
     <span class='ocr_line' id='line_1_58' title="bbox 1152 3069 2129 3170; baseline 0.016 -35"><span class='ocrx_word' id='word_1_502' title='bbox 1152 3089 1288 3158; x_wconf 89' lang='lat' dir='ltr'><strong>possem</strong></span> <span class='ocrx_word' id='word_1_503' title='bbox 1311 3069 1350 3136; x_wconf 96' lang='lat' dir='ltr'><strong>in</strong></span> <span class='ocrx_word' id='word_1_504' title='bbox 1374 3071 1502 3164; x_wconf 87' lang='lat' dir='ltr'><strong>quibus</strong></span> <span class='ocrx_word' id='word_1_505' title='bbox 1521 3072 1679 3143; x_wconf 90' lang='lat' dir='ltr'><strong>materiis</strong></span> <span class='ocrx_word' id='word_1_506' title='bbox 1704 3075 1749 3144; x_wconf 88' lang='lat' dir='ltr'><strong>de</strong></span> <span class='ocrx_word' id='word_1_507' title='bbox 1771 3069 1962 3165; x_wconf 89' lang='lat' dir='ltr'><strong>sophistica</strong></span> <span class='ocrx_word' id='word_1_508' title='bbox 1985 3101 2129 3170; x_wconf 85' lang='lat' dir='ltr'><strong>gemens</strong></span> 
     </span>
     <span class='ocr_line' id='line_1_59' title="bbox 1152 3170 1378 3260; baseline 0.031 -24"><span class='ocrx_word' id='word_1_509' title='bbox 1152 3181 1294 3260; x_wconf 89' lang='lat' dir='ltr'><strong>questus</strong></span> <span class='ocrx_word' id='word_1_510' title='bbox 1319 3170 1378 3243; x_wconf 83' lang='lat' dir='ltr'><strong>sit.</strong></span> 
     </span>
    </p>
   </div>
   <div class='ocr_carea' id='block_1_11' title="bbox 1149 3281 2132 3862">
    <p class='ocr_par' dir='ltr' id='par_1_12' title="bbox 1149 3281 2132 3862">
     <span class='ocr_line' id='line_1_60' title="bbox 1252 3281 2132 3393; baseline 0.023 -41"><span class='ocrx_word' id='word_1_511' title='bbox 1252 3281 1406 3372; x_wconf 87' lang='lat' dir='ltr'><strong>Magnae</strong></span> <span class='ocrx_word' id='word_1_512' title='bbox 1430 3287 1576 3357; x_wconf 88' lang='lat' dir='ltr'><strong>virtutes</strong></span> <span class='ocrx_word' id='word_1_513' title='bbox 1596 3291 1634 3358; x_wconf 94' lang='lat' dir='ltr'><strong>in</strong></span> <span class='ocrx_word' id='word_1_514' title='bbox 1654 3313 1696 3360; x_wconf 89' lang='lat' dir='ltr'><strong>eo</strong></span> <span class='ocrx_word' id='word_1_515' title='bbox 1712 3305 1745 3363; x_wconf 91' lang='lat' dir='ltr'><strong>et</strong></span> <span class='ocrx_word' id='word_1_516' title='bbox 1761 3286 1828 3361; x_wconf 89' lang='lat' dir='ltr'><strong>bae</strong></span> <span class='ocrx_word' id='word_1_517' title='bbox 1843 3294 2007 3376; x_wconf 77' lang='lat' dir='ltr'><strong>scierunt,</strong></span> <span class='ocrx_word' id='word_1_518' title='bbox 2033 3303 2132 3393; x_wconf 84' lang='lat' dir='ltr'><strong>quod</strong></span> 
     </span>
     <span class='ocr_line' id='line_1_61' title="bbox 1152 3386 2130 3484; baseline 0.019 -32"><span class='ocrx_word' id='word_1_519' title='bbox 1152 3386 1345 3475; x_wconf 89' lang='lat' dir='ltr'><strong>expugnari</strong></span> <span class='ocrx_word' id='word_1_520' title='bbox 1376 3410 1412 3455; x_wconf 92' lang='lat' dir='ltr'><strong>se</strong></span> <span class='ocrx_word' id='word_1_521' title='bbox 1436 3390 1582 3478; x_wconf 90' lang='lat' dir='ltr'><strong>pecunia</strong></span> <span class='ocrx_word' id='word_1_522' title='bbox 1607 3415 1790 3484; x_wconf 90' lang='lat' dir='ltr'><strong>nunquam</strong></span> <span class='ocrx_word' id='word_1_523' title='bbox 1816 3417 1937 3481; x_wconf 91' lang='lat' dir='ltr'><strong>passus</strong></span> <span class='ocrx_word' id='word_1_524' title='bbox 1959 3411 2029 3478; x_wconf 89' lang='lat' dir='ltr'><strong>est,</strong></span> <span class='ocrx_word' id='word_1_525' title='bbox 2063 3425 2130 3472; x_wconf 88' lang='lat' dir='ltr'><strong>nec</strong></span> 
     </span>
     <span class='ocr_line' id='line_1_62' title="bbox 1150 3487 2128 3590; baseline 0.016 -35"><span class='ocrx_word' id='word_1_526' title='bbox 1150 3487 1334 3556; x_wconf 89' lang='lat' dir='ltr'><strong>ambitioso</strong></span> <span class='ocrx_word' id='word_1_527' title='bbox 1359 3510 1516 3580; x_wconf 91' lang='lat' dir='ltr'><strong>unquam</strong></span> <span class='ocrx_word' id='word_1_528' title='bbox 1542 3489 1580 3558; x_wconf 94' lang='lat' dir='ltr'><strong>in</strong></span> <span class='ocrx_word' id='word_1_529' title='bbox 1602 3492 1680 3559; x_wconf 90' lang='lat' dir='ltr'><strong>aliis</strong></span> <span class='ocrx_word' id='word_1_530' title='bbox 1702 3493 1792 3560; x_wconf 89' lang='lat' dir='ltr'><strong>aulis</strong></span> <span class='ocrx_word' id='word_1_531' title='bbox 1814 3495 2128 3590; x_wconf 81' lang='lat' dir='ltr'><strong>favores-aucupa-</strong></span> 
     </span>
     <span class='ocr_line' id='line_1_63' title="bbox 1151 3591 2129 3681; baseline 0.015 -25"><span class='ocrx_word' id='word_1_532' title='bbox 1151 3599 1207 3656; x_wconf 91' lang='lat' dir='ltr'><strong>tus</strong></span> <span class='ocrx_word' id='word_1_533' title='bbox 1234 3601 1301 3666; x_wconf 90' lang='lat' dir='ltr'><strong>est,</strong></span> <span class='ocrx_word' id='word_1_534' title='bbox 1335 3613 1374 3658; x_wconf 91' lang='lat' dir='ltr'><strong>ac</strong></span> <span class='ocrx_word' id='word_1_535' title='bbox 1396 3612 1498 3681; x_wconf 88' lang='lat' dir='ltr'><strong>saepe</strong></span> <span class='ocrx_word' id='word_1_536' title='bbox 1519 3591 1721 3660; x_wconf 88' lang='lat' dir='ltr'><strong>audivimus</strong></span> <span class='ocrx_word' id='word_1_537' title='bbox 1745 3595 1949 3665; x_wconf 88' lang='lat' dir='ltr'><strong>recitantem</strong></span> <span class='ocrx_word' id='word_1_538' title='bbox 1975 3612 2129 3670; x_wconf 87' lang='lat' dir='ltr'><strong>veterem</strong></span> 
     </span>
     <span class='ocr_line' id='line_1_64' title="bbox 1150 3688 2128 3788; baseline 0.016 -32"><span class='ocrx_word' id='word_1_539' title='bbox 1150 3711 1306 3773; x_wconf 85' lang='lat' dir='ltr'><strong>versum:</strong></span> <span class='ocrx_word' id='word_1_540' title='bbox 1347 3688 1460 3760; x_wconf 88' lang='lat' dir='ltr'><strong>Nemo</strong></span> <span class='ocrx_word' id='word_1_541' title='bbox 1501 3705 1615 3782; x_wconf 85' lang='lat' dir='ltr'><strong>potest</strong></span> <span class='ocrx_word' id='word_1_542' title='bbox 1647 3692 1801 3764; x_wconf 88' lang='lat' dir='ltr'><strong>dominis</strong></span> <span class='ocrx_word' id='word_1_543' title='bbox 1832 3695 1965 3788; x_wconf 88' lang='lat' dir='ltr'><strong>pariter</strong></span> <span class='ocrx_word' id='word_1_544' title='bbox 1995 3701 2128 3776; x_wconf 80' lang='lat' dir='ltr'><strong>servire</strong></span> 
     </span>
     <span class='ocr_line' id='line_1_65' title="bbox 1149 3791 1300 3862; baseline 0.026 -4"><span class='ocrx_word' id='word_1_545' title='bbox 1149 3791 1300 3862; x_wconf 85' lang='lat' dir='ltr'><strong>duobus.</strong></span> 
     </span>
    </p>
   </div>
   <div class='ocr_carea' id='block_1_12' title="bbox 1150 3901 2129 4811">
    <p class='ocr_par' dir='ltr' id='par_1_13' title="bbox 1150 3901 2129 4811">
     <span class='ocr_line' id='line_1_66' title="bbox 1253 3901 2128 4004; baseline 0.013 -26"><span class='ocrx_word' id='word_1_546' title='bbox 1253 3901 1349 3978; x_wconf 89' lang='lat' dir='ltr'><strong>Odia</strong></span> <span class='ocrx_word' id='word_1_547' title='bbox 1372 3922 1406 3978; x_wconf 89' lang='lat' dir='ltr'><strong>et</strong></span> <span class='ocrx_word' id='word_1_548' title='bbox 1429 3909 1701 3980; x_wconf 89' lang='lat' dir='ltr'><strong>obtrectationes</strong></span> <span class='ocrx_word' id='word_1_549' title='bbox 1726 3914 1901 4004; x_wconf 88' lang='lat' dir='ltr'><strong>sapienter</strong></span> <span class='ocrx_word' id='word_1_550' title='bbox 1918 3929 1953 3988; x_wconf 88' lang='lat' dir='ltr'><strong>et</strong></span> <span class='ocrx_word' id='word_1_551' title='bbox 1969 3915 2128 3989; x_wconf 83' lang='lat' dir='ltr'><strong>Fabiano</strong></span> 
     </span>
     <span class='ocr_line' id='line_1_67' title="bbox 1150 4009 2129 4112; baseline 0.012 -34"><span class='ocrx_word' id='word_1_552' title='bbox 1150 4031 1248 4079; x_wconf 87' lang='lat' dir='ltr'><strong>more</strong></span> <span class='ocrx_word' id='word_1_553' title='bbox 1266 4009 1368 4094; x_wconf 86' lang='lat' dir='ltr'><strong>tulit,</strong></span> <span class='ocrx_word' id='word_1_554' title='bbox 1394 4035 1595 4103; x_wconf 88' lang='lat' dir='ltr'><strong>quanquam</strong></span> <span class='ocrx_word' id='word_1_555' title='bbox 1612 4036 1686 4082; x_wconf 91' lang='lat' dir='ltr'><strong>non</strong></span> <span class='ocrx_word' id='word_1_556' title='bbox 1703 4028 1778 4082; x_wconf 89' lang='lat' dir='ltr'><strong>erat</strong></span> <span class='ocrx_word' id='word_1_557' title='bbox 1792 4015 1928 4100; x_wconf 91' lang='lat' dir='ltr'><strong>lentus,</strong></span> <span class='ocrx_word' id='word_1_558' title='bbox 1953 4032 1987 4088; x_wconf 90' lang='lat' dir='ltr'><strong>et</strong></span> <span class='ocrx_word' id='word_1_559' title='bbox 2002 4045 2129 4112; x_wconf 91' lang='lat' dir='ltr'><strong>quere·</strong></span> 
     </span>
     <span class='ocr_line' id='line_1_68' title="bbox 1150 4109 2128 4202; baseline 0.01 -23"><span class='ocrx_word' id='word_1_560' title='bbox 1150 4113 1255 4181; x_wconf 88' lang='lat' dir='ltr'><strong>batur</strong></span> <span class='ocrx_word' id='word_1_561' title='bbox 1268 4109 1319 4178; x_wconf 88' lang='lat' dir='ltr'><strong>ira</strong></span> <span class='ocrx_word' id='word_1_562' title='bbox 1333 4111 1535 4200; x_wconf 86' lang='lat' dir='ltr'><strong>languelieci</strong></span> <span class='ocrx_word' id='word_1_563' title='bbox 1551 4113 1606 4180; x_wconf 93' lang='lat' dir='ltr'><strong>sui</strong></span> <span class='ocrx_word' id='word_1_564' title='bbox 1623 4115 1780 4202; x_wconf 91' lang='lat' dir='ltr'><strong>corporis</strong></span> <span class='ocrx_word' id='word_1_565' title='bbox 1802 4118 1905 4190; x_wconf 82' lang='lat' dir='ltr'><strong>vires.</strong></span> <span class='ocrx_word' id='word_1_566' title='bbox 1957 4117 2027 4190; x_wconf 88' lang='lat' dir='ltr'><strong>Sed</strong></span> <span class='ocrx_word' id='word_1_567' title='bbox 2047 4118 2128 4189; x_wconf 86' lang='lat' dir='ltr'><strong>Ma·</strong></span> 
     </span>
     <span class='ocr_line' id='line_1_69' title="bbox 1150 4213 2128 4306; baseline 0.012 -27"><span class='ocrx_word' id='word_1_568' title='bbox 1150 4213 1298 4300; x_wconf 88' lang='lat' dir='ltr'><strong>gistrum</strong></span> <span class='ocrx_word' id='word_1_569' title='bbox 1321 4235 1357 4282; x_wconf 89' lang='lat' dir='ltr'><strong>se</strong></span> <span class='ocrx_word' id='word_1_570' title='bbox 1379 4214 1616 4280; x_wconf 85' lang='lat' dir='ltr'><strong>moderandae</strong></span> <span class='ocrx_word' id='word_1_571' title='bbox 1647 4214 1739 4298; x_wconf 89' lang='lat' dir='ltr'><strong>irae,</strong></span> <span class='ocrx_word' id='word_1_572' title='bbox 1776 4217 1930 4306; x_wconf 91' lang='lat' dir='ltr'><strong>primum</strong></span> <span class='ocrx_word' id='word_1_573' title='bbox 1962 4213 2128 4290; x_wconf 88' lang='lat' dir='ltr'><strong>babuisse</strong></span> 
     </span>
     <span class='ocr_line' id='line_1_70' title="bbox 1151 4310 2128 4395; baseline 0.009 -13"><span class='ocrx_word' id='word_1_574' title='bbox 1151 4314 1285 4382; x_wconf 89' lang='lat' dir='ltr'><strong>Ducem</strong></span> <span class='ocrx_word' id='word_1_575' title='bbox 1310 4310 1484 4382; x_wconf 88' lang='lat' dir='ltr'><strong>Saxoniae</strong></span> <span class='ocrx_word' id='word_1_576' title='bbox 1508 4311 1730 4384; x_wconf 89' lang='lat' dir='ltr'><strong>Fridericum</strong></span> <span class='ocrx_word' id='word_1_577' title='bbox 1753 4320 1930 4393; x_wconf 89' lang='lat' dir='ltr'><strong>narrabat.</strong></span> <span class='ocrx_word' id='word_1_578' title='bbox 1981 4316 2128 4395; x_wconf 87' lang='lat' dir='ltr'><strong>Dicebat</strong></span> 
     </span>
     <span class='ocr_line' id='line_1_71' title="bbox 1152 4413 2129 4501; baseline 0.01 -18"><span class='ocrx_word' id='word_1_579' title='bbox 1152 4414 1234 4483; x_wconf 88' lang='lat' dir='ltr'><strong>item</strong></span> <span class='ocrx_word' id='word_1_580' title='bbox 1252 4413 1348 4483; x_wconf 90' lang='lat' dir='ltr'><strong>nolle</strong></span> <span class='ocrx_word' id='word_1_581' title='bbox 1364 4435 1401 4481; x_wconf 90' lang='lat' dir='ltr'><strong>sc</strong></span> <span class='ocrx_word' id='word_1_582' title='bbox 1416 4415 1672 4501; x_wconf 89' lang='lat' dir='ltr'><strong>precationem,</strong></span> <span class='ocrx_word' id='word_1_583' title='bbox 1698 4428 1733 4486; x_wconf 92' lang='lat' dir='ltr'><strong>et</strong></span> <span class='ocrx_word' id='word_1_584' title='bbox 1746 4417 1833 4485; x_wconf 89' lang='lat' dir='ltr'><strong>alias</strong></span> <span class='ocrx_word' id='word_1_585' title='bbox 1847 4441 1902 4490; x_wconf 90' lang='lat' dir='ltr'><strong>res</strong></span> <span class='ocrx_word' id='word_1_586' title='bbox 1918 4421 2129 4492; x_wconf 88' lang='lat' dir='ltr'><strong>necessarias</strong></span> 
     </span>
     <span class='ocr_line' id='line_1_72' title="bbox 1151 4514 2129 4613; baseline 0.006 -29"><span class='ocrx_word' id='word_1_587' title='bbox 1151 4514 1325 4584; x_wconf 87' lang='lat' dir='ltr'><strong>laxantem</strong></span> <span class='ocrx_word' id='word_1_588' title='bbox 1353 4515 1470 4582; x_wconf 82' lang='lat' dir='ltr'><strong>frenos</strong></span> <span class='ocrx_word' id='word_1_589' title='bbox 1498 4515 1681 4604; x_wconf 86' lang='lat' dir='ltr'><strong>cupiditati</strong></span> <span class='ocrx_word' id='word_1_590' title='bbox 1710 4515 1905 4599; x_wconf 88' lang='lat' dir='ltr'><strong>vindictae,</strong></span> <span class='ocrx_word' id='word_1_591' title='bbox 1946 4521 2129 4613; x_wconf 89' lang='lat' dir='ltr'><strong>impedire,</strong></span> 
     </span>
     <span class='ocr_line' id='line_1_73' title="bbox 1150 4611 2128 4710; baseline 0.008 -24"><span class='ocrx_word' id='word_1_592' title='bbox 1150 4640 1191 4686; x_wconf 90' lang='lat' dir='ltr'><strong>ac</strong></span> <span class='ocrx_word' id='word_1_593' title='bbox 1215 4638 1316 4704; x_wconf 89' lang='lat' dir='ltr'><strong>saepe</strong></span> <span class='ocrx_word' id='word_1_594' title='bbox 1338 4615 1518 4706; x_wconf 90' lang='lat' dir='ltr'><strong>repetebat</strong></span> <span class='ocrx_word' id='word_1_595' title='bbox 1542 4639 1661 4686; x_wconf 89' lang='lat' dir='ltr'><strong>vocem</strong></span> <span class='ocrx_word' id='word_1_596' title='bbox 1687 4612 1838 4691; x_wconf 87' lang='lat' dir='ltr'><strong>Christi:</strong></span> <span class='ocrx_word' id='word_1_597' title='bbox 1861 4611 1995 4692; x_wconf 89' lang='lat' dir='ltr'><strong>Discite</strong></span> <span class='ocrx_word' id='word_1_598' title='bbox 2017 4646 2037 4692; x_wconf 87' lang='lat' dir='ltr'><strong>a</strong></span> <span class='ocrx_word' id='word_1_599' title='bbox 2058 4647 2128 4710; x_wconf 89' lang='lat' dir='ltr'><strong>me,</strong></span> 
     </span>
     <span class='ocr_line' id='line_1_74' title="bbox 1151 4711 1818 4811; baseline 0.001 -24"><span class='ocrx_word' id='word_1_600' title='bbox 1151 4717 1233 4811; x_wconf 89' lang='lat' dir='ltr'><strong>quia</strong></span> <span class='ocrx_word' id='word_1_601' title='bbox 1251 4715 1345 4786; x_wconf 90' lang='lat' dir='ltr'><strong>mitis</strong></span> <span class='ocrx_word' id='word_1_602' title='bbox 1362 4739 1459 4802; x_wconf 92' lang='lat' dir='ltr'><strong>sum,</strong></span> <span class='ocrx_word' id='word_1_603' title='bbox 1484 4729 1518 4786; x_wconf 87' lang='lat' dir='ltr'><strong>et</strong></span> <span class='ocrx_word' id='word_1_604' title='bbox 1538 4711 1685 4789; x_wconf 89' lang='lat' dir='ltr'><strong>humilis</strong></span> <span class='ocrx_word' id='word_1_605' title='bbox 1700 4721 1818 4788; x_wconf 84' lang='lat' dir='ltr'><strong>corde.</strong></span> 
     </span>
    </p>
   </div>
   <div class='ocr_carea' id='block_1_13' title="bbox 1151 4844 2131 5350">
    <p class='ocr_par' dir='ltr' id='par_1_14' title="bbox 1151 4844 2131 5350">
     <span class='ocr_line' id='line_1_75' title="bbox 1251 4844 2130 4951; baseline 0.013 -34"><span class='ocrx_word' id='word_1_606' title='bbox 1251 4844 1453 4917; x_wconf 88' lang='lat' dir='ltr'><strong>Domestica</strong></span> <span class='ocrx_word' id='word_1_607' title='bbox 1467 4847 1538 4918; x_wconf 86' lang='lat' dir='ltr'><strong>vita</strong></span> <span class='ocrx_word' id='word_1_608' title='bbox 1552 4862 1643 4918; x_wconf 89' lang='lat' dir='ltr'><strong>casta</strong></span> <span class='ocrx_word' id='word_1_609' title='bbox 1658 4861 1692 4919; x_wconf 90' lang='lat' dir='ltr'><strong>et</strong></span> <span class='ocrx_word' id='word_1_610' title='bbox 1708 4848 1825 4918; x_wconf 89' lang='lat' dir='ltr'><strong>sobria</strong></span> <span class='ocrx_word' id='word_1_611' title='bbox 1840 4849 1918 4922; x_wconf 88' lang='lat' dir='ltr'><strong>suit.</strong></span> <span class='ocrx_word' id='word_1_612' title='bbox 1968 4851 2130 4951; x_wconf 89' lang='lat' dir='ltr'><strong>Cumque</strong></span> 
     </span>
     <span class='ocr_line' id='line_1_76' title="bbox 1152 4943 2130 5049; baseline 0.011 -31"><span class='ocrx_word' id='word_1_613' title='bbox 1152 4961 1253 5041; x_wconf 85' lang='lat' dir='ltr'><strong>pater</strong></span> <span class='ocrx_word' id='word_1_614' title='bbox 1273 4947 1307 5016; x_wconf 89' lang='lat' dir='ltr'><strong>ei</strong></span> <span class='ocrx_word' id='word_1_615' title='bbox 1331 4948 1484 5038; x_wconf 88' lang='lat' dir='ltr'><strong>amplam</strong></span> <span class='ocrx_word' id='word_1_616' title='bbox 1509 4943 1763 5020; x_wconf 90' lang='lat' dir='ltr'><strong>haereditatem</strong></span> <span class='ocrx_word' id='word_1_617' title='bbox 1785 4949 1986 5045; x_wconf 86' lang='lat' dir='ltr'><strong>reliquerit,</strong></span> <span class='ocrx_word' id='word_1_618' title='bbox 2021 4961 2130 5049; x_wconf 88' lang='lat' dir='ltr'><strong>magis</strong></span> 
     </span>
     <span class='ocr_line' id='line_1_77' title="bbox 1151 5039 2129 5142; baseline 0.009 -22"><span class='ocrx_word' id='word_1_619' title='bbox 1151 5072 1227 5120; x_wconf 90' lang='lat' dir='ltr'><strong>eam</strong></span> <span class='ocrx_word' id='word_1_620' title='bbox 1240 5049 1443 5138; x_wconf 82' lang='lat' dir='ltr'><strong>frugalitate</strong></span> <span class='ocrx_word' id='word_1_621' title='bbox 1457 5049 1573 5133; x_wconf 83' lang='lat' dir='ltr'><strong>auxit,</strong></span> <span class='ocrx_word' id='word_1_622' title='bbox 1597 5071 1704 5142; x_wconf 86' lang='lat' dir='ltr'><strong>quam</strong></span> <span class='ocrx_word' id='word_1_623' title='bbox 1716 5049 1921 5141; x_wconf 87' lang='lat' dir='ltr'><strong>stipendiis,</strong></span> <span class='ocrx_word' id='word_1_624' title='bbox 1948 5056 2033 5128; x_wconf 89' lang='lat' dir='ltr'><strong>inde</strong></span> <span class='ocrx_word' id='word_1_625' title='bbox 2053 5039 2129 5128; x_wconf 69' lang='lat' dir='ltr'><strong>&#39;scio</strong></span> 
     </span>
     <span class='ocr_line' id='line_1_78' title="bbox 1151 5149 2131 5250; baseline 0.006 -28"><span class='ocrx_word' id='word_1_626' title='bbox 1151 5173 1253 5240; x_wconf 91' lang='lat' dir='ltr'><strong>saepe</strong></span> <span class='ocrx_word' id='word_1_627' title='bbox 1269 5172 1348 5220; x_wconf 90' lang='lat' dir='ltr'><strong>eum</strong></span> <span class='ocrx_word' id='word_1_628' title='bbox 1361 5149 1530 5219; x_wconf 90' lang='lat' dir='ltr'><strong>mediocri</strong></span> <span class='ocrx_word' id='word_1_629' title='bbox 1541 5149 1690 5240; x_wconf 85' lang='lat' dir='ltr'><strong>pecunia</strong></span> <span class='ocrx_word' id='word_1_630' title='bbox 1702 5151 1779 5221; x_wconf 90' lang='lat' dir='ltr'><strong>sine</strong></span> <span class='ocrx_word' id='word_1_631' title='bbox 1792 5158 2028 5228; x_wconf 86' lang='lat' dir='ltr'><strong>ostentatione</strong></span> <span class='ocrx_word' id='word_1_632' title='bbox 2043 5183 2131 5250; x_wconf 90' lang='lat' dir='ltr'><strong>pau·</strong></span> 
     </span>
     <span class='ocr_line' id='line_1_79' title="bbox 1151 5247 2129 5350; baseline 0.009 -31"><span class='ocrx_word' id='word_1_633' title='bbox 1151 5251 1296 5344; x_wconf 88' lang='lat' dir='ltr'><strong>peribus</strong></span> <span class='ocrx_word' id='word_1_634' title='bbox 1310 5273 1412 5341; x_wconf 87' lang='lat' dir='ltr'><strong>opem</strong></span> <span class='ocrx_word' id='word_1_635' title='bbox 1426 5247 1560 5321; x_wconf 87' lang='lat' dir='ltr'><strong>tulisse.</strong></span> <span class='ocrx_word' id='word_1_636' title='bbox 1611 5247 1783 5340; x_wconf 89' lang='lat' dir='ltr'><strong>Quotidie</strong></span> <span class='ocrx_word' id='word_1_637' title='bbox 1801 5253 1938 5348; x_wconf 87' lang='lat' dir='ltr'><strong>aliquid</strong></span> <span class='ocrx_word' id='word_1_638' title='bbox 1961 5260 2129 5350; x_wconf 87' lang='lat' dir='ltr'><strong>temporis</strong></span> 
     </span>
    </p>
   </div>
   <div class='ocr_carea' id='block_1_14' title="bbox 1154 5349 2129 5525">
    <p class='ocr_par' dir='ltr' id='par_1_15' title="bbox 1154 5349 2129 5525">
     <span class='ocr_line' id='line_1_80' title="bbox 1154 5349 2129 5525; baseline 0.006 -103"><span class='ocrx_word' id='word_1_639' title='bbox 1154 5375 1273 5424; x_wconf 88' lang='lat' dir='ltr'><strong>sacrae</strong></span> <span class='ocrx_word' id='word_1_640' title='bbox 1298 5349 1441 5424; x_wconf 89' lang='lat' dir='ltr'><strong>lectioni</strong></span> <span class='ocrx_word' id='word_1_641' title='bbox 1450 5363 1501 5525; x_wconf 56' lang='grc' dir='ltr'><strong>ἑὲ</strong></span> <span class='ocrx_word' id='word_1_642' title='bbox 1518 5351 1717 5496; x_wconf 77' lang='lat' dir='ltr'><strong>precationi</strong></span> <span class='ocrx_word' id='word_1_643' title='bbox 1738 5354 1874 5430; x_wconf 86' lang='lat' dir='ltr'><strong>tribuit.</strong></span> <span class='ocrx_word' id='word_1_644' title='bbox 1923 5352 1974 5428; x_wconf 84' lang='lat' dir='ltr'><strong>Et</strong></span> <span class='ocrx_word' id='word_1_645' title='bbox 1999 5359 2037 5428; x_wconf 92' lang='lat' dir='ltr'><strong>in</strong></span> <span class='ocrx_word' id='word_1_646' title='bbox 2066 5355 2129 5428; x_wconf 90' lang='lat' dir='ltr'><strong>bac</strong></span> 
     </span>
    </p>
   </div>
   <div class='ocr_carea' id='block_1_15' title="bbox 0 0 2352 5818">
    <p class='ocr_par' dir='ltr' id='par_1_16' title="bbox 0 0 2352 5818">
     <span class='ocr_line' id='line_1_81' title="bbox 0 0 2352 5818; baseline 0 0"><span class='ocrx_word' id='word_1_647' title='bbox 0 0 2352 5818; x_wconf 95' lang='lat' dir='ltr'><strong> </strong></span> 
     </span>
    </p>
   </div>
  </div>
 </body>
</html>
