4604 5804
68 303 150 382 ces
755 238 794 382 31.
844 293 1416 379 cunomconcamoms.
2028 312 2102 389 sao

175 475 333 550 Romani
356 491 434 568 post
457 472 590 550 lulium
613 471 797 548 Caesarem
818 497 952 548 nomeu
968 466 1063 546 Ger·
1112 472 1331 562 occuparint.
1387 470 1572 546 Celebrata
1598 489 1650 549 cst
1675 497 1761 568 gens
1783 481 1879 574 apud
1901 479 2097 558 Homerum

69 579 224 660 maniae
254 579 456 653 tribuerunt
478 579 600 650 multis
623 577 787 668 gentibus
809 577 904 650 intra
923 573 1062 674 Harey·
1112 586 1146 644 et
1171 569 1405 645 Herodotum.
1456 573 1583 649 Postea
1606 575 1829 652 Ptolemaeus
1853 583 1988 678 inquit,
2021 585 2097 657 lle-

68 685 173 754 nium
194 682 321 752 saltum
337 694 372 752 et
387 679 582 766 vistulam,
605 693 640 750 et
655 702 752 748 mare
765 676 1061 772 septentrionale.
1111 675 1410 747 nelosmaxlmim
1426 675 1669 760 Stl'ffialafflm
1692 693 1830 770 80¹¹!ssss
1852 705 1943 772 ἔδει,
1968 702 2006 759 ul
2029 685 2094 759 lto-

67 781 151 856 Etsi
179 796 297 868 autem
326 781 366 852 in
396 795 515 853 nostra
541 781 664 870 lingua
685 803 783 851 nunc
808 802 884 851 non
903 794 956 853 est
975 801 1060 851 usus
1109 772 1351 846 dieRussiam
1368 775 1597 850 etPoloniam
1613 792 1725 865 tenet,
1749 791 2093 878 etmagnamregio-

67 881 179 956 buius
198 882 375 967 nominis,
400 895 517 953 tamen
542 905 617 952 uon
640 880 801 953 existimo
820 882 968 952 latinam
983 883 1059 952 ori·
1107 898 1189 945 nem
1210 873 1384 949 aVistula
1399 879 1444 948 ad
1462 877 1635 952 Viadrum
1651 894 1685 954 et
1701 884 1747 954 ad
1762 883 1895 956 Albim.
1947 885 2093 963 Retinet

67 987 190 1075 ginem
222 1007 314 1068 esse,
351 985 410 1054 sed
440 1001 481 1058 ut
508 975 670 1068 Cimbri,
708 982 782 1052 Dai
813 996 849 1053 et
875 982 985 1057 suevi
1015 1007 1058 1053 ex
1107 989 1223 1048 aulem
1252 999 1349 1048 nunc
1371 1001 1514 1073 quoque
1535 1003 1620 1071 gens
1639 979 1778 1057 Heneta
1802 1007 1878 1057 eam
1900 989 2093 1079 regionem,

67 1085 224 1158 Oriente
245 1085 289 1156 ad
314 1078 382 1154 hoc
401 1084 502 1156 littus
522 1083 807 1175 septentrionale
827 1098 1058 1172 accesserunt,
1106 1100 1197 1172 quae
1220 1093 1322 1153 antea
1342 1077 1476 1151 aBoiis
1491 1079 1650 1154 Boiemia
1670 1086 1764 1157 dicta
1782 1087 1861 1161 fuit.
1914 1089 2007 1165 Sunt
2025 1093 2093 1183 igi-

65 1191 117 1257 ita
132 1208 334 1280 progresso!
347 1208 421 1254 esse
435 1209 475 1256 eg
491 1186 575 1258 Asia
590 1183 789 1256 Germanos
807 1198 843 1256 et
856 1185 961 1257 Sacae
984 1187 1059 1256 exi.
1106 1193 1165 1250 ltlr
1185 1179 1324 1251 vlclntte
1346 1195 1465 1272 genite
1483 1179 1707 1257 Tettlonlblls
1729 1200 1765 1260 et
1780 1186 1936 1261 Clmbt'ls
1954 1195 2091 1281 mlxlae,

66 1290 186 1360 grimo,
236 1285 405 1358 Nominat
422 1285 621 1358 Germanos
635 1285 839 1358 Herodotus
855 1287 894 1355 in
910 1286 937 1357 1.
951 1287 1057 1372 libro,
1105 1293 1140 1349 et
1160 1279 1294 1351 alicubi
1315 1283 1461 1353 nomina
1482 1297 1615 1358 mutata
1635 1299 1719 1358 sunt
1734 1289 1891 1380 imperiis
1906 1315 1946 1363 ae
1962 1296 2090 1378 migra-

66 1405 103 1460 et
124 1388 289 1476 congruit
313 1411 444 1458 nomen
469 1413 551 1460 ctam
574 1386 779 1474 Carmanis,
804 1411 958 1482 qnorum
982 1388 1057 1459 for.
1105 1381 1277 1456 tionibus.
1327 1382 1430 1472 Quae
1451 1385 1643 1474 cogitantes
1662 1411 1892 1478 agnoscamus
1913 1393 2091 1467 instabili-

64 1492 186 1562 ritudo
204 1489 369 1559 laudatur
384 1515 403 1560 a
419 1488 608 1562 strabone,
1105 1495 1211 1553 tatem
1230 1507 1347 1554 rerum
1366 1480 1624 1576 humanarum,
1652 1491 1794 1562 ct'bella
1808 1515 1848 1562 ac
1863 1493 2090 1586 migrationes

169 1587 394 1684 Erymologia
417 1592 575 1660 nominis
597 1593 771 1662 concinna
787 1602 839 1660 ert
854 1589 1056 1686 ᾠρρῃῃαῃη,
1104 1583 1278 1654 maiorum
1301 1585 1409 1657 fuisse
1434 1586 1550 1659 tristes
1572 1614 1722 1681 poenas,
1747 1616 1828 1664 eum
1848 1606 1902 1668 tot
1919 1599 2089 1670 exercitus
2188 1665 2190 1668 .

65 1692 125 1762 vir
148 1691 340 1773 exercitus,
362 1691 399 1760 id
423 1705 492 1776 est,
516 1693 698 1774 militaris,
724 1704 766 1762 ut
782 1704 881 1763 vetus
898 1693 1056 1786 appella·
1102 1681 1280 1774 Romani,
1313 1682 1485 1759 Cimbrici
1514 1702 1549 1762 et
1573 1688 1764 1764 Teutonici
1793 1696 1962 1768 trucidati
1992 1715 2089 1771 sunt.

65 1797 116 1864 tio
134 1793 228 1883 apud
244 1789 402 1860 Plinium
419 1807 470 1863 est
485 1790 710 1866 Hermiones.
1102 1781 1306 1876 Cogitemus
1321 1801 1437 1861 autem
1453 1806 1487 1862 et
1502 1786 1582 1878 boc,
1606 1817 1682 1865 non
1696 1808 1833 1867 tantum
1849 1799 1894 1870 ad
1905 1791 1969 1868 bas
1981 1802 2088 1871 mise'-

170 1891 213 1962 In
234 1886 381 1962 historia
398 1891 537 1963 Persica
559 1889 1054 1980 celebratissimisnntsacae,
1102 1885 1172 1956 rias
1199 1889 1382 1960 conditum
1413 1913 1486 1963 esse
1515 1915 1625 1984 genus
1654 1891 1870 1984 humanum,
1902 1899 1963 1970 sed
1995 1901 2088 1972 inter

64 2006 99 2063 et
116 1995 211 2084 apud
221 1989 355 2086 Cyrum
371 2015 426 2062 res
440 2016 584 2083 magnas
598 2009 798 2085 gesserunt,
823 1987 907 2066 inde
921 2017 1052 2065 nomen
1102 2001 1216 2060 tantas
1232 1991 1456 2064 confusiones
1471 2006 1591 2066 tamen
1605 1997 1769 2069 miranda
1783 1999 1941 2072 bonitate
1955 2006 2087 2072 servari

64 2117 141 2162 esse
157 2091 353 2164 Saxonum
376 2094 507 2165 iudico.
558 2092 607 2168 Ec
628 2093 814 2169 estserae
834 2111 895 2168 aut
914 2093 1053 2168 babita—
1101 2089 1286 2184 rellquliis
1319 2107 1360 2166 Ul
1383 2091 1540 2166 Ecclesia
1564 2098 1768 2189 colligatur,
1802 2114 1837 2172 θῑ
1857 2099 1934 2173 Deo
1958 2105 2086 2192 gratias

64 2210 161 2266 tores
175 2208 237 2266 aut
251 2216 364 2287 pares.
1101 2212 1260 2281 agamus,
1285 2196 1381 2286 quod
1402 2217 1467 2266 uos
1484 2220 1627 2293 quoqne
1644 2202 1689 2271 ad
1705 2201 1922 2291 agnitionem
1940 2204 2006 2274 filii
2020 2231 2086 2276 vo-

170 2293 369 2366 Germanos
383 2310 536 2372 vesperas
549 2299 710 2371 distinxit
724 2296 894 2370 aNoricis
908 2293 1052 2371 flaRhe.
1100 2293 1210 2378 cavit,
1243 2305 1278 2364 et
1299 2296 1361 2365 din
1382 2294 1453 2366 iam
1477 2294 1640 2371 honestas
1661 2303 1804 2393 politiae
1826 2303 1909 2375 inde
1932 2327 2044 2399 usqne
2065 2333 2085 2378 a

62 2397 124 2469 tis.
176 2395 250 2468 Nec
271 2397 421 2468 dubium
447 2413 499 2470 εει
513 2398 661 2472 Noricos
684 2401 836 2473 tenuisse
858 2424 917 2472 cas
932 2401 1049 2491 regio-
1098 2389 1228 2464 Carolo
1252 2396 1368 2488 primo
1393 2397 1538 2485 tribuit,
1562 2402 1628 2474 etsi
1645 2415 1763 2493 postea
1780 2429 1922 2501 quoque
1939 2430 2085 2496 magnac

1 2536 2 2544 ι
61 2523 149 2584 nes,
176 2523 266 2591 quae
285 2521 382 2570 nunc
404 2514 488 2570 sunt
508 2498 659 2572 Bavaria
679 2494 830 2573 inferior
853 2515 888 2573 et
904 2500 1049 2573 Austris
1098 2495 1312 2567 vastationes
1331 2497 1443 2570 lectae
1464 2514 1558 2573 sunt.
1623 2499 1674 2574 Et
1692 2505 1860 2579 virtutctu
1881 2507 2083 2599 principum

60 2616 97 2672 ct
119 2599 238 2671 vicina
261 2623 343 2692 pars
363 2593 524 2694 Alpium.
573 2600 714 2672 Nomen
735 2602 914 2698 reliquum
937 2617 989 2674 est
1009 2603 1048 2674 in
1098 2596 1332 2684 celebremus,
1357 2623 1447 2692 quos
1460 2597 1558 2673 Deus
1578 2607 1730 2678 armavit
1752 2619 1788 2678 et
1809 2606 1946 2679 adiuvit
1964 2609 2001 2677 in
2020 2633 2084 2700 pa-

60 2716 218 2772 eni-ema
245 2725 309 2770 ora
334 2701 420 2770 cirta
441 2700 687 2796 Noribergam,
747 2681 814 2776 Est
833 2718 950 2776 aurem
973 2717 1049 2799 ary.
1097 2697 1186 2768 triae
1200 2698 1420 2786 defensione,
1446 2715 1480 2773 et
1493 2717 1712 2796 expectemus
1726 2719 1903 2779 aeternam
1920 2709 2083 2799 patriam,

58 2802 217 2890 mologia
239 2795 392 2886 Norici,
429 2801 579 2892 annet,
617 2806 754 2892 idest,
786 2803 1048 2897 septentrione,
1097 2797 1135 2866 in
1156 2823 1225 2892 qua
1248 2800 1316 2872 crit
1337 2800 1541 2876 dulcissima
1564 2809 1782 2880 consuetudo
1801 2832 1881 2882 cum
1897 2805 1993 2892 Deo,
2019 2813 2081 2904 qui

58 2925 114 2976 αιιι
132 2904 219 2991 Dtt,
246 2903 303 2972 vel
325 2901 401 2996 nod)
418 2899 540 2977 Arcto.
591 2900 752 3000 Eamque
772 2906 1047 3002 appellationem
1097 2901 1163 2971 erit
1177 2903 1296 2973 omnia
1312 2901 1350 2972 in
1369 2903 1538 2977 omnibus
1553 2907 1675 2982 beatis.

57 3005 240 3076 veteribus
257 3002 404 3076 Graecis
426 3019 546 3076 notam
569 3007 677 3077 fuisse
702 3008 882 3094 existimo,
907 3021 942 3079 et
965 3007 1046 3102 qui·
1197 2998 1294 3076 llaec
1322 3003 1507 3094 cogitanda
1536 3021 1620 3078 sunt
1647 3033 1728 3080 cum
1749 3009 1900 3102 legimus
1921 3028 2079 3085 veterum

57 3109 143 3175 dam
166 3105 218 3174 sic
240 3105 519 3198 interpretantur
540 3111 632 3199 apud
657 3106 856 3181 Homerum
879 3102 1045 3208 Nto'porra
1095 3102 1187 3174 bella
1209 3117 1243 3177 ct
1257 3103 1497 3196 migrationes.
1546 3107 1605 3180 De
1619 3111 1767 3205 reliquis
1781 3112 2081 3206 appellationibus

53 3201 200 3300 χαλκὸν
216 3207 261 3275 de
276 3203 416 3278 Noricis
430 3209 665 3282 ferramentis.
1094 3205 1249 3297 partium
1266 3203 1479 3302 Germaniae
1494 3210 1610 3282 dicam
1627 3212 1666 3282 in
1679 3207 1848 3286 historiae
1861 3209 2054 3294 Harminii.

160 3299 281 3377 Rhesi
299 3320 490 3378 tenuerunt
511 3305 620 3401 Alpes
645 3309 785 3383 Galliae
806 3311 990 3402 propiores
1012 3325 1046 3384 et
1196 3302 1307 3376 Anno
1322 3308 1422 3379 urbis
1437 3313 1686 3385 sexcentesimo
1700 3317 1968 3408 quadragesimo
1980 3343 2079 3390 nono

54 3411 220 3500 regiones
243 3407 377 3478 vicinas
392 3431 503 3502 usque
518 3411 563 3480 ad
582 3409 797 3500 Augustam,
822 3435 927 3504 quam
943 3425 1044 3483 velu-
1092 3401 1254 3477 Manlius
1272 3419 1307 3478 el
1320 3405 1493 3480 Servilius
1509 3408 1619 3503 Ceplo
1635 3411 1869 3485 proconsules
1886 3441 1906 3488 ἃ
1921 3415 2079 3489 Cimbris

55 3526 128 3582 stas
153 3509 355 3581 nominavit
374 3508 570 3599 Augustam
588 3507 788 3586 Rbeticam.
840 3510 1044 3604 Appellatio
1092 3505 1132 3575 in
1148 3506 1247 3578 aditu
1262 3504 1411 3600 Alpium
1428 3509 1513 3582 victi
1531 3527 1634 3594 sunt,
1659 3526 1694 3586 et
1707 3516 1881 3588 trucidata
1896 3517 2026 3588 civium
2043 3535 2077 3590 et

53 3608 175 3683 adbuc
190 3612 229 3680 in
246 3625 398 3682 extrema
415 3635 476 3682 ora
494 3606 615 3683 haeret
629 3639 741 3708 prope
755 3613 982 3704 Norlingam,
1009 3629 1043 3685 ει
1092 3607 1269 3679 sociorum
1294 3607 1542 3683 Romanorum
1570 3614 1747 3705 octoginta
1775 3615 1899 3692 millia.
1965 3617 2075 3712 Cepio

53 3716 188 3783 claram
218 3712 327 3784 fuisse
354 3727 493 3802 gentem
524 3714 610 3783 inde
642 3731 804 3808 apparet,
838 3714 921 3808 quia
949 3714 1043 3787 inter
1092 3733 1172 3780 cum
1201 3711 1234 3781 ei
1262 3710 1450 3803 imperium
1476 3715 1680 3806 abrogatum
1703 3729 1810 3802 esset,
1840 3717 1880 3788 in
1901 3743 2074 3791 carcerem

53 3813 230 3904 Gigantes
253 3825 287 3884 ct
303 3812 498 3885 Centauros
515 3813 644 3896 Graeci
667 3817 857 3888 nominant
872 3811 1042 3899 Rbetum,
1091 3811 1218 3882 ductus
1238 3825 1308 3898 εει,
1334 3825 1368 3883 ει
1389 3837 1409 3882 a
1431 3813 1595 3886 carnifice
1618 3832 1780 3903 necatus,
1806 3832 1841 3892 et
1863 3822 2012 3892 cadaver
2028 3825 2073 3892 ad

50 3917 91 3986 id
109 3926 183 3999 est,
207 3916 457 4008 impetuosum.
1090 3911 1199 3982 scalas
1208 3910 1401 3983 Gemonias
1416 3915 1610 4003 abiectum,
1633 3919 1733 3993 triste
1745 3921 1980 4011 spectaculum
1996 3925 2075 4007 luit,

157 4015 283 4087 Postea
303 4029 419 4087 autem
446 4039 572 4107 magna
595 4019 670 4088 eius
686 4017 840 4108 regionis
856 4040 937 4111 pars
950 4012 1042 4088 Sne·
1091 4011 1931 4105 etinsigneexcmpluminconstantiaelortunae.
1982 4023 2099 4095 Nam'

53 4117 117 4188 via
144 4118 238 4188 dicta
268 4131 338 4202 est,
371 4117 454 4210 quia
477 4115 659 4207 Angustus
690 4120 871 4191 transtulit
897 4119 936 4188 in
958 4144 1038 4189 eum
1089 4127 1192 4186 antea
1209 4113 1930 4196 etConsulctPontiiexMaximusiuerat.
1981 4123 2071 4195 Nar-

50 4222 171 4290 locum
194 4216 346 4300 suevos,
373 4219 434 4312 qui
457 4243 499 4287 ex
514 4216 723 4289 Pomerania
744 4221 917 4312 progressi
939 4232 1040 4291 erant
1088 4227 1169 4286 rant
1195 4229 1311 4288 autem
1341 4219 1506 4310 punitum
1530 4243 1619 4291 esse:
1652 4223 1748 4315 quod
1768 4247 1894 4293 aurum
1919 4247 1960 4294 cx
1982 4238 2070 4296 tem-

49 4323 89 4391 in
106 4319 370 4407 Westvaliarn,
399 4333 432 4390 et
447 4315 633 4394 Romanae
654 4322 859 4412 provinciae
880 4321 922 4392 ed
938 4317 1038 4394 Rbe-
1087 4316 1158 4414 plis
1185 4316 1374 4388 Tolosanis
1400 4321 1612 4408 abstulerat,
1645 4323 1742 4414 quod
1769 4339 1870 4394 antea
1900 4323 1998 4395 Galli
2029 4353 2069 4397 ex

6 4488 9 4503 ,
49 4445 139 4494 num
154 4421 248 4491 bella
264 4421 472 4493 inferebant
815 4429 818 4436 '
1087 4415 1236 4510 Delphis
1264 4435 1466 4512 rapuerant.
1533 4419 1582 4494 Et
1609 4427 1895 4496 accommodatur
1923 4419 2072 4518 prover?

152 4519 327 4593 Existimo
347 4535 464 4594 autem
481 4543 559 4592 cum
571 4519 671 4592 Getis
681 4536 714 4593 et
722 4517 879 4612 Henetos
890 4523 1036 4596 veterib.
1086 4521 1185 4590 bium
1201 4522 1244 4590 ad
1261 4539 1393 4613 poenas
1408 4521 1592 4613 sacrilegii.

48 4624 241 4716 temporib.
269 4647 289 4694 a
314 4621 453 4695 Vistula
480 4621 649 4715 paulatim
671 4633 874 4715 progressos
897 4647 970 4694 esse
990 4627 1033 4695 ad
1150 4649 1155 4660 “
1184 4621 1291 4692 Auno
1305 4623 1596 4714 postinloelicem
1610 4621 1778 4718 Cepionis
1793 4625 2070 4721 pugnantCaius
2100 4684 2106 4692 .

47 4727 234 4817 regionem
257 4721 344 4796 Albi
368 4725 544 4811 vicinam,
568 4728 666 4794 etad
692 4726 793 4794 littus
814 4722 1036 4816 septentrio·
1085 4721 1222 4795 Marius
1243 4721 1378 4795 consul
1401 4726 1594 4796 scc'undum
1613 4726 1745 4798 iactum
1769 4743 1839 4815 est,
1864 4744 1899 4803 et
1919 4730 2067 4799 manda·

48 4828 152 4913 nale,
184 4826 248 4898 ubi
277 4840 432 4899 vetustas
461 4826 625 4898 nominat
645 4825 829 4908 Vcncdus,
859 4840 894 4898 ct
915 4826 1033 4898 sinnm
1084 4838 1159 4897 tum
1181 4838 1232 4897 est
1254 4825 1287 4895 ei
1311 4822 1699 4899 bellumCimbricum.
1758 4827 1828 4899 Hic
1849 4853 1923 4901 non
1948 4831 2065 4901 statim

49 4927 283 5000 Venedicum.
333 4923 382 5000 et
399 4927 519 5020 lingua
533 4926 670 5000 Heneta
687 4925 841 5000 ostendit
856 4948 931 4999 cam
948 4951 1033 5020 gen·
1083 4925 1276 5013 dimicavit,
1301 4930 1363 4997 sed
1374 4947 1457 4999 usus
1467 4927 1616 5000 consilio
1627 4929 1786 5000 mulieris
1795 4931 1957 5002 fatidicae
1965 4929 2064 5003 Mar-

47 5042 141 5112 tem,
171 5030 237 5104 etsi
258 5030 352 5100 clara
372 5033 893 5126 etpotensnuucquoqueest,
915 5042 1032 5101 tamen
1082 5023 1183 5115 tbae,
1222 5051 1330 5123 quam
1359 5027 1527 5101 Iudaeam
1555 5030 1664 5101 fuisse
1695 5031 1873 5118 existimo,
1907 5033 2062 5126 primum

48 5155 123 5202 esse
143 5132 271 5216 aliam,
296 5155 402 5226 qnam
424 5131 470 5202 sit
485 5130 565 5216 illa,
590 5155 680 5226 qnae
695 5145 815 5204 nostra
831 5130 952 5222 lingua
967 5153 1030 5203 usa
1080 5143 1161 5221 post
1187 5129 1373 5202 biennium
1406 5129 1588 5202 dimicavit
1611 5134 1655 5203 ad
1680 5126 1802 5226 Aquas
1823 5131 1959 5206 sextias
1982 5157 2063 5206 cum

47 5248 116 5322 est,
142 5255 249 5328 quam
264 5234 490 5305 nominemus
507 5229 751 5304 Teutonicum.
1080 5231 1305 5304 Teutonibus
1323 5243 1358 5304 et
1370 5229 1630 5318 Ambronibus,
1655 5244 1689 5303 et
1707 5235 1898 5306 trucidavit
1910 5238 2061 5308 ducenta

148 5329 458 5408 Nomenflenedi
482 5333 653 5425 signifieat
674 5336 921 5424 vagabundos,
953 5335 1029 5407 No-
1078 5333 1192 5405 millia
1215 5329 1393 5418 bostium,
1418 5346 1453 5404 et
1474 5334 1590 5425 coepit
1608 5336 1800 5426 nonaginta
1824 5337 1947 5410 millia.
2000 5333 2062 5405 ln·
2120 5405 2129 5415 ,

43 5429 179 5532 recides,
211 5439 249 5508 id
277 5452 349 5523 εει,
382 5438 444 5532 qui
465 5437 534 5528 late
555 5436 668 5528 sparsi
689 5437 845 5510 diversas
867 5436 1029 5530 regiones
1078 5448 1173 5508 terea
1193 5433 1333 5508 Cimbri
1355 5433 1503 5525 ingressi
1519 5433 1655 5509 ltaliam
1677 5461 1741 5531 per
1756 5436 1926 5510 Noricum
1943 5433 2063 5510 Catuli
2129 5451 2134 5465 '
