4606 5822
164 253 291 334 ,ara
442 314 449 330 ,
620 213 625 222 ’
821 352 826 364 ,
871 255 940 320 ι·
983 203 1591 342 nrsruraoronr'o'12
2137 271 2251 354 ‘ror

216 427 269 504 tio
292 377 646 524 manufacta
668 423 737 500 ta'c
756 424 1205 520 stamford
1250 429 1386 528 graticio
1406 429 1776 530 rtvlfioaomrTea'rda,
1802 445 2182 548 atnmmntgratm,
2206 451 2250 522 id

217 527 614 628 boccindumrcogitrtc
633 531 700 626 ¹sit,
725 531 937 625 conpellare
961 530 1125 606 homines
1140 537 1206 607 ab·
1252 551 1317 624 ert,
1344 539 1626 614 mirericordiam
1642 540 1722 630 Dei,
1748 559 1893 638 prepter
1907 550 2250 646 redemtorenpro·

215 631 781 728 neter‚·cg'ra'ai'motuacordium
800 635 1007 730 impiciant,
1033 640 1129 732 qraod
1146 659 1206 708 so-
1252 635 1419 729 mlssoar,
1451 656 1486 716 et
1506 667 1543 714 se
1562 641 1674 738 recipi
1694 651 1855 724 credunt.
1905 639 1961 721 'lit
1982 673 2062 721 cnm
2083 647 2154 724 bac
2174 655 2250 726 fide

214 734 639 827 tinnrronntpateutir
657 750 819 822 numae,
845 753 880 808 ct
896 759 1055 832 exorem
1070 739 1204 812 dictum
1252 741 1407 834 Spiritus
1427 761 1584 818 -sanctoa
1618 751 1779 822 accendit
1813 771 1937 824 varan
1965 753 2250 842 invocationem,

98 829 104 841 ’
216 841 277 910 alt:
296 835 506 908 ¹Dorrtlnurn
520 834 755 910 Deumtuum
770 841 947 912 adorabis.
1252 865 1343 938 quae
1359 846 1399 918 fit
1413 859 1551 919 tantum
1565 849 1605 918 io
1622 871 1704 922 vera
1719 849 1887 928 Ecclesia.

316 939 379 1014 dib
414 933 578 1010 Ori-ino
591 938 788 1012 nuenario
802 948 856 1014 est
872 965 954 1016 cura
971 943 1120 1034 gulis
1135 940 1204 1014 ho·
1259 986 1263 995 ·
1352 941 1428 1018 66.·
1446 947 1539 1020 Nam
1553 945 1701 1023 Etbnici
1711 1007 1722 1039 ,
1747 952 1859 1024 Tucci
1877 969 1912 1026 et
1925 955 2077 1038 similes,
2104 958 2249 1030 &iamai

64 1098 67 1104 .
213 1042 390 1127 minibus,
415 1065 584 1134 quaerere
604 1066 723 1112 veram
738 1039 932 1115 Ecclesiam
946 1042 1032 1134 Dei,
1058 1059 1093 1116 ct
1114 1046 1149 1116 ei
1166 1069 1203 1116 cc
1251 1047 1440 1121 adfirmant
1455 1073 1496 1121 se
1506 1051 1674 1124 invocare
1688 1076 1812 1126 verum
1827 1055 1958 1146 licam
1983 1072 2018 1129 et
2035 1057 2127 1130 lllud
2143 1061 2250 1130 vide-

211 1143 426 1236 adiuugero,
439 1157 488 1218 .ot
505 1144 545 1220 in
568 1167 608 1218 ea
628 1145 754 1218 audire
775 1147 975 1220 doctrinam
996 1147 1109 1222 olleo
1130 1161 1203 1218 tra·
1250 1151 1334 1222 licet
1360 1175 1513 1240 numen,
1545 1158 1643 1248 quod
1671 1158 1837 1230 condidit
1864 1161 2003 1230 coelum
2032 1174 2067 1231 et
2099 1177 2250 1248 terram,

211 1246 346 1331 ditare,
370 1259 511 1327 tt'tttu
536 1242 643 1324 buius
660 1263 763 1322 verae
778 1249 958 1328 Ecdertn
975 1250 1202 1325 invocatione
1248 1264 1370 1324 men
1398 1277 1418 1324 a
1451 1279 1537 1326 veco
1564 1254 1642 1328 Deo
1672 1261 1859 1346 aberrant,
1892 1261 1976 1356 qra'a
2004 1277 2138 1352 negant
2170 1287 2249 1334 esse

211 1363 247 1426 ot
278 1349 498 1431 maiouim
523 1349 739 1437 coniungere
758 1373 859 1424 suam
882 1351 1145 1429 invocationem
1168 1365 1202 1424 et
1248 1368 1433 1427 anunn-
1453 1373 1609 1449 patren,
1633 1373 1670 1432 et
1692 1361 1806 1432 filium
1827 1363 2018 1452 imaginem
2040 1365 2086 1432 de
2105 1367 2248 1436 aeterni

211 1451 502 1569 confeoionfcn,
527 1451 619 1528 sicut
646 1449 763 1526 David
793 1453 930 1546 inquit,
970 1453 1099 1534 Psalm.
1120 1455 1200 1530 to:
1247 1458 1357 1549 patrie
1381 1461 1532 1533 essentia
1555 1461 1728 1551 genitam,
1745 1477 1789 1536 at
1806 1463 2174 1557 Spiritumsanctnm
2199 1467 2248 1539 ab

212 1551 333 1631 Unum
357 1553 445 1645 detti
464 1551 676 1638 odonna,
700 1549 770 1630 hoc
792 1557 955 1649 requiro,
979 1571 1021 1630 ut
1043 1553 1200 1630 habitem
1248 1573 1393 1634 aetem
1409 1575 1509 1654 patre
1525 1575 1562 1634 et
1576 1564 1651 1635 lilio
1666 1568 1929 1655 procedentem.
2076 1573 2098 1632 .’

210 1657 250 1733 in
274 1657 384 1736 dono
396 1651 545 1736 Domini
561 1655 728 1730 omuibus
742 1658 869 1730 diebus
886 1657 981 1744 vitae
993 1685 1113 1746 meae,
1135 1674 1214 1736 etc..
1348 1663 1411 1734 oo
1449 1663 1533 1736 Non
1556 1665 1666 1756 igitur
1683 1661 1836 1752 adorant
1860 1689 1986 1744 recen
2007 1665 2145 1747 nam,
2180 1671 2247 1740 ced

208 1753 258 1839 E't
279 1756 412 1835 Psalle.
434 1757 513 1838 dioc
542 1754 646 1832 Beati
670 1759 731 1852 qni
758 1755 923 1834 habitant
943 1763 983 1834 in
1004 1763 1115 1834 domo
1138 1776 1199 1834 tua
1246 1765 1414 1858 sculpunt
1432 1767 1502 1838 sibi
1522 1766 1610 1859 ipris
1631 1769 1860 1846 sfmrdmm
1876 1771 1918 1841 in'
1934 1793 1996 1840 rna
2011 1768 2248 1858 cogitatione,

208 1859 374 1932 Domine.
424 1855 732 1944 deformat:
760 1859 915 1936 Plantati
938 1864 978 1936 in
1000 1862 1200 1938 domoDo·
1246 1871 1343 1962 quod
1374 1869 1608 1960 compellant,
1641 1871 1817 1964 tingentes
1840 1871 1979 1973 aliquid
2007 1892 2081 1942 esra
2111 1867 2247 1956 Denrn,

207 1963 322 2056 mini,
344 1961 386 2054 io
399 1962 502 2039 auiis
516 1963 645 2036 domus
661 1961 727 2036 Dei
745 1963 861 2040 nostri
875 1965 1066 2047 florebunt
1190 2008 1193 2016 ·
1246 1971 1342 2063 qtrod
1357 1993 1432 2042 oon
1450 1985 1502 2044 est
1518 1967 1628 2047 Deus·
1869 1971 1871 1976 ’
2075 1999 2105 2056 ,·

176 2091 184 2112 t
311 2060 376 2140 51.
408 2061 557 2140 Etcum
583 2065 669 2140 velit
687 2063 804 2154 Deus,
836 2067 952 2142 filium
971 2067 1134 2158 agnosci,
1165 2081 1200 2139 et
1346 2071 1409 2150 ⁶7.
1448 2067 1525 2145 Alii
1555 2086 1675 2164 postea
1704 2071 1908 2146 attanulra
1931 2071 2126 2158 stanam
2145 2076 2245 2146 scut.

207 2166 372 2247 extttditi
400 2166 439 2242 in
463 2180 538 2244 toto
560 2161 891 2260 genereltutnano,
920 2169 1001 2241 vult
1020 2185 1056 2245 et
1075 2165 1198 2242 Ecclc·
1245 2187 1355 2263 punt,
1379 2190 1422 2253 ut
1431 2171 1670 2253 Athenienses
1685 2175 1727 2247 in
1741 2175 1841 2249 bello
1851 2173 1984 2249 Xerxis
1993 2175 2246 2249 sacrificabant

206 2270 304 2364 siam,
318 2269 496 2362 conspici,
523 2282 557 2352 et
580 2283 719 2359 metum
735 2271 911 2376 visibilem
929 2295 1014 2351 esse.
1063 2269 1199 2366 Estque
1244 2273 1399 2362 Boreae,
1421 2289 1592 2372 tanquam
1615 2277 1725 2356 netad
1740 2277 1851 2362 adfini
1870 2290 2015 2368 propter
2032 2271 2244 2370 orithyam,

205 2394 291 2446 vera
311 2367 573 2460 DeiEcclesia,
600 2385 719 2447 coetus
741 2372 911 2464 visibilis,
936 2373 1094 2448 retinens
1115 2375 1199 2450 lun-
1245 2391 1280 2448 et
1301 2380 1487 2471 petebant,
1520 2391 1563 2451 nt
1585 2379 1730 2454 claram
1746 2377 1876 2454 Xerxis
1898 2401 1963 2454 suo
1977 2378 2063 2457 flatu
2079 2380 2243 2470 pelleret.

196 2475 430 2559 dementum,
452 2475 490 2543 id
512 2485 584 2574 est,
616 2474 815 2545 doctrinam
829 2473 1018 2567 Evangelii
1033 2476 1200 2552 incocru-
1245 2478 1346 2554 Talis
1373 2495 1426 2554 est
1451 2481 1632 2556 invocatio
1664 2481 1958 2576 compellentium
1986 2474 2153 2578 hemines
2177 2483 2242 2552 ab·

204 2575 575 2673 ptam,.iuxtaomnes
591 2576 759 2650 articulos
774 2578 871 2664 fidei,
891 2591 1090 2676 praecepta,
1112 2603 1198 2670 pro-
1244 2595 1370 2660 scotto
1463 2623 1468 2630 ·
2025 2652 2029 2665 .

203 2669 410 2780 missiones,
448 2677 660 2782 legitimum¹
683 2701 787 2752 usum
817 2679 1128 2753 sacramentorum
1165 2693 1198 2755 et
1346 2677 1409 2760 58.
1447 2682 1588 2760 Deinde
1615 2685 1788 2754 accedunt
1810 2675 1959 2754 Ethnici
1981 2683 2028 2752 ad
2053 2681 2145 2779 illud
2167 2708 2240 2756 nu·

202 2780 439 2871 reverentiam
470 2779 670 2855 ministerio
699 2781 876 2870 debitam,
909 2807 975 2858 nec
1003 2782 1198 2856 defendens
1244 2809 1327 2860 men
1351 2787 1429 2860 aine
1445 2786 1775 2882 -pcomtntonihus,
1804 2783 1882 2860 sine
1910 2783 2127 2876 mediatore,
2154 2807 2239 2855 cnm

202 2875 346 2977 idola]
382 2967 386 2976 ,
459 2961 464 2976 ¹
1243 2901 1412 2982 perpetua
1429 2885 1665 2964 dubitatione.
1715 2883 1767 2963 lta
1783 2886 2014 2960 mediatorem
2030 2909 2129 2960 nunc
2145 2911 2242 2982 quo·

208 2990 212 3002 '
275 2978 385 3085 oti.
407 2975 479 3086 Nec
504 2983 591 3056 alibi
616 3000 700 3060 sunt
722 2981 823 3063 electi
847 2985 917 3058 nisi
941 2987 981 3058 io
1005 2982 1073 3061 boc
1096 3004 1198 3059 coetu
1244 3015 1313 3085 que
1334 3003 1537 3076 removent,
1563 2989 1624 3084 qui
1645 2989 1772 3063 iubent
1788 3011 1932 3076 manece
1947 2989 1987 3057 in
2001 2987 2241 3075 dubitatione,

202 3098 428 3168 vocatorum3
441 3087 555 3162 'iuxta
568 3086 678 3158 illud:
705 3085 806 3178 Quos
820 3089 938 3180 elegit,
959 3084 1027 3159 hos
1043 3104 1078 3160 et
1093 3113 1198 3160 voca·
1244 3105 1305 3162 aut
1327 3090 1390 3190 qui
1405 3091 1532 3162 fiducia
1548 3091 1604 3160 sui
1620 3087 1799 3181 sacrificii,
1825 3102 1888 3160 aut
1900 3089 2053 3162 aliorum
2069 3092 2239 3186 proprio-

202 3177 265 3258 v'tt.
277 3186 292 3212 '¹
306 3185 380 3260 Nec
393 3189 617 3261 libertas.illa
634 3187 693 3280 pia
709 3201 780 3276 est,
806 3215 913 3284 quam
930 3190 1000 3261 sibi
1016 3193 1118 3263 multi
1138 3216 1198 3262 su·
1242 3218 1323 3266 rum
1338 3218 1486 3282 operum
1502 3192 1547 3264 ad
1561 3185 1679 3274 Deum
1692 3191 1879 3262 accedunt:
1996 3247 2000 3254 .

94 3331 97 3342 ·
202 3281 321 3387 morit,
344 3281 407 3386 qui
424 3287 831 3391 motelAcademicorum
848 3308 1032 3386 vagantur,
1059 3306 1094 3366 et
1111 3319 1197 3364 con·
1289 3313 1296 3328 '
1346 3290 1407 3369 59.
1433 3289 1576 3369 Aleum
1592 3317 1675 3366 vera
1688 3292 1913 3372 invocatione
1927 3293 2138 3364 coniunctae
2152 3311 2237 3365 sunt

203 3391 385 3470 tradicunt
407 3393 595 3481 omnibus,
617 3408 652 3468 et
670 3392 807 3466 nullius
820 3389 1000 3468 Ecclesiae
1015 3395 1107 3467 cives
1123 3421 1196 3470 esse
1243 3413 1399 3471 caeterae
1423 3399 1596 3483 virtutes,
1628 3389 1802 3477 Dilectio,
1834 3396 1971 3465 bonum
1999 3398 2239 3487 propositum,

202 3490 345 3595 volunt,
376 3481 420 3572 de
441 3497 571 3592 q'uibus
591 3497 740 3570 dicitur:
769 3495 843 3594 Qui
865 3483 948 3570 non'
964 3498 1098 3592 colligit
1119 3524 1195 3569 me·
1243 3499 1350 3593 Spes,
1383 3497 1577 3588 Patientia,
1603 3513 1638 3570 et
1657 3497 1767 3584 aliae,
1793 3495 1842 3576 ita
1867 3521 1947 3568 curn
1972 3493 2128 3590 Spiritus
2152 3521 2239 3568 san-

72 3665 76 3690 ,
204 3621 304 3684 cum,
328 3598 510 3694 dispergit
946 3613 951 3621 '
1242 3615 1319 3673 ctus
1347 3593 1453 3671 corda
1484 3601 1553 3672 fide
1583 3591 1756 3685 vivificat}
1786 3593 1894 3671 simul
1923 3594 2070 3670 inchoet
2101 3599 2140 3670 in
2171 3595 2238 3671 lrac

304 3696 367 3778 58.
409 3699 457 3776 Et
486 3701 581 3775 filius
602 3699 672 3774 Dei
699 3700 736 3772 in
762 3723 875 3793 agone
898 3696 1061 3794 precatur
1082 3716 1194 3774 acter—
1242 3701 1485 3776 consolatione
1505 3703 1711 3779 interiorem
1737 3701 1999 3786 obedientiam,
2029 3699 2126 3796 quod
2150 3727 2238 3772 voce

201 3823 289 3873 num
323 3818 481 3896 patrem,
513 3819 552 3875 nt
578 3806 685 3875 iaciat
714 3818 752 3874 ut
772 3827 886 3875 onum
911 3805 1021 3875 simus
1043 3805 1082 3874 in
1104 3801 1195 3892 Deo.
1242 3807 1329 3898 legis
1346 3831 1568 3902 nequaquam
1587 3804 1676 3875 ellici
1693 3797 1819 3896 potuit.
1853 3873 1857 3884 ,

72 3894 75 3903 “
186 3901 452 3998 ‘Adiungamus
469 3906 579 3996 igitur
596 3929 663 3975 nos
677 3908 721 3974 ad
736 3927 857 3975 vcrarn
874 3903 1086 3990 Ecclesiam,
1113 3907 1195 3978 obi·
1342 3907 1406 3983 ott
1438 3907 1507 3979 Sed
1521 3904 1608 3978 haec
1622 3905 1824 3979 obedientia
1839 3901 2067 3976 nondumest
2081 3905 2238 3996 perlecta

204 4029 346 4098 cunque
362 4000 502 4092 srrmu's,
528 4007 621 4080 votir
639 4020 674 4078 et
690 4007 921 4077 ebolessione.
972 4008 1094 4099 Quare
1109 4035 1195 4096 con·
1242 3999 1328 4103 legis
1351 4010 1532 4101 impletio,
1555 4009 1638 4104 quia
1660 4009 1883 4084 verissimum
1899 4021 1970 4089 est,
1998 4020 2180 4102 peccatum
2199 4007 2238 4076 in

201 4093 307 4207 lit'eor
327 4135 384 4181 me
400 4111 569 4209 ¹amplecti
585 4124 795 4180 consensum
809 4103 1002 4180 catholicae
1016 4111 1196 4185 Ecclesiae
1242 4125 1369 4183 natura
1393 4107 1550 4182 humana
1574 4112 1751 4204 reliquum
1776 4107 1813 4180 in
1833 4105 1898 4180 hac
1913 4110 2002 4196 vita,
2026 4109 2091 4179 etsi
2109 4111 2237 4181 morti-

202 4209 273 4284 tta·
293 4216 495 4304 adpressum
516 4211 817 4304 inconfusione,
843 4235 949 4307 quam
972 4209 1196 4286 hoecEccle-
1242 4213 1341 4286 ficari
1376 4212 1485 4306 cepit,
1526 4227 1648 4286 tamen
1681 4213 1845 4284 nondum
1878 4233 2022 4304 prorsus
2051 4226 2236 4284 mortuum

204 4313 255 4403 sia
286 4312 448 4407 exhibuit
475 4314 692 4407 Imperatori·
716 4313 846 4387 Carolo
875 4311 1056 4406 Augustae
1085 4314 1195 4390 Anno
1244 4339 1329 4392 esse.
1381 4315 1532 4408 Tegitur
1553 4328 1672 4388 antem
1693 4340 1713 4387 a
1734 4301 1810 4386 lilio
1827 4310 1915 4398 Dei,
1942 4313 2070 4409 quiest
2085 4313 2236 4388 umbra·

206 4397 318 4489 todo
329 4415 376 4489 ‘et
398 4420 441 4488 in
455 4417 625 4504 socictate
643 4440 789 4504 corum,
814 4414 990 4513 qui'lranc
1013 4421 1196 4495 doctrinae
1243 4421 1382 4506 culum,
1407 4435 1441 4490 et
1457 4419 1622 4491 liberavit
1637 4422 1820 4490 credentes
1835 4441 1855 4487 a
1868 4414 2120 4490 maledictione
2138 4415 2237 4504 legis.

204 4543 328 4590 vocem
353 4520 632 4614 amplectuntur:
663 4519 800 4592 Verum
815 4517 950 4607 Deum,
981 4523 1109 4594 fiducia
1130 4523 1195 4598 lilii
1344 4523 1406 4598 dl.
1448 4515 1700 4614 Philosophica
1728 4515 1934 4612 imaginatio
1966 4533 2038 4604 est,
2079 4511 2236 4592 lteroicit

203 4617 435 4695 berthivini
452 4619 567 4696 nortrl
584 4619 667 4696 lesu
679 4619 817 4696 Christi
827 4625 969 4700 invoco.
1243 4627 1350 4700 donis
1378 4624 1523 4706 infusis,
1555 4637 1738 4723 propterea
1768 4615 1953 4694 bominem
1982 4621 2115 4692 iustum
2149 4641 2236 4704 esse,

257 4759 261 4772 ·
308 4723 372 4812 fil.
391 4723 395 4730 ’
411 4725 509 4799 Com
530 4727 666 4799 dicitur·
687 4728 781 4818 apud
801 4721 1031 4798 bahadam:
1066 4723 1197 4800 tttton-
1244 4731 1335 4801 sicut
1355 4741 1392 4798 et
1408 4725 1535 4800 Cicero
1555 4727 1695 4822 inquit,
1729 4723 1877 4798 Nullam
1893 4723 2043 4796 existere
2065 4719 2234 4795 virtutem

208 4827 295 4898 dir·
314 4849 425 4920 anpar
449 4833 598 4906 domum
618 4830 760 4914 David,
793 4843 829 4900 et
849 4849 957 4922 super
978 4825 1197 4904 habitatores
1244 4852 1409 4923 magnam
1430 4830 1507 4902 sine
1527 4831 1659 4902 adflato
1683 4822 1821 4902 divino.
1872 4823 1924 4900 lit·
1937 4827 2082 4921 quidem
2098 4819 2237 4894 Ethni·

206 4927 605 5024 lerusa'lam-Spir'itaar·
622 4931 755 5024 gratiae
775 4945 811 5003 et
829 4951 997 5025 mern,
1022 4933 1197 5012 discend-
1243 4934 1294 5006 cis
1323 4933 1406 5004 illae
1426 4932 1531 5032 ,ipsae
1561 4927 1725 5006 lteccicae
1754 4930 1921 5015 virtutes,
1951 4943 1994 5001 nt
2016 4922 2172 4998 Achillia
2202 4941 2235 4998 ct

114 5086 119 5095 ,
205 5047 272 5108 tur
295 5028 420 5103 'carcec
434 5029 526 5126 lcgi'v
542 5059 567 5106 a
584 5033 797 5106 liberatione
816 5035 955 5106 denna
969 5055 1034 5126 per
1046 5038 1196 5110 cadem·
1221 5109 1224 5119 ,
1243 5030 1658 5132 Alexandriiortitudo,
1689 5032 1843 5104 illudria
1865 5029 2070 5126 testimonia
2088 5031 2138 5098 de
2156 5027 2233 5100 Deo

205 5134 460 5217 nrm-‚fittnm
476 5137 557 5208 Dei.
613 5137 689 5210 tar
707 5133 948 5215 miataatun
968 5151 1021 5214 cet
1043 5133 1196 5211 botre}
1242 5141 1397 5236 iuemnt.
1449 5139 1521 5212 Seri
1544 5131 1754 5208 itt-’Etelesia
1777 5154 1925 5226 ικοεεεσΙ
1935 5145 2006 5222 est,
2029 5131 2102 5203 dici
2117 5133 2163 5202 de
2177 5153 2234 5202 re·

207 5239 273 5310 dae
295 5234 471 5324 iraenei,
496 5252 531 5309 et
553 5241 591 5310 in
613 5235 679 5312 hac
700 5241 838 5332 ingenti
859 5235 1195 5322 consternationea't
1222 5235 1412 5317 Lmtntaaa
1445 5253 1687 5332 peccatmnrn,
1727 5241 1772 5310 de
1804 5237 2042 5330 imputatione
2070 5233 2234 5306 iusticias

117 5367 120 5376 ⁴
204 5339 725 5431 inremuneratum.
775 5341 847 5422 sea
867 5365 949 5417 eam
971 5335 1195 5417 =0canvan
1222 5355 1389 5439 rnna
1416 5345 1532 5442 orum
1555 5339 1649 5438 Xon,
1679 5349 1715 5414 n
1742 5342 1788 5412 aa
1814 5341 1907 5426 sse,
1935 5340 1973 5415 tc
2002 5351 2070 5423 en,
2103 5319 2235 5408 taum

204 5441 295 5530 getii·
316 5437 561 5516 anntraciatnr
588 5435 750 5516 remissis
781 5458 1023 5536 pandoram,
1040 5445 1197 5541 Μὴν
1240 5447 1506 5522 misericordiae
1525 5446 1688 5522 intuente
1707 5442 1828 5516 iliam
1836 5439 1927 5534 Del,
1946 5461 2021 5540 qua·
2039 5439 2232 5514 liberamur

109 5715 234 5792 A
