4604 5804
65 329 134 402 aas
752 321 783 400 1.
834 310 1398 398 ennonrconcamonrs.
1962 279 1964 284 ’
2011 313 2086 387 ssa
2218 317 2223 334 ⁸

63 497 330 594 Aemylianum,
363 493 446 590 qnia
477 517 558 566 cum
587 493 627 565 in
656 493 819 565 secundis
845 487 971 574 rebus,
1004 492 1044 560 in
1093 487 1250 582 potentia
1282 501 1368 558 tunc
1400 487 1568 572 florebat,
1600 481 1793 557 ethorum
1822 480 1977 556 hostium
2007 508 2082 554 non

64 623 185 690 magna
225 598 337 688 gloria
365 611 399 667 et
426 597 531 667 rebus
557 595 677 686 gestis,
714 617 803 688 qnae
832 593 1043 688 profuerunt
1075 587 1239 686 ¹maguae
1254 590 1347 658 vires
1361 601 1473 656 erant.
1512 585 1597 656 ldeo
1610 585 1803 656 Pausanias
1818 587 1951 680 inquit:
1979 587 2079 680 θρα-

63 702 210 792 patriac,
236 699 321 770 iusti
342 711 377 768 et
399 697 550 768 modesti
566 698 719 785 fuerint,
744 695 903 788 exempla
918 716 1041 765 eorum
1094 685 1206 786 σύτης
1226 683 1541 783 μετὰιᾶσθενείας
1561 683 1679 778 μανία
1701 683 1796 771 ἐστὶ,
1832 689 1894 780 qui
1916 700 1950 757 et
1971 689 2077 757 finem

62 815 141 873 nota
158 823 233 871 esse
248 801 416 870 omnibus
430 801 517 870 utile
532 812 596 874 est.
949 809 954 816 “
1092 789 1239 864 Achaici
1259 791 1347 862 belli
1369 789 1477 859 fuisse
1492 789 1634 874 scribit,
1660 785 1875 883 Olympiade
1889 791 2077 859 centesima

156 900 275 972 Carbo
299 914 419 992 postea
443 899 512 970 sibi
533 894 884 989 mortem‡conscivit.
934 893 1040 968 Caius
1091 909 1126 967 et
1141 891 1370 982 sexagesima,
1395 889 1713 983 maximequetunc
1727 887 2076 960 aitdebilitatasesse

63 997 240 1074 Gracchus
267 1013 304 1072 et
331 1000 497 1086 Fulvius,
529 1023 610 1073 cnm
636 999 800 1070 seditiose
820 999 1039 1070 Aventinum
1092 993 1263 1064 Graeciae
1291 993 1395 1065 vires.
1452 989 1527 1060 Nec
1557 1003 1674 1060 tamen
1697 988 1875 1084 quiescere
1897 989 1935 1058 in
1959 1013 2000 1060 ea
2020 991 2075 1060 ia-

61 1115 213 1173 montem
237 1119 316 1172 cum
334 1114 467 1172 armata
482 1100 712 1171 multitudine
725 1095 973 1191 occupassent,
994 1099 1040 1169 ab
1090 1094 1192 1167 ctiosi
1208 1095 1300 1165 cives
1315 1102 1524 1186 potuerunt.

61 1199 204 1295 Opimio
219 1197 377 1273 Consule
399 1201 574 1273 interlecti
590 1214 691 1284 sunt,
715 1215 749 1273 et
765 1199 939 1272 trucidata
956 1211 1040 1270 sunt

61 1305 96 1372 in
111 1325 152 1373 eo
168 1302 303 1392 praelio
321 1305 459 1372 urbano
477 1301 543 1372 tria
559 1302 671 1370 millia
688 1297 887 1375 hominum.

155 1401 235 1477 Caii
251 1399 405 1474 Gracchi
427 1402 629 1496 eloquentia
652 1401 702 1470 sic
720 1402 888 1474 laudatur
901 1423 921 1472 a
936 1399 1039 1473 Cice·

59 1525 157 1575 rone:
185 1501 347 1572 Grandis
368 1503 574 1596 estverbis,
601 1501 740 1592 sapiens
753 1503 954 1600 sententiis,
978 1523 1038 1591 ge-

60 1629 137 1674 nere
167 1618 244 1675 toto
271 1603 406 1693 grams,
439 1626 565 1675 manus
597 1615 751 1674 extrema
779 1627 852 1672 non
884 1604 1038 1675 accessit.

59 1703 239 1794 Legendus
251 1716 305 1774 est
319 1698 378 1774 hic
391 1715 520 1778 orator.
569 1702 653 1773 Non
666 1703 761 1774 enim
773 1705 887 1776 solum
903 1726 1038 1788 acuere,

60 1809 114 1874 sed
127 1807 234 1876 etiam
248 1803 343 1873 alere
356 1805 539 1894 ingenium
554 1815 685 1892 potest,
710 1818 776 1877 etc.
826 1805 933 1897 Apud
949 1802 1038 1874 Gel-

59 1907 139 1975 lium
163 1906 260 1974 libro
281 1905 340 1978 11.
368 1905 519 1996 cap.10.
546 1899 632 1974 haec
655 1905 730 1974 eius
754 1907 860 1978 verba
883 1905 1037 1992 recitan-

59 2021 124 2076 tur:
149 2001 289 2076 Omnes
310 2028 377 2074 nos
399 2006 461 2097 qni
480 2006 586 2074 verba
602 2005 771 2086 iacimus,
795 2005 932 2098 aliquid
948 2006 1051 2100 peti-¹

58 2128 148 2191 mns,
172 2128 289 2197 neque
302 2105 414 2174 ullius
429 2105 479 2174 rei
495 2127 597 2176 cansa
611 2107 799 2199 quisquam
815 2109 858 2177 ad
875 2129 936 2177 vos
951 2131 1037 2198 pro·

59 2207 122 2290 ‘m’
146 2207 220 2276 nisi
240 2218 281 2276 οἳ
302 2205 438 2300 aliquid
462 2206 619 2326 aufem.
657 2203 735 2296 Eg⁰
750 2205 825 2299 39⁸⁰
840 2231 914 2326 ¹¹9⁰
928 2207 1036 2299 gratis
1060 2187 1063 2266 1
1086 2277 1232 2325 manum
1256 2243 1466 2342 imperium.¹
1506 2248 1577 2320 Hic
1597 2245 1836 2342 Philosophus
1859 2251 2070 2345 aliquandiu

57 2308 194 2397 prodeo.
247 2303 382 2375 Verum
402 2319 482 2398 peto
499 2331 519 2376 a
536 2308 638 2377 vobis
654 2329 726 2377 non
746 2331 949 2399 pecuniam,
975 2311 1035 2379 sed

57 2407 178 2477 honam
195 2406 490 2478 upsgmagonem
554 2405 629 2496 Qui
643 2407 818 2498 prodeunt
829 2409 1022 2480 dissuasuri
1086 2354 1184 2425 velut
1205 2367 1377 2448 tyrannus
1397 2363 1516 2442 septus
1531 2363 1665 2422 armato
1681 2352 1847 2432 satellitio
1866 2353 2070 2424 dominatus

494 2453 503 2474 ’
1025 2461 1036 2492 ’
1087 2468 1139 2526 est
1163 2450 1333 2537 Athenis,
1365 2452 1543 2522 interiecit
1570 2452 1702 2522 multos
1730 2453 1841 2540 cives,
1873 2455 2069 2524 multorum

58 2530 97 2576 ¹¹⁸
117 2501 211 2579 hanc
226 2508 339 2596 legun
354 2507 550 2600 accipiaffl'
573 2507 758 2599 Pecuniam
773 2521 910 2600 Petunt·
961 2509 1036 2600 0¹¹³
1085 2553 1266 2627 lacnltates
1289 2553 1457 2648 diripuit,
1482 2565 1518 2624 et
1538 2551 1675 2642 magnis
1694 2553 1827 2626 acervis
1844 2557 2015 2644 pecuniae
2029 2555 2070 2624 in

58 2619 166 2677 autem
189 2631 233 2678 ex
255 2609 377 2677 eodem
399 2607 479 2678 loco
498 2622 603 2701 atque
619 2609 745 2678 ordine
761 2621 897 2692 tacent,
923 2607 962 2681 hi
978 2613 1036 2732 vel
1083 2652 1213 2727 Delum
1229 2654 1363 2742 missis,
1384 2654 1486 2746 fugit·

58 2708 211 2778 acerrimi
240 2721 344 2791 suut,
376 2731 459 2778 nam
490 2709 536 2780 ab
563 2708 731 2782 omnibus
757 2711 916 2804 precium
943 2734 1036 2784 aecr-

57 2806 168 2897 pinnt,
190 2821 367 2881 etomnes
382 2808 522 2880 iallunt.
757 2869 764 2879 ,
1185 2805 1360 2880 Successit
1386 2799 1528 2877 Aristr'o
1564 2801 1756 2902 tyrannus,
1798 2804 1951 2878 sentiens
1987 2811 2069 2878 cum

1084 2903 1316 2995 Mithridate,
1341 2909 1515 2978 eonllatus
1535 2922 1576 2980 ut
1592 2905 1720 2978 Graeci
1741 2907 1920 2990 scribunt,
1945 2932 1986 2979 ex
2005 2933 2069 3001 pe-

1084 3010 1233 3082 tulantia
1250 3021 1284 3080 ct
1298 3004 1515 3080 crudelitate.
1563 3005 1633 3077 Hic
1648 3003 1833 3099 prohibuit
1846 3031 1892 3078 ne
1906 3002 2067 3080 Athenae
2083 3093 2086 3100 ι

312 3063 380 3134 De
406 3059 773 3138 'mmmmm'
1084 3111 1249 3189 Romano
1276 3109 1360 3192 duci
1385 3107 1503 3204 Syllae
1529 3103 1566 3179 se
1596 3109 1775 3209 dederent,
1826 3105 1945 3198 Quare
1967 3107 2068 3206 Sylla
2169 3141 2172 3148 ¹

146 3213 264 3309 Supra
288 3213 420 3284 dictum
445 3227 517 3299 est,
540 3205 627 3306 pa'ce
648 3217 737 3287 iacta
761 3239 842 3286 cum
864 3211 1032 3311 Philippo
1082 3213 1209 3284 urbem
1232 3226 1324 3284 terra
1347 3211 1510 3306 marique
1532 3209 1804 3292 circumcidens,
1829 3212 1973 3282 tandem
1990 3234 2067 3280 eam

58 3329 127 3400 tege
153 3313 414 3398 Macedonum,
443 3309 627 3384 Romanos
651 3313 842 3402 Graeciae,
875 3318 958 3409 quia
986 3319 1032 3388 ab
1081 3315 1120 3384 vi
1144 3312 1278 3404 coepit,
1312 3325 1346 3383 ct
1376 3335 1540 3402 maguam
1572 3309 1702 3382 civium
1730 3311 1997 3382 multitudinem
2027 3313 2067 3382 in

57 3429 91 3476 ta
110 3413 288 3485 doctrinas
308 3430 341 3485 et
362 3415 456 3504 leges
479 3429 702 3504 acceperant,
727 3439 848 3505 pacem
873 3418 1032 3487 etliber·
1081 3414 1171 3485 urbe
1204 3412 1405 3484 trucidavit.
1479 3409 1590 3482 Multi
1621 3424 1724 3502 autea
1754 3411 1847 3480 fame
1877 3413 2069 3503 perierant.
2168 3491 2171 3500 κ

57 3519 150 3580 tatem
168 3514 384 3599 restituisse,
407 3507 442 3586 et
458 3515 637 3584 decretum
653 3513 697 3590 T.
706 3513 874 3586 Flaminii
890 3519 1032 3607 publice
1080 3513 1287 3587 Medimnus
1298 3511 1395 3583 enim
1407 3509 1577 3582 frumenti
1590 3511 1922 3588 vendebaturmille
1937 3507 2067 3581 drach-

55 3609 228 3686 reeitatnm
265 3631 317 3687 est
351 3616 389 3684 in
421 3608 595 3701 lsthmiis,
637 3637 731 3685 anno
761 3615 862 3687 urbis
892 3616 1031 3690 Romae
1080 3617 1170 3703 mis,
1201 3615 1240 3685 id
1260 3627 1330 3699 est,
1356 3627 1496 3684 centum
1523 3610 1718 3692 coronatis,
1743 3609 1804 3702 qui
1827 3611 2065 3684 mediocribus

56 3709 327 3800 quingentesimo
343 3715 635 3809 quinquagesimo
650 3716 810 3808 septimo.
836 3714 916 3788 Hoc
930 3732 1029 3792 tanto
1080 3717 1184 3789 annis
1208 3715 1457 3787 aestimabatur
1481 3711 1639 3806 quinque
1660 3704 1850 3786 drachmis.
1901 3711 2063 3808 Aristion

55 3804 216 3884 beneficio
233 3814 382 3887 Graecia
398 3817 565 3887 universa
580 3816 653 3886 lrui
669 3830 704 3887 et
721 3817 873 3888 retinere
888 3819 1029 3890 dulcem
1078 3821 1125 3891 ab
1141 3842 1201 3890 ara
1214 3817 1358 3890 avulsus
1370 3826 1514 3886 necatus
1529 3825 1596 3885 est.

55 3916 337 4006 tranquillitatem
353 3930 509 4009 poterat,
532 3919 592 3987 sed
610 3916 767 4010 inquieta
785 3918 927 4010 ingenia
943 3920 1029 3991 snb-
1278 3919 1282 3924 ’

55 4005 129 4081 inde
158 4039 272 4088 novos
300 4018 473 4088 tumultus
503 4018 705 4089 movebant.
758 4017 806 4090 Et
830 4020 1028 4118 plerunque

54 4099 204 4187 homines
227 4117 398 4206 singulari
419 4118 614 4209 petulantia
630 4118 755 4192 fatales
771 4143 904 4213 poenas
918 4135 1027 4194 attra-

36 4199 153 4306 hunt,
177 4218 269 4289 sicut
284 4216 449 4289 Lucanus
465 4219 601 4312 inquit:

96 4315 159 4383 Hoc
173 4329 273 4408 placet
289 4343 308 4387 o
323 4330 443 4408 superi,
468 4347 538 4388 oum
553 4328 641 4389 vobis
656 4342 768 4391 vertere
782 4342 888 4393 cuncta

80 4413 303 4506 Propositum,
329 4432 438 4490 nostris
453 4427 600 4490 amoribus
616 4427 723 4490 addere
735 4434 859 4496 odmen.

97 4514 234 4590 Cladibus
246 4529 407 4608 irruimus,
433 4530 630 4613 nocituraque
644 4533 796 4612 possimus
811 4552 904 4600 arma.

141 4617 266 4694 Statim
289 4635 367 4716 post
389 4644 512 4717 pacem
534 4647 613 4694 cum
628 4619 797 4718 Philippo
819 4627 946 4699 laetam
967 4651 1025 4698 re-

53 4703 217 4794 bellarunt
232 4718 363 4797 Aetoli.
415 4723 486 4797 Sed
502 4723 607 4812 louge
625 4724 739 4798 maius
754 4727 887 4800 bellum
903 4739 1024 4819 postea

53 4826 229 4896 moverunt
247 4819 381 4895 Achaei
404 4838 439 4897 et
450 4820 592 4897 Boeotii
612 4848 708 4896 anno
730 4827 1022 4925 quinquagesimo
1173 4821 1271 4895 Hace
1287 4823 1332 4892 de
1349 4818 1520 4892 Graeciae
1535 4816 1651 4889 ruinis
1665 4819 1738 4887 un'o
1754 4815 1791 4884 in
1808 4814 1888 4884 loe'o
1903 4815 2060 4888 breviter
2157 4867 2165 4882 .

53 4927 122 4994 Post
140 4919 335 4997 libertatem
358 4947 378 4994 a
401 4923 487 4996 Tito
506 4925 685 4997 Flaminio
710 4925 856 5000 Graecis
878 4931 1022 5000 restitu-
1071 4924 1261 5020 annotavi,
1285 4923 1350 4994 etsi
1367 4922 1405 4992 in
1422 4919 1509 4994 serie
1526 4916 1694 4990 historiae
1710 4918 1870 4988 nondum
1885 4917 1929 4986 ad
1941 4916 2059 5012 Syllae

53 5017 127 5090 ¹³¹³·
175 5022 216 5095 ln
241 5026 296 5094 eo
314 5025 408 5095 bello
430 5037 464 5096 et
485 5020 710 5100 Achaeorum
733 5042 768 5100 et
789 5027 1020 5101 Boeotiorum
1070 5041 1210 5122 tempus
1231 5024 1472 5118 pervenimus:
1498 5020 1615 5092 sedin
1633 5013 1779 5120 historia
1798 5017 2059 5088 continuame-

54 5119 207 5196 erercitus
229 5126 299 5197 cito
325 5125 490 5197 trucidati
513 5140 607 5199 suut.
656 5127 737 5201 Dux
757 5127 888 5203 Diaeus
908 5128 1022 5201 intc'r-
1069 5129 1140 5200 lius
1165 5123 1321 5218 conspici
1341 5137 1473 5217 potest,
1495 5115 1559 5191 has
1578 5121 1700 5192 fatales
1716 5141 1847 5211 poenas
1863 5142 2057 5209 pancomm

52 5206 124 5286 lecit
152 5225 355 5317 coniugem,
391 5247 437 5295 ne
463 5225 562 5298 lieret
590 5231 749 5320 captiva,
782 5244 816 5302 et
842 5255 1019 5303 venenum
1067 5228 1251 5300 furoribus
1270 5237 1432 5298 attractas
1447 5244 1541 5302 esse,
1566 5220 1631 5313 qui
1645 5222 1787 5292 fuerunt
1803 5221 1937 5312 patriae
1947 5211 2058 5288 ’Arol-

1190 1243 1277 1316 Fuit
1304 1254 1383 1334 post
1412 1264 1526 1312 annos
1550 1241 1826 1336 quinquaginta,
1855 1266 1950 1314 anno
1973 1245 2074 1314 urbis

1087 1344 1225 1418 Romae
1246 1344 1497 1415 sexcentesimo
1519 1343 1730 1431 sexagesimo
1746 1357 1861 1430 sexto,
1885 1345 1980 1414 bello
1997 1345 2072 1417 Mi-

1089 1441 1281 1518 thridatico
1302 1438 1543 1535 Philosophus
1564 1439 1716 1513 Athenis
1740 1443 1885 1514 nomine
1901 1439 2073 1532 Athenio,

1089 1549 1151 1641 qui
1173 1548 1369 1618 conductus
1391 1567 1518 1634 magna
1539 1544 1691 1636 pecunia
1713 1540 1958 1618 aMithridate
1983 1547 2073 1617 civi-

1088 1649 1155 1720 bus
1170 1647 1298 1732 suasit,
1320 1659 1394 1716 uta
1410 1644 1585 1717 Romanis
1599 1647 1644 1714 ad
1660 1669 1739 1716 eum
1755 1646 1961 1733 delicerent,
1986 1648 2072 1742 qnia

1088 1749 1214 1819 melius
1236 1760 1344 1832 esset,
1367 1769 1481 1818 unum
1495 1768 1568 1816 esse
1585 1745 1682 1815 orbis
1695 1741 1926 1816 monarcham
1940 1771 2071 1838 regem,

1088 1871 1194 1943 quam
1218 1863 1271 1922 tot
1293 1871 1417 1920 avaros
1441 1846 1605 1916 dominos
1625 1839 1831 1918 Romanos.
1882 1847 1929 1918 Et
1950 1851 2071 1918 uomi-

1088 1953 1195 2022 nabat
1218 1948 1425 2034 Romanum
1453 1947 1643 2039 imperium
1665 1943 1864 2042 ἀναρχίαν.
1925 1945 2071 2043 Iamque

1087 2047 1316 2122 Mithridates
1345 2071 1517 2138 maguam*
1529 2044 1635 2119 Asiae
1663 2063 1798 2141 partem
1820 2063 1855 2121 et
1878 2045 2070 2121 Thraciam

1180 3967 1307 4040 Postea
1320 3964 1418 4060 Sylla
1442 3963 1481 4032 in
1494 3959 1679 4034 Boeotiam
1699 3961 1874 4033 transiens
1891 3962 1975 4035 vicit
1991 3964 2065 4034 Ar·

1078 4067 1240 4144 cbelaum
1262 4069 1388 4137 ducem
1405 4061 1627 4136 Mithridatis
1647 4064 1788 4134 dnobus
1805 4065 1942 4153 magnis
1960 4088 2064 4153 prae-

1077 4173 1156 4257 liis,
1182 4184 1218 4242 et
1241 4182 1375 4262 partem
1390 4159 1699 4258 prbisThebanae
1713 4185 1856 4254 prorsus
1874 4163 2003 4250 diruit,
2028 4179 2064 4235 et

1078 4270 1262 4345 Thebanis
1285 4268 1470 4360 dimidiam
1483 4263 1668 4338 Boeotiam
1684 4265 1883 4356 ademptam
1899 4266 2064 4336 attribuit

1076 4369 1329 4445 Phoceusibus.
1380 4366 1434 4440 lta
1450 4365 1599 4437 Graecia
1622 4379 1657 4437 et
1678 4364 1772 4435 vires
1795 4384 1877 4434 suas
1899 4377 1935 4434 et
1952 4365 2063 4436 liber-

1076 4487 1183 4546 tatem
1199 4487 1233 4546 et
1249 4485 1402 4544 veterem
1410 4466 1646 4559 Reipublicae
1659 4466 1810 4534 formam
1826 4465 1955 4551 amisit,
1969 4457 2062 4534 ¹cum

1074 4575 1168 4647 bella
1193 4597 1268 4644 non
1287 4569 1480 4640 necessaria
1503 4579 1539 4638 et
1554 4565 1689 4637 iniusta
1703 4564 1795 4637 cives
1813 4564 1925 4659 aliqui
1939 4566 2061 4658 priva.

1073 4677 1120 4751 tis
1135 4670 1387 4769 cupiditatibus
1401 4667 1604 4740 movissent.

1086 2154 1246 2236 tenebat,
1272 2175 1312 2222 ac
1332 2151 1438 2222 multi
1458 2151 1647 2242 sperabant
1668 2172 1871 2222 eversurum
1898 2173 1970 2221 esse
1992 2149 2070 2222 Ro·
2181 2215 2185 2226 ,

52 5297 156 5392 hausit
176 5324 261 5419 ipse.
310 5321 507 5398 Corinthus
529 5327 643 5399 deleta
666 5329 1020 5404 estaConsuchn·
1069 5349 1205 5426 στορες.
1260 5325 1464 5399 Retinenda
1494 5334 1545 5392 est
1573 5322 1682 5414 igitur
1708 5319 1879 5392 modestia
1908 5330 2056 5410 propter
2183 5368 2186 5374 .
2297 5335 2299 5350 ·

51 5409 124 5488 ¹⁰3⁰·
169 5424 240 5500 Nec
260 5429 408 5519 longum
429 5427 562 5521 bellom
584 5429 672 5518 suit,
695 5434 779 5527 quia
799 5449 835 5508 et
853 5431 1017 5511 Romana
1067 5445 1226 5504 nomam
1240 5443 1275 5501 et
1289 5427 1423 5522 patriae
1437 5421 1597 5496 salutemr
