4604 5804
81 237 159 316 ses
600 234 606 243 ’
723 231 790 306 ··ι.
841 227 1136 310 canonicos
1159 225 1413 312 maratus
2034 241 2108 322 aaa

85 429 259 500 rnsgnnm
280 339 473 479 sreicitu
494 400 656 494 collegit,
696 415 737 476 nt
757 405 958 478 restitueret
979 403 1074 496 poli-
1121 403 1209 476 victi
1227 401 1333 492 suist,
1357 399 1675 480 semisomnis
1690 409 1807 483 clades
1822 424 1969 507 propter
1981 415 2106 497 crebra

85 513 177 582 tiam
195 505 397 596 ludaicam,
431 519 465 578 et
482 527 519 576 se
535 504 738 579 nominavit
752 503 829 576 Ben
844 501 1008 591 Cocbab,
1033 505 1071 574 id
1122 504 1306 594 naufragia
1329 507 1483 578 ardores
1507 509 1665 586 luerunt.
1732 511 1788 584 Ac
1810 513 1851 584 in
1877 515 2003 606 primis
2027 513 2106 592 lie·

86 625 160 696 est,
185 609 299 680 lilium
323 607 457 684 stellae.
505 604 632 680 Postea
652 629 732 676 cun
754 605 902 681 infoelix
925 618 1080 676 eventus·
1122 605 1199 695 guli
1222 609 1366 678 fortuna
1391 619 1427 681 et
1447 609 1535 681 lidss
1556 609 1598 681 iu
1622 611 1740 705 primo
1764 613 1861 686 bello
1883 614 2022 689 Punico
2044 617 2104 690 in·

86 713 234 796 tonsas,
261 708 467 779 nominatus
479 703 623 779 estBan
639 703 800 788 Cosbsn,
826 708 953 793 idest,
977 707 1072 776 hlins
1122 707 1232 797 signis
1255 706 1338 782 tuit.

84 813 242 886 mendax
256 809 331 880 eise
345 807 537 882 mendacii.
587 805 749 902 Cumque
758 803 943 880 lietboron
961 808 1073 880 trien-
1223 804 1333 879 Anno
1363 831 1463 880 nono
1494 809 1570 883 eius
1601 813 1690 884 belli
1715 837 1795 887 cnm
1823 818 1896 889 duo
1916 815 2103 906 Consules,

84 916 149 985 nin
168 909 475 995 obsessaiuisset,
506 908 636 978 domiti
659 922 743 981 sunt
766 908 910 995 ludaei,
941 909 1072 1001 partim
1122 907 1283 981 Manlius
1306 907 1515 1001 etRegnlns
1533 911 1572 983 in
1589 909 1784 1007 Aphricsm
1806 919 2040 1009 traiecissem,
2065 935 2102 996 ct

84 1015 253 1110 praeliis,
279 1011 409 1106 partim
425 1012 537 1094 ierne,
563 1009 748 1080 trucidatis
766 1011 920 1103 amplius
932 1023 1072 1081 trecen·
1122 1024 1203 1103 post
1215 1011 1368 1082 reditum
1379 1009 1512 1082 Manlii
1525 1015 1571 1084 sd
1584 1016 1709 1086 urbem
1721 1015 1881 1108 Regulus
1896 1019 1936 1090 in
1945 1016 2102 1112 Aphrics

83 1117 132 1190 tis
147 1115 309 1186 millibus
325 1113 372 1183 ab
387 1111 600 1204 imperatore
612 1109 787 1186 Adriano.
838 1109 909 1182 Hie
924 1111 1006 1181 linis
1019 1122 1074 1182 est
1122 1113 1323 1198 mansisset,
1346 1111 1434 1185 vicit
1450 1113 1525 1184 acie
1538 1115 1646 1198 duos,
1671 1113 1909 1190 Asdrubalem
1932 1136 1967 1195 et
1981 1117 2100 1194 Amil-
2202 1187 2207 1196 ,

83 1215 244 1289 familiae
258 1208 439 1298 Herodis,
470 1233 560 1305 quse
574 1233 688 1281 annos
703 1227 844 1284 centum
862 1227 898 1286 et
914 1225 985 1283 tres
1005 1213 1073 1282 do-
1121 1235 1236 1281 carem
1261 1210 1623 1303 patremAunibalis.
1675 1216 1884 1292 Trucidavit
1904 1224 2099 1296 octodecim

84 1319 223 1388 minata
245 1329 316 1396 eat,
353 1335 465 1407 usque
485 1313 531 1384 sd
556 1313 662 1382 lins-
687 1311 887 1407 Agrippae,
919 1312 982 1408 qni
1002 1314 1073 1385 snit
1121 1312 1234 1382 millia
1248 1311 1468 1401 Poenorum,
1493 1314 1780 1412 quinquemillia
1797 1321 1929 1414 coepit,
1952 1337 1988 1397 et
2000 1339 2099 1398 octo-

83 1413 663 1506 uimuuocaasrippaeruis·
1121 1408 1468 1506 deeimlsahsntos

444 1545 450 1566 r
577 1563 580 1572 ,
915 1587 924 1605 ,
1223 1513 1394 1610 Sequenti
1415 1539 1511 1588 anno
1528 1517 1689 1610 Regulos
1708 1521 1822 1594 victus
1838 1535 1910 1611 est,
1935 1539 1971 1598 et
1986 1526 2098 1598 truci·

175 1588 316 1664 Bello
339 1591 541 1662 Romano
565 1591 778 1708 tempore
803 1590 985 1658 tertsse
1121 1617 1202 1687 dm
1226 1616 1371 1708 ,ggpffl
1394 1616 1510 1690 mgni,
1530 1617 1794 1710 mmmmm,
1825 1639 1924 1718 up„
1944 1627 2097 1724 quing*

419 1683 743 1761 0⁸⁰¹⁸⁰⁷⁰72⁸W
1120 1716 1190 1788 cim
1203 1717 1337 1804 millis,
1360 1715 1669 1810 Reguluscstenis
1686 1725 1826 1795 rinctus
1838 1739 1902 1801 cst.

191 1824 236 1896 ln
251 1824 357 1898 tertia
377 1815 586 1893 monarchis
600 1817 759 1892 breviter
778 1817 924 1890 recitavi
937 1816 1071 1892 Persici
1145 1867 1151 1883 ·
1219 1814 1330 1889 Anno
1344 1819 1470 1913 quinto
1486 1835 1565 1913 post
1578 1817 1673 1894 hanc
1686 1825 1840 1912 cladem,
1872 1850 1953 1898 cum
1966 1825 2095 1900 Metel·

83 1927 189 2019 regni
216 1927 345 2005 linem,
381 1921 580 1992 Alexandri
608 1920 794 2006 victorias,
831 1935 865 1990 et
893 1934 973 2012 post
994 1921 1070 1992 eius
1119 1916 1175 1989 lus
1208 1919 1336 2009 viginti
1367 1921 1480 1992 millis
1511 1917 1842 2014 Carthaginensium
1876 1928 2096 2016 trucidasset,

82 2041 239 2101 mortem
272 2036 424 2120 qratuor
455 2021 642 2116 praecipue
676 2041 782 2110 regns
820 2041 1070 2110 successorum,
1121 2014 1328 2110 elephantos
1350 2020 1580 2094 interfecisset
1600 2047 1659 2094 sex
1681 2037 1716 2096 et
1735 2027 1901 2117 triginta,
1925 2028 2095 2122 coepisset

84 2133 179 2204 sicut
200 2126 330 2200 Daniel
350 2123 592 2216 praedixerat,
614 2120 848 2216 Aegyptium,
874 2119 1070 2215 Syriacum,
1119 2133 1261 2190 centum
1275 2122 1506 2214 quadraginta
1522 2147 1600 2211 ser,
1626 2123 1790 2222 Regulus
1808 2129 1934 2200 missus
1950 2143 2002 2202 est
2014 2127 2094 2202 Ro·

83 2252 236 2320 regnum
252 2226 426 2315 Antigoni
445 2225 485 2293 in
511 2222 650 2292 minore
669 2221 775 2307 Asis,
806 2234 841 2292 et
858 2219 1070 2294 Macedoni·
1117 2244 1233 2307 marn,
1269 2235 1311 2292 ut
1332 2246 1452 2315 pacem
1473 2236 1536 2296 aut
1555 2229 1852 2317 permutationem
1872 2230 2093 2322 captivorum

83 2355 181 2403 cum.
229 2327 394 2400 Diximus
416 2324 542 2408 etiarn,
566 2320 718 2393 ludsese
739 2337 774 2393 et
793 2317 971 2394 Ecclesiae
993 2347 1069 2394 me-
1117 2317 1455 2412 Carthsginensibus
1494 2338 1645 2418 peteret,
1688 2329 1855 2401 dissuasit
1891 2345 2095 2426 utrumque.

82 2434 244 2506 diocrem
265 2429 374 2498 fuisse
391 2423 685 2518 tranquillitatem
699 2437 858 2514 tempore
873 2421 1068 2496 Alexandri
1117 2420 1190 2492 Nec
1204 2435 1321 2508 umen
1338 2425 1486 2496 violavit
1502 2429 1619 2495 datam
1634 2427 1738 2498 fidem
1752 2431 1798 2499 de
1812 2429 1931 2503 reditu
1945 2433 1989 2504 ad
2004 2431 2094 2504 Car-

80 2549 121 2606 et
134 2532 379 2625 prosimorum
393 2545 632 2597 successorum
652 2546 766 2617 usqne
785 2524 831 2593 sd
848 2521 1067 2596 Antiochum
1118 2517 1309 2613 thsgiuem.
1358 2523 1537 2598 Reversus
1552 2540 1602 2597 est
1618 2525 1726 2618 igitur
1737 2525 2005 2620 Carthaginem,
2028 2533 2093 2604 ubi

82 2635 282 2724 Magnum
330 2626 469 2700 lnterea
492 2624 663 2717 paulatim
685 2625 725 2694 in
741 2620 843 2695 ltalia
865 2626 975 2696 crevit
990 2623 1068 2698 Ro-
1117 2637 1236 2716 postes
1251 2627 1387 2698 crudeli
1404 2627 1577 2719 supplicio
1593 2641 1737 2698 necatus
1752 2643 1814 2701 est.
1864 2628 1989 2702 Postea
2010 2655 2092 2703 rur-

81 2759 193 2806 mana
209 2731 377 2826 potentis.
427 2726 511 2798 Fuit
528 2739 645 2796 autem
668 2725 818 2796 maxime
838 2727 1068 2797 memorabile
1117 2747 1176 2796 sus
1199 2749 1346 2815 magnae
1367 2728 1482 2798 clades
1506 2729 1676 2822 utrinqne
1701 2743 1859 2823 acceptae
1888 2743 1990 2820 sunt,
2029 2735 2092 2806 sed

80 2837 240 2919 bellum,
272 2831 367 2924 quod
388 2826 544 2902 Romani
566 2839 725 2918 ternpore
738 2819 966 2916 Philadelphi
990 2849 1067 2917 ges-
1118 2847 1216 2896 nono
1227 2849 1322 2896 snnn
1343 2843 1424 2919 pest
1437 2825 1575 2900 Metelli
1598 2831 1781 2902 victoriam
1795 2829 1977 2906 Luctetius
1992 2830 2091 2904 Con-

83 2948 210 3011 serunt
233 2957 315 3004 cum
337 2953 418 3021 rege
440 2923 580 3023 Pyrrho
604 2939 640 2997 et
666 2924 889 3020 Tarentinis,
930 2943 1066 3002 motum
1116 2927 1190 3012 sul,
1228 2951 1310 2998 cum
1339 2929 1485 3000 vidisset
1513 2927 1729 3001 Hannonem
1761 2933 1936 3004 adducere
1960 2955 2090 3006 novam

83 3063 183 3112 anno
206 3059 226 3106 a
248 3032 391 3106 condita
414 3031 505 3101 urbe
521 3027 867 3122 quadringentesimo
885 3040 1067 3120 septusga-
1116 3027 1260 3098 classem
1282 3029 1326 3098 ad
1343 3024 1576 3116 Amilcarem,
1608 3030 1813 3126 priusquam
1830 3035 1902 3106 dno
1918 3035 2092 3108 exercitus

81 3143 177 3213 simo
201 3135 378 3223 secundo,
402 3131 486 3225 qnia
503 3128 691 3200 Tarentini
715 3140 751 3198 et
768 3129 910 3199 classem
930 3127 1066 3202 Roma·
1117 3127 1435 3221 coniungerentur,
1478 3133 1595 3202 statim
1626 3132 1829 3220 dimicavit,
1873 3131 1936 3206 ad
1958 3136 2091 3208 insulse

84 3265 174 3311 narn
202 3236 425 3327 diripuerant
448 3231 630 3300 interiecto
651 3231 759 3313 duce,
790 3241 826 3299 et
846 3230 978 3318 legatos
993 3229 1066 3302 Ta-
1115 3226 1279 3318 Aegates,
1303 3231 1416 3323 coepit
1429 3228 1582 3302 Punicas
1594 3253 1701 3303 naves
1717 3235 1893 3325 sexaginta
1915 3249 2001 3322 tres,
2024 3239 2089 3307 de-

80 3354 228 3414 rentum
248 3337 374 3405 missos
385 3333 623 3425 pulsaverant.
654 3326 1066 3401 1Utlleestautemto-
1116 3331 1238 3400 mersit
1267 3345 1408 3401 centum
1440 3332 1565 3422 viginti
1601 3334 1776 3427 quinque,
1815 3336 1932 3426 coepit
1962 3338 2089 3425 viginti

80 3462 157 3516 tam
182 3437 367 3509 historiam
391 3426 521 3527 Pyrrhi
543 3451 662 3514 nosse,
701 3449 792 3520 quae
811 3429 947 3518 legatur
969 3432 1064 3522 apud
1115 3429 1314 3499 duomillie
1330 3425 1537 3515 hominum,
1561 3430 1753 3504 trucidavit
1772 3436 1941 3505 tredecim
1962 3437 2089 3519 millia,

81 3533 328 3616 Plutarchum.
379 3533 505 3604 Virtus
523 3531 592 3602 luit
614 3524 940 3623 excelleusPyrrhi.
991 3529 1062 3602 Sed
1115 3541 1231 3619 postes
1246 3531 1447 3622 properavit
1462 3530 1754 3614 adArnilcarern,
1779 3548 1814 3605 et
1830 3557 1910 3604 eum
1926 3531 2089 3632 esEryce

81 3667 165 3716 cum
183 3641 295 3710 inulta
311 3635 405 3707 halla
422 3633 529 3704 simul
544 3641 721 3709 moveret,
746 3642 780 3699 et
803 3625 968 3702 inchoata
989 3653 1064 3702 non
1115 3630 1292 3700 discedere
1307 3630 1429 3720 codgit.
1470 3630 1581 3701 Poeni
1598 3633 1659 3725 qui
1674 3633 1814 3706 fueraut
1828 3631 2088 3730 inEryceven-

78 3753 299 3841 perterreret,
334 3734 491 3828 potentia
520 3733 631 3824 ipsius
652 3730 824 3822 paulatim
846 3731 1064 3821 languelacta
1114 3731 1181 3801 diti
1201 3731 1333 3820 singuli
1354 3731 1509 3802 denariis
1528 3731 1735 3806 octodecim.
1792 3733 1917 3806 Postea
1938 3739 2088 3828 petenti-

79 3860 149 3918 est.
198 3842 284 3912 Post
296 3839 431 3933 bellum
446 3833 683 3905 Tarentinum
703 3831 842 3921 insigne
864 3834 1064 3925 exemplum
1114 3833 1180 3904 bus
1200 3826 1537 3922 Carthaginensibus
1561 3835 1641 3905 dats
1665 3847 1719 3905 est
1739 3857 1825 3927 pax,
1862 3835 2000 3931 luitque
2028 3833 2087 3908 bic

78 3947 269 4020 Romanae
310 3935 469 4010 iusticias
506 3946 683 4006 narratur.
757 3930 921 4005 Romana
959 3933 1065 4024 legio,
1113 3932 1195 4002 huis
1214 3933 1322 4024 primi
1342 3933 1429 4004 belli
1453 3931 1600 4021 Punici,
1641 3958 1737 4005 enno
1766 3937 1933 4009 vicesimo
1959 3951 2087 4031 quarto

80 4069 191 4141 quarn
215 4041 404 4111 nominant
422 4035 658 4127 Campanam,
696 4034 866 4126 praesidii
895 4057 999 4106 causa
1024 4037 1063 4105 in
1113 4049 1338 4128 posteaquam
1355 4029 1492 4105 motum
1507 4050 1571 4108 est.
1622 4029 1755 4129 Estque
1774 4031 1833 4108 hic
1849 4061 1963 4111 annus
1987 4039 2086 4135 urhis
2240 4102 2243 4113 ,

78 4151 209 4220 urbem
225 4138 403 4230 Rhegium
419 4137 607 4220 collocata,
631 4131 815 4226 Rheginos
837 4136 931 4206 cives
951 4137 1062 4208 inter·
1091 4135 1274 4224 ,modicae
1286 4137 1589 4229 quingentesimus
1601 4136 1843 4212 duodecimus.

80 4249 185 4330 fecit,
211 4258 380 4314 eteorum
396 4241 538 4308 bonnet
553 4256 655 4324 agros
670 4234 863 4326 occupavit.
906 4235 1062 4308 Romani
1100 4232 1102 4240 ’
1212 4227 1474 4330 Αο’ρηοοίριιε
1495 4235 1648 4326 insignia
1672 4237 1829 4328 exempla
1851 4247 1934 4308 sunt
1958 4237 1996 4306 in
2016 4232 2083 4309 boc

79 4353 193 4440 igitur
203 4357 244 4416 ut
258 4341 501 4422 ostenderent,
526 4355 562 4405 se
579 4337 682 4406 fldem
697 4335 801 4406 sociis
815 4336 970 4406 debitam
986 4361 1060 4407 non
1113 4337 1226 4423 bello,
1262 4340 1405 4409 fortune
1427 4351 1460 4410 et
1488 4337 1575 4407 fides
1594 4334 1743 4427 Reguli,
1777 4351 1813 4408 et
1833 4337 1992 4410 celeritas
2010 4337 2085 4410 Lu·

79 4452 173 4520 velle
195 4447 343 4528 violare,
368 4439 498 4534 punire
512 4434 1001 4524 suosmilitesdecreserunt,
1025 4453 1061 4510 et
1111 4439 1221 4509 ctatii.

78 4551 187 4646 potiti
210 4547 299 4619 urbe
317 4539 477 4631 Rhegio,
513 4549 703 4621 trecentos,
739 4536 822 4630 quia
842 4559 919 4607 non
939 4539 1060 4630 plures
1487 4610 1496 4626 ‚
1706 4610 1716 4628 ·

44 4723 47 4727 ,
78 4652 208 4721 viviin
224 4645 391 4719 Consulis
410 4649 616 4734 potestatem
633 4651 821 4718 venerant,
847 4640 960 4709 securi
977 4663 1058 4730 per-
1157 4610 1224 4681 9²
1246 4615 1455 4729 issmlmsss
1481 4612 1609 4678 ’ΜΗ
1637 4629 1838 4700 primum
1865 4604 2033 4684 bellum

80 4763 281 4838 cesserunt.
332 4743 471 4816 Caeteri
484 4738 625 4814 sceleris
637 4737 727 4810 socii
740 4736 778 4804 in
796 4740 1059 4831 oppugnatione
1302 4713 1335 4782 Ρ
1340 4728 1524 4782 “mcum
1550 4716 1595 4780 ⁶¹
1620 4708 1894 4800 Mundum·

84 4856 279 4947 perierant.
421 4933 423 4936 ¹
931 4887 935 4894 υ
1209 4840 1307 4913 Inter
1336 4841 1441 4910 inem
1470 4839 1578 4931 primi
1609 4840 1704 4910 belli
1720 4840 1845 4912 Punici
1873 4856 1908 4914 et
1937 4840 2082 4914 initium

183 4951 309 5023 Postea
333 4960 428 5016 anno
447 4944 548 5015 urbis
569 4940 916 5036 quadringentesimo
935 4954 1059 5013 octua-
1108 4944 1253 5012 mcundi
1274 4956 1357 5013 sunt
1380 4942 1466 5012 anni
1489 4940 1648 5036 quinque
1671 4956 1705 5012 et
1728 4943 1865 5033 viginti.
1922 4942 2084 5038 Suntque

80 5058 214 5148 gesimo
231 5073 327 5122 nono
341 5043 709 5134 motumestprimum
724 5042 858 5111 bellurn
871 5040 1060 5129 Punicum,
1109 5043 1242 5113 interes
1271 5043 1409 5134 magnis
1434 5041 1577 5135 praeliis
1597 5041 1680 5111 victi
1704 5065 1813 5134 prope
1836 5041 2082 5116 Mediolanum
2161 5067 2166 5078 ‘

79 5159 164 5252 qnia
191 5149 485 5241 Carthaginenses
514 5141 665 5212 Hieroni
678 5138 928 5237 Syracusano,
962 5131 1058 5213 socio
1107 5137 1287 5213 Insubres
1308 5157 1342 5215 et
1356 5138 1466 5229 Boii,
1497 5152 1532 5214 et
1549 5138 1736 5212 Gallorum
1762 5165 1803 5214 ac
1820 5141 2082 5218 Germanorum

79 5257 204 5351 populi
214 5251 371 5328 Romani
383 5265 532 5336 regnum
547 5241 683 5334 eripere
699 5244 930 5320 conabantur.
979 5241 1059 5315 Etsi
1106 5245 1192 5316 nori
1207 5245 1397 5331 ermricus,
1421 5245 1486 5338 qni
1500 5243 1546 5312 ad
1561 5241 1802 5338 delqadendos
1818 5241 1985 5317 insubres
1999 5243 2082 5333 iuga

80 5373 199 5433 sutem
232 5367 268 5428 et
291 5346 585 5440 Carthaginenses
611 5365 715 5439 steps
745 5345 884 5436 maguis
915 5344 1058 5440 procliis
1106 5342 1257 5440 Alpium
1267 5345 1499 5442 transierant,
1521 5354 1555 5415 et
1568 5341 1772 5419 iuraverant
1788 5367 1825 5418 se
1839 5342 1996 5419 Romam
2017 5345 2081 5416 de-
