4706 5818
206 276 302 357 '⁸95
468 273 679 354 SCRIPTA
704 272 782 352 PH.
807 271 924 351 Mun
947 269 1016 348 AD
1038 269 1341 351 Η15Τ.ΡΒΟΡ.
1365 261 1434 350 ΕΤ
1459 269 1995 353 PHILOS.SPDCTANT1A.
2160 277 2239 356 896

329 451 467 526 Interea
482 449 619 525 Romae
629 444 779 518 'Caesari
801 446 839 515 in
855 442 1051 518 Consulatu
1073 467 1209 518 succes-
1361 442 1511 537 Semper
1522 459 1641 518 autem
1655 446 1762 518 etiam
1775 449 1970 522 mediocres
1986 449 2242 540 gubernatores

124 617 130 626 .
230 569 354 628 serunt
369 579 464 626 anno
480 549 788 645 septingentesimo
804 561 901 617 sexto
917 546 1070 618 Calenus
1087 562 1121 619 et
1139 546 1211 618 Va·
1260 545 1300 617 in
1315 547 1453 635 magnis
1466 547 1633 639 periculis
1645 563 1740 622 sunt.
1791 545 1933 622 Cassius
1947 549 2058 642 igitur
2071 575 2152 622 cum
2168 575 2244 620 uon

106 2125 110 2128 ·
240 2105 373 2195 collega
389 2105 499 2175 lactus
515 2113 578 2175 est.
629 2095 713 2188 Egit
733 2119 895 2183 censum,
920 2097 1101 2168 ordinavit
1124 2098 1219 2167 iudi-

231 657 356 729 tinius.
407 654 458 726 Ut
472 669 589 724 autem
605 649 734 721 Caesar
754 672 883 718 nomen
900 642 1045 721 baberet
1060 649 1211 736 legitimi
1263 647 1473 718 obtinuisset
1487 646 1691 720 Praeturam
1705 649 1899 737 urbanam,
1924 677 2030 746 quam
2046 653 2245 745 appetebat,

230 755 478 846 Magistratus,
502 747 1212 826 DictatoraM.Antonioabsenscreatus
1262 763 1298 820 et
1327 747 1463 841 alioqui
1481 744 1664 820 Caesarem
1692 751 1843 838 odisset,
1875 753 2013 844 primus
2043 755 2113 824 fuit
2140 767 2244 824 autor

232 861 343 929 estin
367 880 511 930 annum.
570 849 624 922 Ac
642 851 783 921 rediens
806 874 846 920 eo
869 873 964 920 anno
979 849 1136 926 Romam
1157 844 1213 922 ibi
1263 849 1403 921 consilii
1421 851 1466 919 de
1487 847 1730 922 interficiendo
1746 848 1913 940 Caesare,
1945 869 1980 926 et
2003 868 2077 925 arte
2091 851 2246 924 Brutum

232 959 364 1032 mansit
381 959 520 1052 aliquot
532 953 724 1024 mensibus.
1264 953 1309 1020 ad
1333 951 1533 1021 societatem
1557 946 1666 1022 buius
1692 953 1833 1023 consilii
1858 957 2040 1046 pertraxit.
2104 953 2246 1025 Deinde

336 1093 504 1166 proximo
520 1114 614 1161 ,nno
635 1055 946 1181 ,eptingemffimo
970 1083 1120 1178 391),me
1143 1100 1214 1158 pe„
1264 1050 1369 1122 Bruti
1392 1052 1562 1170 autoritas
1583 1067 1740 1172 caeteros
1756 1055 1932 1165 adiunxit.
1998 1056 2103 1172 Papta
2135 1056 2247 1146 igitur

235 1199 325 1269 ,pum
344 1195 480 1268 Comul
501 1185 613 1262 fam„
634 1203 685 1259 „g
702 1187 831 1260 Caes„
854 1213 933 1259 ,um
954 1186 1104 1279 [ppido.
1147 1181 1214 1258 ‘Eo
1264 1167 1669 1272 arcana-conspuatspne
1686 1147 2251 1275 ldrbusMartiisIulmsCaesnr

235 1322 332 1369 anno
357 1299 396 1366 in
417 1289 572 1384 Apbrica
599 1291 742 1361 difficile
761 1291 896 1360 bellum
921 1290 1026 1377 gessit
1048 1292 1215 1360 adversus
1265 1278 1432 1372 ΨΜ
1456 1252 1619 1374 ΡῨἯΡΗῙ
1649 1253 1813 1376 ⁸..C³⁸.⁵¹⁰
1842 1270 1877 1327 ⁰⁸
1896 1256 2011 1331 Bruto
2038 1273 2075 1332 et
2101 1271 2250 1376 caelerlf

236 1399 405 1490 reliqui„
432 1393 684 1484 pompeiam,
726 1392 786 1460 „d
817 1391 902 1459 vici,
936 1390 1088 1461 tandem·
1161 1390 1215 1460 lbi
1266 1349 1544 1475 ¹¹9¹J¹⁸,⁰⁰¹,¹⁸¹¹¹¹
1574 1380 1722 1476 consens
1751 1359 1957 1430 mterlectus
1988 1372 2056 1446 est,
2096 1372 2252 1451 acceptes

227 1498 397 1574 Petreius
412 1494 536 1567 Iubam
559 1517 675 1583 regem
696 1507 730 1564 et
751 1511 825 1561 sese
850 1491 1036 1564 interiecit.
1094 1489 1215 1581 Scipio
1265 1458 1530 1575 V¹3¹¹¹²¹J¹¹b¹¹f
1547 1458 1810 1579 vnlneffbufg·
1917 1563 1927 1580 ·
1974 1563 1984 1580 ·
2036 1562 2046 1581 .
2278 1571 2288 1578 „

239 1623 379 1694 quoque
393 1583 531 1669 etCato
548 1595 616 1665 sibi
632 1609 778 1666 mortem
797 1593 1053 1666 consciverunt.
1110 1588 1218 1662 Alea·
1369 1554 1439 1626 H¹⁰
1462 1570 1575 1628 ‘¹¹¹⁰‘
1589 1572 1683 1676 ,ΜΗ
1706 1584 1775 1678 ἵξῃ
1798 1572 1894 1678 ΨΜ
1914 1584 2068 1652 ¹⁰⁸¹b¹¹¹fl
2088 1562 2254 1679 ‘¹²¹¹{P12

239 1701 322 1771 niu,
343 1724 422 1772 cum
445 1699 483 1767 fn
506 1708 709 1789 pompm
722 1692 881 1764 ematis
902 1693 1071 1776 venisset,
1103 1693 1217 1762 inm,
1268 1671 1337 1742 est,
1360 1681 1435 1727 non
1449 1658 1563 1727 solum
1587 1661 1827 1732 rnstabalrtatrs
1849 1663 2031 1746 fortunae,
2056 1665 2118 1734 sed
2142 1677 2255 1732 etiam

230 1804 350 1876 ⁴fectus
373 1814 435 1871 est.
485 1799 575 1869 Inde
588 1796 742 1869 Romam
765 1816 926 1864 reversus
941 1792 1088 1879 Caesar,
1122 1817 1239 1864 anno-
1268 1757 1536 1848 ingfflllludlnl‘
1559 1754 1734 1832 humanae
1757 1775 1792 1833 ‘l
1814 1763 1991 1854 Perfidiae·
2049 1762 2145 1853 Quia
2167 1765 2256 1855 plu·

238 1901 547 1992 septingentesimo
577 1911 702 1968 octavo
731 1908 866 1965 creatus
896 1908 948 1965 est
965 1890 1128 1965 Dictator
1149 1908 1220 1965 ter·
1268 1859 1353 1928 rimi
1368 1859 1609 1930 inlers‘cwm
1623 1885 1644 1930 ἃ
1659 1861 1752 1934 1¹¹¹i⁰
1768 1887 1843 1958 ⁰9¹²
1864 1865 1980 1936 ⁵⁰¹¹¹m
2003 1865 2154 1950 ’ema’
2189 1865 2256 1934 ³⁰⁴¹

237 2004 330 2076 tium
358 2003 398 2072 in
428 2025 541 2072 annos
561 2001 701 2082 decem,
738 2011 772 2068 et
797 1992 933 2066 Consul
954 2003 1119 2088 quartum
1144 1997 1220 2066 sine
1269 1961 1374 2030 “iam
1390 1956 1805 2084 ΙῚωωΐῗδῑῑῧθῑΡθῑθξῑῐῗὸ
1829 1967 1946 2086 “filli
1968 1969 2128 2084 fuerunt,
2176 1963 2258 2038 Nec

1271 2085 1311 2130 eo
1327 2063 1465 2132 sublato
1479 2087 1546 2153 pax
1560 2085 1633 2133 esse
1645 2079 1782 2156 potuit,
1805 2077 1870 2137 stu
1878 2063 2001 2138 Cicero
2018 2081 2053 2138 et
2067 2066 2129 2136 alu
2138 2065 2258 2138 Sena-

241 2207 325 2298 cia,¹
349 2203 527 2296 supplevit
549 2199 741 2283 Senatum,
775 2211 811 2269 et
837 2201 996 2300 tempora
1025 2199 1221 2269 rectoribus
1270 2177 1363 2282 “imi
1382 2187 1500 2335 pgoem
1517 2166 1867 2333 saeffoemnafimul'
1919 2164 2259 2291 A⁰⁵t³tiamp⁰⁵tfi'

1271 2266 1398 2448 aas,
1423 2270 2259 2460 t:t:„tlastitissemus:

1272 2465 1406 2535 oblivio
1422 2478 1520 2550 esset,
1545 2480 1579 2537 et
1593 2465 1945 2562 sormaReipublicae
1961 2495 2035 2542 non
2043 2484 2259 2557 mutaretur,

1272 2590 1337 2636 nec
1353 2589 1444 2635 nova
1464 2567 1555 2637 bello
1572 2584 1812 2642 moverentur.

1375 2665 1492 2756 Quam
1515 2669 1633 2738 brevis
1655 2672 1763 2742 luerit
1785 2673 1984 2746 dominatio
1997 2671 2158 2744 Caesaris
2175 2689 2261 2766 post

1272 2769 1427 2838 reditum
1445 2793 1485 2840 ex
1501 2767 1693 2862 Hispania,
1720 2774 1851 2865 pacatis
1864 2776 2031 2846 omnibus
2048 2777 2262 2868 provinciis,

1274 2869 1424 2957 intelligi
1440 2884 1551 2960 potest
1572 2896 1614 2941 ex
1635 2887 1832 2966 temporum
1846 2875 1947 2951 serie.
1999 2875 2124 2947 Mense
2138 2872 2260 2948 Octo-

1274 2971 1331 3039 bri
1352 2967 1505 3041 Romam
1527 2996 1687 3044 reversus
1710 2978 1872 3068 proximo
1893 2975 2028 3049 Martio
2050 2977 2261 3051 interfectus

347 3074 684 3168 Receptnllispania
702 3089 736 3147 et
751 3076 881 3164 pacatis
896 3074 1064 3145 omnibus
1077 3073 1224 3164 provin·
1275 3085 1344 3149 est,
1382 3093 1477 3140 anno
1498 3073 1619 3143 aetatis
1641 3090 1738 3145 sexto
1762 3091 1796 3147 et
1813 3078 2126 3172 quinquagesimo,
2159 3104 2259 3150 anno

248 3182 311 3250 ciis
332 3177 486 3250 Romam
508 3200 627 3247 mense
648 3173 801 3245 Octobri
830 3177 955 3260 rediit,
995 3175 1058 3244 ubi
1081 3173 1113 3243 ei
1138 3174 1223 3243 novi
1274 3170 1361 3241 belli
1379 3172 1625 3262 civilisafuga
1642 3173 1805 3269 Pompeii
1824 3205 1866 3250 er
1889 3179 1989 3250 ltalia
2012 3196 2123 3252 sexto.
2182 3181 2259 3253 Nec

247 3277 401 3350 bonores
429 3278 559 3347 decreti
582 3289 685 3362 sunt,
722 3289 763 3346 ut
791 3274 953 3347 Dictator
976 3290 1165 3368 perpetuus
1190 3288 1226 3344 et
1275 3274 1428 3342 intexam
1443 3273 1719 3363 disputationem
1738 3280 1782 3349 de
1797 3280 1887 3352 iure.
1937 3277 2016 3352 Etsi
2037 3281 2120 3352 fecit
2146 3307 2261 3376 quae-

249 3381 445 3473 Imperator
458 3379 723 3462 nominaretur,
749 3390 783 3447 et
797 3392 1038 3449 sacrosanctus
1055 3389 1160 3459 esset,
1187 3376 1224 3445 id
1275 3378 1358 3444 dam
1390 3373 1617 3462 insolentius,
1655 3391 1774 3450 tamen
1803 3383 1915 3452 multo
1943 3383 2160 3456 moderatior
2188 3386 2262 3456 fuit

252 3498 320 3567 est,
347 3479 582 3562 inviolabilis,
608 3475 705 3573 ἱερὸς
725 3473 788 3549 καὶ
809 3477 967 3568 ἄσυλος,
994 3492 1092 3572 etut
1106 3475 1225 3565 Magi·
1275 3475 1372 3569 Sylla
1389 3487 1423 3544 et
1440 3473 1557 3544 Mario
1573 3491 1606 3546 et
1624 3479 1720 3563 aliis,
1746 3481 1810 3574 qui
1823 3495 1926 3554 antea
1940 3484 1979 3552 in
1996 3484 2161 3555 civilibus
2180 3487 2261 3557 bel-

251 3597 380 3655 stratus
394 3584 551 3651 iurarent
564 3582 603 3649 in
619 3581 728 3670 ipsius
746 3593 833 3651 acta.
887 3579 939 3650 lta
963 3602 1099 3671 stamma
1125 3592 1225 3668 pote·
1275 3577 1320 3644 lis
1342 3573 1614 3663 Rempublicam
1636 3596 1897 3671 oppresserunt.
1955 3581 2109 3655 Etcum
2133 3610 2262 3682 rovera

251 3699 320 3756 stas
340 3685 370 3754 ei
390 3684 558 3754 attributa
575 3693 626 3752 est
642 3681 826 3752 universae
840 3679 1118 3768 gubernationis.
1171 3673 1225 3747 Eo
1277 3674 1389 3745 lulius
1402 3669 1663 3770 Magistratus
1685 3696 1774 3753 esset
1795 3685 1936 3756 decreto
1958 3686 2103 3776 publico
2125 3691 2260 3760 confir-

251 3801 410 3874 tempore
430 3785 521 3872 leges
539 3781 646 3853 lulias
668 3775 763 3854 tulit.
813 3778 860 3854 Et
881 3805 1013 3853 annum
1033 3779 1227 3863 ordinavit,
1276 3791 1409 3862 matus,
1447 3803 1519 3871 quo
1542 3780 1573 3849 ei
1597 3782 1729 3853 tributa
1756 3799 1830 3855 erat
1852 3807 1988 3857 summa
2011 3801 2185 3880 potestas,
2224 3806 2261 3863 et

252 3909 325 3978 quo
340 3881 508 3954 hactenus
521 3883 688 3953 universa
709 3881 894 3970 posteritas
917 3905 981 3952 usa
1003 3894 1075 3965 est,
1109 3880 1227 3973 quiet
1276 3903 1346 3971 quo
1364 3894 1525 3952 sanxerat
1539 3879 1690 3953 Senatus
1712 3908 1793 3954 eum
1813 3887 2055 3980 inviolabilem
2077 3912 2168 3974 esse,
2201 3894 2262 3963 in-

252 4008 369 4056 annus
391 3984 551 4054 Iulianus
573 3982 791 4074 appellatur,
831 3982 931 4050 cuius
954 3982 1124 4052 rationem
1146 4005 1227 4070 per·
1276 3979 1810 4058 iustumluiteuminterlicere.
1861 3986 1914 4058 De
1930 3988 2032 4061 initio
2049 3989 2135 4060 belli
2150 3993 2261 4064 etiam

252 4088 429 4158 turbatam
462 4084 499 4152 in
528 4084 631 4152 hellis
660 4081 825 4152 civilibus
854 4079 1034 4171 Augustus
1062 4081 1227 4156 restituit.
1277 4081 1417 4160 iudico,
1450 4104 1530 4150 eum
1553 4083 1697 4162 incasu
1720 4085 1897 4176 legitimae
1919 4090 2135 4161 defensionis
2158 4117 2261 4166 arma

252 4185 342 4257 Nam
374 4199 456 4256 ante
486 4184 618 4255 Iulium
644 4181 801 4254 Romani
830 4184 1011 4255 mensibus
1039 4181 1227 4253 duodecim
1277 4181 1418 4271 cepisse.
1470 4180 1541 4251 Sed
1555 4184 1705 4255 sciamus
1718 4211 1773 4258 res
1788 4184 1961 4259 humanas
1975 4193 2172 4285 quamlibet
2188 4195 2261 4266 llo·

253 4289 438 4358 lunaribus
468 4309 602 4355 annum
629 4284 818 4371 liniebant,
862 4296 897 4356 et
925 4285 1008 4378 quia
1040 4300 1228 4378 supersunt
1277 4296 1410 4366 rentes,
1435 4282 1588 4352 sacilime
1605 4289 1714 4357 everti
1731 4290 1912 4362 deserente
1926 4289 2022 4374 Deo,
2054 4295 2146 4364 sicut
2169 4299 2260 4366 scri-

252 4388 419 4461 undecim
448 4387 541 4471 dies,
584 4385 649 4479 qui
667 4386 899 4457 nominantur
918 4377 1091 4470 ἐπακταὶ,
1133 4385 1227 4456 intra
1276 4397 1376 4475 ptum
1392 4395 1459 4452 est:
1487 4382 1742 4472 ScioDomine,
1767 4413 1842 4461 non
1858 4405 1910 4464 est
1925 4387 2080 4464 bominis
2097 4396 2153 4464 via
2170 4397 2259 4483 eius,

253 4504 332 4561 octo
355 4511 468 4560 annos
490 4489 712 4570 addebantur
735 4499 804 4556 tres
829 4509 966 4558 menses
993 4487 1227 4566 intercalares,
1277 4497 1343 4555 etr.
1403 4478 1453 4554 Et
1481 4486 1746 4558 meminerimus
1774 4491 1909 4562 dictram
1926 4491 2099 4566 Herodoti
2120 4498 2159 4565 in
2183 4495 2260 4568 Po·

254 4593 351 4684 quod
374 4589 607 4661 nominabant
622 4580 889 4682 dmwnajpcda,
914 4591 964 4660 ita
984 4600 1025 4658 ut
1046 4599 1117 4658 tres
1135 4587 1227 4680 anni
1276 4584 1431 4679 lymnia:
1477 4583 1623 4678 θνητὸν
1648 4585 1785 4664 οὐδένα
1816 4577 1943 4682 elane,
1978 4592 2065 4668 οὐδ’
2088 4593 2257 4684 ἔσεσθαι,

254 4691 422 4782 postremi
439 4685 611 4760 baberent
625 4688 754 4776 singuli
770 4687 936 4758 tredecim
949 4710 1097 4762 menses.
1131 4686 1227 4759 Haec
1275 4689 1331 4780 τῷ
1345 4680 1464 4758 κακὸν
1477 4684 1515 4768 ἐξ
1527 4683 1642 4782 ἀρχῆς
1654 4689 1841 4791 γινομένῳ
1854 4693 1900 4768 οὐ
1915 4691 2144 4792 συνεμίχθηε
2178 4703 2258 4782 τοῖς

254 4792 346 4862 ratio
363 4815 443 4862 cum
458 4805 548 4863 esset
561 4789 758 4874 confusior,
779 4812 845 4858 nec
867 4788 969 4860 initia
990 4813 1167 4860 annorum
1188 4789 1227 4857 in
1277 4783 1318 4860 δὲ
1333 4781 1521 4886 μεγίστοις
1532 4785 1701 4888 μέγιστα.

255 4891 351 4961 diem
373 4906 507 4966 eertum
535 4891 749 4974 inciderent,
790 4887 902 4960 lulius
922 4883 1015 4960 hane
1036 4888 1171 4980 politici
1192 4903 1227 4961 et
1380 4888 1566 4960 lnterlecto
1601 4889 1693 4962 lulio
1729 4915 1793 4983 pax
1836 4897 1982 4969 retineri
2019 4922 2093 4970 non
2129 4902 2258 4990 potuit.

253 4991 378 5063 solaris
398 4993 485 5062 anni
508 4994 679 5063 rationem
704 4991 749 5060 de
772 4990 921 5060 consilio
945 4988 1125 5080 Sosigenis
1142 4989 1222 5060 Ma·
1276 4989 1428 5062 Senatus
1442 4991 1489 5060 ad
1506 4992 1770 5083 reprimendum
1788 4991 1987 5071 Antonium
2002 4999 2166 5076 adiunxit
2188 5005 2259 5074 sibi

254 5090 436 5165 themelici
457 5093 627 5177 instituit,
662 5115 767 5185 quem
787 5114 829 5161 ex
842 5091 1057 5161 Alexandria
1074 5091 1226 5165 Romam
1277 5088 1467 5161 Octavium
1501 5089 1695 5164 Caesarem.
1762 5094 1887 5170 Postea
1917 5111 1957 5170 se
1992 5101 2259 5178 coniunxerunt

251 5197 408 5266 duxerat.
456 5190 548 5262 Nam
562 5194 600 5262 in
618 5192 776 5284 imperiis
787 5204 916 5262 certam
928 5215 1103 5264 annorum
1117 5192 1227 5263 ratio·
1277 5189 1449 5262 Octavius
1474 5189 1618 5272 Caesar,
1657 5189 1839 5270 Antonius
1861 5214 1895 5272 et
1917 5199 2094 5290 Lepidus,
2132 5227 2256 5277 mense

144 5311 145 5316 ’
252 5319 333 5366 nem
349 5319 423 5366 esse
439 5304 581 5385 propter
600 5292 729 5362 multas
750 5315 894 5382 magnas
915 5315 1058 5378 causas,
1084 5293 1227 5380 iudicia,
1274 5290 1465 5363 Decembri
1488 5291 1643 5364 eiusdem
1669 5298 1776 5380 anni,
1814 5325 1886 5395 qno
1912 5297 2023 5374 lulius
2049 5305 2257 5378 interiectus

253 5409 476 5476 contractus,
496 5387 681 5470 historias,
704 5393 939 5466 necessarium
955 5408 1019 5472 est,
1275 5392 1353 5465 tuit.
1404 5390 1545 5466 Horum
1559 5392 1822 5474 Triumuiratus
1836 5402 1964 5496 plenus
1977 5405 2048 5476 tuit
2064 5407 2257 5482 erudelita-

344 2435 453 2508 Anno
487 2433 795 2527 septingentesimo
825 2457 922 2504 nono
954 2457 1074 2504 mense
1102 2431 1221 2525 Aprili

241 2539 426 2630 dimicavit
443 2540 486 2608 ad
503 2535 680 2607 Mundam
704 2559 784 2605 cum
810 2533 894 2604 filiis
912 2533 1072 2626 Pompeii
1094 2557 1221 2622 magno

242 2665 323 2711 cum
353 2640 521 2732 periculo.
588 2636 680 2708 Nam
711 2660 791 2706 cum
821 2636 957 2726 primus
985 2637 1156 2727 impetum
1184 2636 1223 2704 in

243 2738 380 2810 bostem
394 2743 540 2825 laceret,
565 2741 715 2810 ducenta
730 2737 767 2804 in
784 2760 865 2807 cum
879 2736 947 2806 tela
961 2738 1116 2807 coniecta
1131 2749 1224 2822 sunt,

246 2857 281 2914 et
298 2865 375 2936 sero
390 2845 433 2912 ad
450 2864 630 2932 vesperam
648 2839 751 2924 vicit,
785 2836 968 2908 trucidatis
983 2839 1127 2929 triginta
1141 2839 1224 2907 mil-

244 2943 337 3016 libus
355 2937 523 3017 hostium,
639 3021 644 3032 ,
