4696 5820
261 267 339 346 2³5
741 255 923 341 nucu.
944 252 1023 338 DE
1052 248 1328 342 ERNESTO
1361 246 1516 340 DUCE
1546 251 1792 334 nssunsv.
2206 263 2286 338 m

261 436 399 530 magnis
414 431 582 529 perieulis
596 430 722 518 luisse,
746 443 781 503 et
795 427 1068 508 'deliberationes
1082 425 1248 504 incidisse
1294 420 1444 514 quinio·
1467 443 1538 514 φῦ
1561 433 1721 514 tempore
1742 436 1778 497 et
1799 425 1839 496 in
1854 425 2030 520 Turingie
2050 439 2087 502 et
2108 429 2148 502 in
2164 430 2286 506 sirim

263 545 307 612 de
330 542 437 610 rebus
457 533 642 618 maximis,
672 533 866 625 inquibus
889 529 1139 604 cumconsilio
1164 523 1246 598 Dus
1299 519 1468 596 Franciae
1482 544 1545 616 ora
1558 522 1716 614 primum
1727 549 1910 618 repressus
1927 544 1979 606 est
1991 531 2095 602 iures
2108 531 2287 606 feuatiro-

261 639 434 713 Ernestos
464 635 666 718 excelleret,
705 634 886 708 neminem
917 631 1081 704 audiebat
1101 625 1246 700 Elector
1297 646 1378 694 rum
1393 623 1578 698 doctorum
1595 637 1629 695 et
1641 624 1826 701 seditiosae
1843 630 2103 716 multitudinis,
2120 655 2212 725 quae
2226 634 2287 704 irs-
2346 669 2347 672 ¹

262 739 487 820 familiarius,
512 759 617 828 mam
631 734 759 824 ipsum.
809 730 864 807 Es
881 745 1112 804 eocnnventu
1127 751 1244 798 secum
1298 723 1403 796 citata
1418 721 1787 798 luerataMouetario
1805 730 2089 806 etsimilibusad
2111 756 2210 804 arms
2226 759 2286 806 ca·

262 840 414 914 obduxit
433 839 473 908 in
489 837 639 930 petriam
656 831 842 907 Urbanum
859 831 1013 922 Regium
1028 825 1246 918 Theologiee
1298 821 1440 915 pienda.
1491 820 1535 892 ln
1555 817 1625 894 hoc
1643 839 1743 897 tanto
1776 830 1933 919 periculo
1957 817 2172 905 (hemonia
2199 859 2287 906 cum

262 947 465 1021 doctorem,
490 937 590 1010 cuius
609 948 727 1006 extent
749 935 861 1006 multa
883 927 1132 1016 monumenta,
1156 951 1247 1022 quse
1299 911 1602 996 Sasoniae'lluces
1616 926 1724 1018 primi
1738 933 1984 1021 repressissent
1996 933 2173 1004 furentem
2188 937 2288 1006 sunl-

263 1043 458 1116 ostendnnt
480 1037 556 1110 eius
579 1036 816 1108 eruditionem
846 1047 881 1106 et
911 1034 1090 1125 pietatem.
1139 1027 1247 1100 Hunc
1300 1025 1507 1104 titudinem,
1533 1026 1773 1117 perterrefacti
1788 1032 1917 1107 caeteri
1936 1034 1975 1104 in
1997 1034 2078 1104 aliis
2094 1035 2181 1106 locis
2197 1037 2288 1106 iaci·

263 1158 305 1218 nt
332 1155 467 1234 patrem
499 1137 640 1222 dilexit,
677 1150 714 1208 et
751 1136 984 1227 inspectorem
1009 1128 1246 1206 Ecclesiernm
1299 1125 1370 1196 lius
1402 1125 1565 1217 dissipati
1598 1141 1692 1202 sunt.
1750 1128 1943 1224 Praecipue
1973 1148 2092 1207 autem
2124 1138 2287 1208 consiliis

268 1267 342 1316 esse
356 1241 477 1324 iussit,
503 1253 538 1311 et
554 1261 634 1309 cum
650 1261 691 1307 eo
709 1237 752 1310 de
768 1237 935 1308 omnibus
957 1234 1118 1306 doctrine
1132 1231 1248 1326 parti-
1300 1223 1443 1298 Ascanii
1463 1223 1598 1296 Cremii
1627 1240 1713 1298 tunc
1734 1227 1816 1305 Dux
1838 1229 1983 1306 Elector
2010 1258 2096 1306 usus
2124 1249 2194 1318 est,
2221 1238 2288 1331 qui

262 1349 333 1418 bus
359 1357 394 1414 et
413 1343 457 1412 tle
472 1336 708 1412 Ecclesiarum
725 1359 898 1408 consensu
912 1349 947 1408 et
965 1335 1076 1406 salute
1091 1331 1254 1406 familie:
1299 1341 1419 1400 temen
1434 1341 1514 1418 post
1527 1327 1712 1400 victoriam
1728 1345 1831 1403 autor
1845 1335 1925 1421 luit,
1942 1350 1981 1408 ut
1996 1337 2187 1408 clementer
2198 1361 2288 1430 par·

267 1445 405 1517 tissime
429 1439 586 1533 colloqui
610 1439 735 1512 solitus
756 1450 817 1508 est.
867 1434 974 1510 Exmt
990 1437 1082 1506 liber
1097 1432 1249 1518 Urbani,
1299 1439 1438 1498 ceretm
1459 1451 1578 1498 errore
1599 1430 1717 1520 lapsis.
1768 1431 1893 1506 Postea
1917 1437 2023 1506 etiam
2038 1437 2175 1506 adiurit
2188 1462 2289 1508 cosn-

268 1549 309 1618 in
325 1569 396 1639 quo
409 1554 598 1614 annotatae
613 1554 696 1612 sunt
711 1533 931 1610 horridiores
948 1529 1085 1608 formae
1097 1535 1249 1628 loquen—
1300 1551 1444 1598 munem
1478 1529 1574 1618 pacis
1598 1531 1841 1604 defensionem
1872 1549 1994 1608 contra
2026 1539 2212 1608 seditiosos
2246 1538 2287 1608 in

204 1649 211 1654 ’
266 1649 326 1731 di,
352 1658 386 1716 et
406 1653 652 1716 monstrantur
672 1640 835 1732 propriae
857 1653 891 1710 et
919 1637 1114 1712 concinnae
1144 1635 1250 1708 utiles
1300 1630 1389 1698 urbe
1406 1626 1691 1704 Monesteriensi.
1715 1655 1719 1660 ·
1742 1629 1808 1707 Est
1823 1651 1942 1708 autern
1957 1639 2072 1707 vistuss
2093 1653 2193 1728 grata
2206 1636 2286 1710 Deo

266 1745 393 1840 pietati
419 1757 453 1814 et
475 1741 698 1814 concordiae.
757 1738 832 1812 Has
863 1738 1124 1814 admonitiones
1142 1734 1252 1808 scribi
1300 1741 1336 1799 et
1352 1751 1432 1800 vore
1446 1731 1552 1820 digna
1568 1731 1663 1802 bono
1671 1732 1848 1827 Principe,
1860 1739 1985 1808 iustam
2004 1751 2039 1808 et
2053 1741 2289 1810 necemriam

268 1849 439 1936 Princeps
454 1843 586 1928 voluit,
611 1866 681 1935 qua
701 1842 740 1910 in
757 1865 796 1912 re
812 1840 1021 1932 sapientiam
1035 1837 1110 1909 eius
1125 1848 1158 1907 et
1174 1835 1251 1928 pie-
1301 1831 1434 1920 patriae
1463 1831 1704 1902 defensionem
1730 1837 1909 1908 adiuvere.
1959 1835 2069 1908 Domi
2097 1840 2289 1910 latrocinia

265 1963 374 2020 tatem
392 1966 579 2036 agnoscere
593 1955 794 2034 possumus.
840 1940 888 2014 Ut
904 1941 1000 2011 enim
1022 1963 1064 2013 es
1086 1937 1251 2008 dentibus
1300 1930 1440 2006 sortiter
1465 1932 1650 2021 repressit,
1675 1957 1717 2004 ³⁰
1738 1936 1877 2026 insigne
1900 1939 2098 2028 exemplum
2113 1941 2189 2009 eius
2203 1964 2289 2010 nar·

268 2047 434 2120 draconis
455 2047 495 2116 in
509 2041 664 2116 Cadmea
680 2038 848 2126 historia,
874 2055 957 2114 nata
972 2052 1022 2112 est
1040 2039 1179 2110 soboles
1193 2061 1252 2109 ar-
1301 2044 1411 2102 ratur.
1463 2027 1553 2102 Cum
1580 2031 1773 2105 indicatum
1796 2051 1885 2108 esset
1905 2038 1976 2128 ipsi
2005 2040 2177 2129 quosdam
2197 2041 2289 2110 insi·

268 2163 445 2222 matorum
468 2145 562 2218 inter
581 2165 618 2216 se
641 2143 908 2227 dimicantium,
932 2143 982 2211 sic
1000 2165 1041 2212 es
1056 2138 1251 2231 improprio
1302 2132 1393 2202 diari
1418 2133 1642 2223 quorundam
1658 2150 1894 2208 mercatorum
1913 2139 2109 2218 mercibus,
2135 2161 2202 2209 nec
2224 2165 2289 2210 su·

268 2273 430 2324 sermone
458 2245 604 2317 dissidia
627 2244 839 2337 opinionum
864 2243 903 2314 in
926 2241 1135 2313 docentibus
1157 2253 1191 2310 et
1212 2239 1251 2306 in
1303 2232 1377 2302 bito
1391 2255 1567 2301 accersere
1581 2233 1717 2325 equites
1734 2258 1775 2304 ex
1791 2238 2017 2327 praelectoris
2031 2251 2158 2328 posset
2184 2240 2290 2312 iussit

268 2351 402 2445 populo
426 2348 603 2419 oriuntur.
656 2342 754 2434 Quid
776 2357 859 2418 sunt
880 2344 943 2414 illa
964 2343 1158 2434 paradoxa,
1182 2338 1254 2408 nisi
1303 2355 1376 2402 sese
1406 2332 1507 2423 sequi
1528 2332 1663 2405 aulicos
1693 2337 1841 2429 equites.
1887 2335 1936 2408 Et
1964 2339 2122 2408 ascendit
2150 2340 2289 2430 ipsein

269 2457 389 2546 μῆλον
414 2443 556 2544 ibides?
598 2441 730 2518 Omnia
752 2447 842 2518 fiunt
861 2443 1075 2525 necessario,
1101 2441 1197 2510 bona
1219 2451 1255 2508 et
1304 2455 1447 2502 currum
1464 2435 1680 2505 mercatoris.
1732 2434 1823 2508 Cum
1839 2451 1983 2510 ventum
2000 2442 2146 2510 essetad
2165 2442 2285 2510 locum

271 2553 377 2624 mala.
437 2546 572 2621 Omnia
602 2560 744 2640 peccata
771 2561 857 2616 sunt
885 2544 996 2634 peria.
1036 2538 1255 2630 ·Repiuntur
1304 2532 1535 2620 insidiatum,
1572 2536 1710 2624 magus
1743 2539 1962 2610 clamoribus
1993 2538 2220 2610 insidiatores
2244 2546 2290 2612 ad

267 2649 512 2726 enthusiasmo
535 2672 610 2720 non
634 2647 792 2720 volentes
811 2645 876 2736 qui
898 2645 943 2714 acl
966 2640 1081 2714 Deum
1106 2661 1256 2712 conver-
1304 2655 1428 2704 currus
1450 2647 1653 2726 properant.
1704 2633 1836 2727 Agnita
1858 2641 2059 2733 aliquorum
2082 2664 2167 2710 rore
2181 2638 2291 2710 Prin-

240 2767 406 2825 'tnntun
457 2749 531 2820 Nec
552 2745 705 2818 docendi
723 2758 806 2818 sunt
828 2740 991 2815 homines
1002 2753 1043 2814 ut
1057 2750 1256 2832 repugnent
1305 2756 1385 2823 ceps
1414 2734 1627 2806 nominatim
1660 2759 1719 2807 eos
1751 2741 1950 2829 compellat.
2023 2738 2102 2810 Hos
2136 2741 2290 2812 vicissim

270 2851 497 2925 diffidentiae.
547 2843 744 2920 Christiani
762 2869 839 2918 non
862 2839 995 2916 habent
1018 2841 1179 2934 proprios
1201 2840 1257 2914 ts·
1304 2833 1424 2922 agnita
1439 2833 1616 2927 Principis
1631 2860 1715 2904 vore
1729 2852 1763 2908 et
1778 2839 1884 2920 facie,
1910 2865 2016 2932 quem
2037 2841 2196 2910 sciebant
2216 2865 2290 2912 esse

273 2955 430 3030 culpate„
481 2947 585 3020 Tali,
601 2947 1038 3038 geliffimgmfflpiemet
1054 2943 1133 3034 piu,
1149 2940 1256 3012 prin.
1305 2945 1483 3002 amantem
1503 2933 1682 3019 iusticias,
1705 2951 1750 3016 et.
1762 2941 2041 3026 venerabantur,
2066 2943 2291 3033 pudorata·

271 3077 352 3144 ceps
376 3075 457 3124 cum
479 3051 561 3122 tolli
584 3048 708 3133 vellet,
733 3046 870 3118 coeravit
890 3043 1076 3114 admoneri
1091 3043 1256 3117 docentes
1305 3033 1425 3102 tinore
1452 3033 1623 3118 delmi,
1650 3060 1758 3127 quare
1781 3040 1901 3110 subito
1921 3042 2081 3131 fugiunt,
2109 3054 2144 3111 el
2166 3057 2290 3132 postes

270 3168 313 3226 ut
332 3166 430 3225 recte
450 3153 693 3244 loquerentur.
745 3145 846 3217 Sicut
867 3144 1032 3215 doctrina
1052 3141 1098 3210 de
1118 3140 1257 3212 ratione
1306 3133 1549 3223 deprecatores
1565 3135 1608 3203 ad
1625 3132 1828 3229 Principem
1844 3142 2002 3216 mittunt.
2055 3140 2107 3213 lte
2124 3165 2290 3232 praesens

273 3251 446 3348 loquendi
469 3248 658 3342 praecipit:
693 3241 714 3318 ὃ
738 3241 855 3342 σοφὸς
878 3234 1128 3336 εὐθυρῥήμων
1152 3236 1256 3313 ἔστω.
1305 3232 1513 3323 pluseffecit
1527 3233 1603 3304 sine
1624 3237 1871 3323 dimicatione,
1898 3265 2003 3335 wem
2019 3245 2050 3312 si
2067 3243 2174 3314 misso
2188 3245 2292 3338 equi-

272 3353 422 3444 Sapiens
451 3365 544 3422 recte
574 3351 751 3442 loquatur.
809 3341 858 3417 Et
887 3341 1097 3424 Aristoteles
1127 3342 1257 3433 inquit,
1305 3333 1502 3420 tetuarmis
1517 3336 1709 3427 reprimere
1729 3340 1953 3412 insidiatores
1971 3344 2150 3414 voluisset.

275 3455 453 3526 Virtutem
483 3473 557 3524 esse
588 3449 759 3521 orationis
792 3446 1088 3540 perspicuitatem.
1153 3441 1257 3514 Hanc
1404 3430 1495 3506 Cum
1529 3435 1639 3524 igitur
1669 3451 1706 3508 et
1729 3440 1904 3512 iusticiam
1924 3441 2103 3534 Principis
2130 3457 2292 3514 amarent

272 3581 358 3632 vern
391 3555 483 3626 ellici
512 3552 656 3645 proprio
687 3569 860 3620 sermone.
925 3537 1138 3640 σαφεστάτη
1168 3537 1259 3622 λέξις
1305 3558 1447 3620 omnes,
1472 3548 1507 3604 θῑ
1535 3537 1781 3628 prudentiam,
1807 3556 1842 3613 ct
1870 3543 2152 3632 nsagnitudinem
2178 3544 2292 3612 animi

275 3653 375 3729 ἐστὶν
383 3708 395 3742 ,
427 3650 513 3748 siin
542 3657 620 3725 τῶν
646 3647 790 3745 κυρίων
821 3640 1030 3741 ὀνομάτων.
1082 3641 1258 3733 Cognosti
1306 3637 1345 3704 in
1366 3660 1408 3706 eo
1428 3635 1705 3727 perspexissent,
1728 3640 1900 3712 libentius
1923 3644 2052 3713 deinde
2068 3644 2292 3737 quieverunt.

274 3773 391 3828 autem
424 3756 607 3846 vigilantia
640 3751 691 3842 pii
710 3749 887 3842 Principis
918 3743 985 3818 hac
1007 3771 1049 3817 er
1069 3768 1108 3816 re
1134 3755 1259 3836 potest,
1308 3735 1444 3807 Viciuis
1472 3737 1572 3809 nulla
1601 3737 1695 3811 bella
1724 3739 1848 3812 intulit
1879 3766 2082 3835 quenquam
2120 3743 2293 3816 irritatus.

275 3859 369 3951 quod
386 3857 469 3924 inde
484 3877 593 3947 usque
609 3854 654 3923 ab
670 3852 774 3921 initio
798 3846 1067 3920 instaurationis
1081 3842 1258 3916 Ecclesia·
1306 3837 1377 3909 Sed
1398 3849 1440 3907 ut
1462 3837 1595 3928 patriae
1616 3853 1792 3930 parceret,
1826 3843 1967 3916 nullum
1987 3845 2124 3914 bellum
2146 3867 2293 3919 movere

259 3981 355 4028 «rum
376 3980 445 4025 vox
466 3957 587 4025 eadem
610 3954 686 4022 sine
703 3949 982 4021 dissensionibus
997 3947 1081 4018 ullis
1090 3948 1141 4046 ,ad
1160 3941 1258 4016 hunc
1306 3939 1518 4022 decreverat,
1533 3938 1602 4008 nisi
1620 3938 1681 4008 alii
1696 3940 1831 4030 priores
1845 3943 1980 4013 bellum
1996 3943 2187 4014 inferrent.
2202 3943 2294 4014 ,Nou

275 4056 370 4128 diem
388 4057 427 4124 in
441 4051 608 4126 Ecclesiis
632 4052 742 4124 totius
764 4049 918 4141 regionis
931 4061 1053 4133 sonat,
1078 4071 1142 4118 nec
1157 4059 1259 4117 tran·-
1307 4039 1507 4124 iracundia,
1534 4061 1608 4108 ¹¹⁰ss
1625 4040 1768 4129 privato
1779 4043 1903 4118 dolore
1917 4067 2014 4113 erma
2029 4046 2201 4135 capiendo
2219 4067 2294 4114 esse

276 4159 460 4252 quilliores
474 4177 622 4247 nequam
638 4151 816 4225 Ecclesiae
832 4152 868 4221 in
880 4147 1072 4222 Germania
1089 4143 1259 4218 hactenus
1307 4139 1455 4222 sciebat,
1468 4140 1542 4208 'sed
1557 4141 1771 4214 necessariae
1783 4144 2000 4214 defensionis
2019 4167 2144 4228 causa,
2171 4145 2295 4236 priva·

275 4261 432 4330 fuerunt.
485 4255 631 4328 Floreat
652 4267 686 4326 et
709 4250 858 4326 Scholae
878 4252 921 4322 iu
944 4250 1103 4342 oppidis,
1129 4261 1259 4320 etcum
1307 4252 1363 4310 tos
1377 4254 1500 4320 autem
1524 4240 1664 4314 dolores
1679 4243 1906 4332 perferendos
1922 4267 1994 4317 esse
2009 4259 2155 4336 propter
2170 4247 2294 4336 publi.

216 4377 221 4390 *
276 4361 389 4451 gentis
411 4358 552 4448 ingenia
573 4357 645 4426 sint
666 4355 907 4425 doctrinarum
929 4353 1087 4442 capacia,
1111 4360 1259 4420 naturae
1308 4367 1384 4415 cem
1408 4341 1609 4412 utilitatem.
1659 4339 1706 4417 Et
1725 4357 1765 4415 ut
1785 4341 1952 4416 historias
1972 4348 2126 4418 multum
2142 4347 2293 4438 legebat,

277 4462 383 4531 etiam
400 4473 512 4530 rectae
528 4471 611 4528 sunt
626 4469 660 4527 et
672 4450 902 4526 abhorrentes
918 4477 939 4522 a
958 4451 1166 4523 monstrosis
1180 4447 1260 4541 opi·
1309 4466 1410 4533 saepe
1433 4445 1477 4513 de
1499 4443 1603 4522 bellis
1619 4445 1786 4517 narrabat
1809 4445 1991 4518 oraculum
2005 4443 2154 4518 Graecis
2167 4450 2293 4521 datum

280 4561 460 4632 ninnihus.
486 4617 489 4624 .
511 4555 607 4630 llaec
624 4553 843 4628 deEcclesiis
858 4568 893 4626 et
908 4558 953 4624 de
970 4567 1136 4645 perpetua
1150 4547 1260 4620 Ducis
1309 4558 1393 4613 ante
1422 4567 1575 4636 pugnam
1603 4549 1647 4615 ad
1672 4543 1828 4626 Plate‘as,
1865 4543 2114 4640 ἀμυνομένοις
2143 4544 2294 4641 βέλτιον

276 4660 419 4732 Ernesti
435 4659 618 4750 diligentia
634 4659 674 4727 in
689 4657 830 4728 tuendis
843 4653 1011 4726 Ecclesiis
1027 4651 1161 4724 eo‘diri
1178 4651 1260 4720 bre-
1308 4644 1462 4718 ἔσεσθαι
1467 4696 1480 4730 ,
1522 4643 1680 4740 ἄρχουσι
1705 4640 1746 4718 δὲ
1775 4638 1896 4738 μάχης
1926 4643 1983 4720 od.
2016 4646 2155 4720 Patris
2184 4653 2293 4721 etiam

276 4763 375 4846 vius,
400 4765 462 4854 qui
479 4759 719 4854 tranquillitas
733 4753 971 4848 Ecclesiarum
994 4755 1033 4828 in
1049 4751 1092 4824 iis
1106 4751 1192 4823 locis
1207 4762 1262 4821 te-
1309 4747 1507 4836 exemplum
1528 4748 1706 4839 repetebat
1725 4747 1788 4840 qui
1811 4749 1925 4820 victor
1945 4750 2062 4820 lucrm
2074 4773 2155 4820 cum
2174 4745 2294 4824 hostes

277 4863 483 4933 stimonium
509 4875 560 4934 est
583 4859 785 4950 vigilantiae
808 4857 917 4948 ipsius
937 4856 977 4926 in
996 4851 1063 4926 hec
1086 4865 1183 4947 parte
1195 4874 1262 4942 gu-
1310 4848 1446 4939 priores
1463 4847 1605 4918 adeum
1628 4847 1869 4932 accessissent,
1894 4862 1935 4921 ut
1952 4851 2129 4941 praelium
2145 4852 2293 4926 cierem.

277 4963 508 5036 hernationis.
561 4962 676 5032 Venio
690 4983 787 5030 nunc
801 4959 847 5028 ad
870 4979 933 5041 ea,
956 4979 1046 5050 qnae
1067 4958 1112 5026 sd
1136 4975 1262 5033 seeun-
1311 4947 1354 5016 ln
1369 4949 1613 5021 iurisdictione
1628 4947 1819 5020 domestica
1839 4949 1909 5021 fuit
1927 4951 2091 5022 assiduus
2115 4965 2150 5022 et
2169 4953 2296 5042 iustus,

277 5068 359 5133 dem
374 5064 529 5153 decalogi
545 5077 679 5157 partem
696 5059 838 5154 proprie
852 5058 1043 5151 pertinent.
1092 5051 1262 5126 Armatus
1310 5049 1436 5120 delicta
1452 5072 1571 5120 serere
1584 5049 1747 5141 punivit,
1771 5071 1873 5140 saepe
1886 5065 2045 5144 repetens
2057 5075 2183 5124 vorem
2199 5052 2296 5126 divi.

277 5187 500 5235 communem
525 5165 620 5256 pacis
638 5160 879 5233 defensionem
902 5160 942 5232 ln
961 5155 1155 5230 Germania
1179 5177 1260 5225 cnm
1310 5174 1410 5236 nam,
1442 5173 1519 5222 non
1541 5170 1661 5242 parces
1683 5144 1891 5237 homicidis,
1921 5175 1962 5224 ec
1983 5153 2125 5240 dicens,
2149 5151 2297 5226 Princi-

277 5267 384 5336 fratre
399 5263 537 5336 adiuvit
550 5265 590 5334 in
604 5262 786 5336 Seditione
800 5259 1015 5346 Rusticana,
1037 5271 1081 5347 pt
1092 5255 1262 5328 nomina·
1309 5274 1370 5343 pes
1383 5252 1566 5324 ministros
1580 5267 1654 5324 esse
1667 5249 1825 5324 iusticias
1837 5249 1924 5332 Dei,
1946 5265 1982 5324 et
1996 5255 2121 5345 puniri
2143 5254 2241 5346 ipsos
2264 5259 2296 5329 si

278 5381 353 5450 tur,
395 5389 489 5438 anno
528 5363 719 5437 millesimo
754 5362 1056 5459 quingentesimo,
1094 5355 1272 5433 vicesimo·
1310 5355 1399 5443 lenti
1414 5353 1585 5428 inofficio
1599 5366 1714 5429 essem
1721 5401 1732 5438 ,
1757 5365 1799 5428 ut
1816 5352 1949 5426 accidit
1962 5351 2076 5426 tribui
2090 5351 2298 5441 Beniamin,
