4726 5828
3 267 174 346 ¹69

694 273 858 348 naec.
890 273 965 349 un
999 275 1267 366 straena,
1299 235 1587 361 euinctus.
2101 299 2151 370 ro

120 463 213 512 mur.
257 439 491 513 Manifestum
507 456 559 514 est
573 457 690 516 autem
711 444 989 522 illustrissimum
1005 447 1113 519 Prin·
1166 452 1314 519 mendas
1339 465 1373 522 et
1405 456 1448 522 ad
1480 457 1705 546 expellendos
1731 461 1943 544 Saracenos,
1983 469 2149 556 praeierit

3 513 5 566 ἶ
118 544 233 635 cipem
251 539 513 629 Anhaltinum,
539 533 603 638 qui
622 569 697 616 non
719 549 834 618 solum
852 551 990 638 generis
1006 551 1112 621 nobi·-
1164 553 1334 624 exercitui
1349 555 1534 628 Albertum
1554 577 1786 648 cognomento
1803 563 1949 652 Ursum,
1972 582 2094 640 natum
2112 571 2150 640 in

120 646 236 729 litate,
261 649 322 714 sed
340 647 445 716 etiam
460 647 681 732 eruditione,
706 651 878 739 sapientia
898 666 931 721 et
945 652 1111 734 omuibus
1163 653 1297 724 familia
1321 652 1501 728 Comitum
1525 662 1569 729 de
1585 659 1779 735 Balleustet
1803 681 1836 736 et
1857 667 2028 755 Ascania,
2053 672 2150 743 scitis

118 748 319 816 virtutibus
329 746 512 828 excelluit,
538 749 744 837 gravissimo
761 751 894 822 iudicio
910 753 1109 824 doctrinam
1163 769 1280 823 autem
1299 754 1486 826 Ascanium
1502 785 1615 831 arcem
1632 776 1668 833 et
1689 767 1858 857 oppidum
1875 793 1949 838 esse
1972 794 2046 842 non
2067 797 2150 864 pro-

119 862 307 918 sonantem
326 849 364 914 in
378 844 690 921 Ecclesiisnostris
712 853 911 943 amplexum
929 877 1021 939 esse,
1045 878 1110 924 nec
1164 856 1221 923 cul
1238 857 1283 925 ab
1298 855 1561 934 Halberstadio.
1603 863 1722 935 Huius
1738 868 1875 940 Alberti
1890 871 2035 944 Ascanii
2052 888 2148 947 tanta

119 964 244 1040 postea
257 948 424 1018 abiecisse
445 975 625 1043 unquam,
651 955 788 1023 tametsi
812 968 956 1046 propter
973 957 1110 1026 contes-
1161 957 1229 1026 fuit
1251 959 1423 1048 sapientia
1448 974 1483 1031 et
1498 963 1626 1046 virtus,
1651 968 1744 1037 utin
1764 971 1863 1040 ltalia
1888 975 2013 1062 partim
2029 978 2148 1047 consi-

121 1053 256 1120 sionem
270 1050 408 1139 magnis
424 1053 567 1121 iniuriis
581 1067 615 1123 ct
630 1055 856 1124 contumeliis
871 1058 1108 1127 adficiebatur.
1163 1058 1232 1142 lio,
1261 1061 1387 1147 partim
1404 1063 1610 1151 praeliando
1628 1081 1661 1136 et
1677 1071 1889 1172 domesticos
1907 1077 2078 1147 tumultus
2092 1101 2148 1148 se·

123 1151 170 1222 Ut
191 1150 302 1240 igitur
323 1165 359 1222 et
380 1154 484 1222 multi
507 1157 601 1244 apud
625 1169 759 1225 exteros
783 1171 817 1226 et
838 1159 969 1247 posteri
986 1159 1109 1250 sciant,
1162 1161 1316 1238 daverit,
1343 1178 1377 1230 et
1391 1162 1585 1236 Saracenos
1604 1173 1821 1258 represserit.
1864 1172 1992 1246 Postea
2007 1195 2145 1252 secutus

116 1253 235 1344 qualis
264 1251 322 1322 vir
348 1249 405 1322 hic
428 1257 611 1326 doctrinae
638 1257 735 1325 testis
767 1257 892 1339 luerit,
927 1255 1108 1330 historiam
1161 1256 1354 1332 Lotharius
1376 1264 1414 1332 in
1433 1263 1533 1336 ltalia
1561 1271 1715 1360 expulsis
1731 1273 1933 1360 Saracenis,
1959 1303 2077 1370 pacem
2096 1283 2147 1350 le-

114 1355 193 1423 eius
211 1355 380 1427 recitabo.

220 1485 293 1555 Nec
316 1485 472 1556 alienum
498 1504 547 1559 est
565 1487 629 1560 hoc
645 1506 891 1580 argumentum
911 1493 955 1560 ab
972 1488 1035 1560 hac
1051 1518 1109 1561 re-

115 1588 357 1660 nunciatione.
411 1587 500 1657 Nam
522 1605 552 1658 et
574 1587 656 1660 huic
678 1593 744 1682 ipsi
762 1595 818 1660 cui
841 1595 970 1681 gradus
985 1595 1107 1662 decer-

108 1690 235 1773 nitur,
261 1703 296 1759 et
319 1691 423 1758 nohis
445 1694 612 1762 omnihus
632 1694 719 1762 utile
745 1708 796 1763 est
820 1689 887 1762 hoc
910 1693 1106 1785 exemplum

114 1791 267 1875 intueri,
295 1792 376 1882 quia
397 1814 534 1883 semper
557 1797 698 1882 prodest
723 1791 899 1864 Ecclesiae
923 1790 1105 1863 historiam

114 1909 151 1962 et
168 1891 351 1960 doctrinae
365 1913 492 1980 genera
516 1896 758 1978 considerare,
785 1910 818 1965 et
845 1896 985 1986 piorum
1009 1895 1107 1965 testi-

115 1993 247 2061 moniis
269 1993 483 2064 confirmari.
536 1994 676 2064 Deinde
699 2011 732 2065 et
755 1998 949 2086 praesentia
979 1997 1043 2068 Dei
1068 1999 1106 2064 in

113 2091 274 2162 Ecclesia
299 2097 519 2182 agnoscenda
538 2109 608 2179 est,
632 2111 665 2166 et
686 2099 817 2185 gratiae
835 2101 989 2185 agendae
1010 2112 1106 2182 sunt,

114 2198 210 2288 quod
228 2197 289 2262 dat
309 2195 448 2286 aliquos
464 2196 632 2264 salutares
647 2195 817 2268 Doctores
841 2212 875 2267 et
891 2199 1105 2288 gubernato-

114 2320 190 2378 res,
220 2312 255 2366 et
277 2297 498 2364 accendenda
526 2312 578 2367 est
599 2299 797 2382 invocati0,
829 2313 868 2368 ut
886 2300 1052 2390 deinceps
1072 2316 1105 2370 et

113 2397 217 2467 nobis
235 2399 346 2480 adsit,
373 2410 406 2466 et
430 2411 526 2486 regat
543 2401 743 2468 docentium
762 2413 796 2469 et
813 2400 1022 2470 discentium
1043 2425 1103 2493 pe·

113 2513 221 2572 ctora.
263 2497 428 2592 Denique
445 2501 706 2569 commonefieri
721 2525 786 2569 uos
803 2505 961 2591 prodest,
987 2516 1025 2570 ut
1039 2525 1103 2572 suo

114 2601 264 2694 quisque
285 2601 363 2668 loco
387 2600 545 2668 imitetur
573 2596 677 2670 huius
693 2600 869 2692 Principis
885 2603 1103 2693 diligentiam

115 2705 154 2770 in
169 2701 402 2796 inquisitione
419 2694 598 2784 veritatis,
625 2703 663 2768 in
680 2702 917 2788 invocatione,
944 2709 982 2773 in
999 2705 1102 2774 casti-

113 2819 187 2872 tate
203 2818 236 2872 et
251 2803 410 2871 omnium
429 2803 600 2871 virtutum
615 2804 749 2872 officiis.

210 2933 360 3027 Propter
375 2931 437 3005 has
453 2919 573 3005 causas
590 2936 661 3004 scio
677 2937 781 3006 bonis
798 2938 964 3006 omnibns
981 2951 1015 3008 et
1031 2939 1103 3009 uti-

111 3041 181 3107 lem
198 3051 232 3108 et
248 3053 382 3128 gratam
399 3037 473 3106 lore
490 3033 581 3105 hanc
598 3037 988 3126 commemorationem,
1014 3065 1102 3133 quae

112 3157 231 3211 tamen
248 3140 361 3209 multo
379 3139 446 3208 erit
463 3139 605 3208 brevior
623 3151 659 3208 et
676 3139 834 3224 tenuior,
859 3166 963 3232 quam
981 3157 1102 3232 postu-

111 3243 162 3310 lat
189 3241 397 3330 magnitudo
423 3264 560 3323 rerum,
587 3241 631 3308 de
655 3241 785 3332 quibus
806 3241 995 3310 dicendum
1016 3259 1102 3316 erat.

111 3343 182 3414 Sed
199 3343 295 3411 scitis
316 3343 415 3410 nulla
433 3342 542 3409 ullius
563 3355 741 3410 creaturae
763 3343 925 3412 oratioue
943 3343 1026 3412 satis
1042 3370 1102 3413 ex-

109 3445 197 3534 poni
214 3468 315 3536 posse
330 3444 490 3512 miranda
506 3439 576 3510 Dei
593 3465 710 3532 opera,
733 3439 910 3512 Ecclesiae
925 3447 1101 3534 guberna-

111 3549 258 3628 tionem,
284 3546 467 3613 doctrinae
484 3544 767 3634 amplitudinem,
795 3545 965 3614 virtutum
984 3551 1100 3619 decus.

110 3647 213 3734 Quae
234 3647 330 3714 enim
354 3645 556 3738 eloquentia
581 3646 789 3736 sapientiam
813 3642 882 3715 Dei
906 3649 988 3718 satis
1016 3649 1101 3718 illu-

108 3763 219 3816 strare
255 3747 390 3838 potest?
441 3743 715 3839 Qualescupque
744 3748 869 3815 breves
898 3771 1101 3817 commone-

108 3848 280 3918 factiones
305 3847 557 3940 proponimus,
590 3863 630 3916 ut
654 3847 699 3914 ad
722 3847 816 3936 piam
850 3849 1097 3936 cogitationem

110 3975 229 4020 rerum
246 3948 478 4018 maximarum
494 3947 693 4018 invitentur
705 3949 834 4040 aliqui,
863 3963 896 4020 et
913 3975 991 4020 cum
1010 3953 1099 4020 cele-

108 4055 255 4120 bromus
268 4039 372 4118 'dona
400 4045 467 4116 Dei
490 4049 528 4116 in
552 4050 637 4118 viris
659 4051 814 4138 magnis,
845 4049 959 4120 Deum
983 4053 1097 4144 ipsum

107 4153 219 4242 aspici
242 4150 406 4220 volumus
426 4165 461 4220 et
486 4151 561 4220 eius
585 4152 813 4242 sapientiam,
846 4153 1041 4224 bonitatem
1066 4170 1099 4224 et

108 4254 344 4344 praesentiam
360 4253 398 4322 in
414 4274 540 4340 genere
558 4247 714 4322 humano
733 4253 892 4342 cogitari,
917 4271 955 4325 ut
973 4256 1003 4324 ei
1017 4279 1097 4342 gra-

106 4359 176 4426 tiae
192 4368 357 4444 agantur:
384 4353 483 4424 Sicut
501 4353 556 4444 pie
572 4368 607 4423 et
622 4355 758 4424 erudite
774 4357 912 4446 scripsit
927 4351 986 4426 hic
997 4355 1097 4426 Heu-

105 4461 201 4527 ricus
218 4449 404 4526 Sthenius:

211 4578 303 4659 Quos
315 4596 372 4661 ego
387 4603 458 4644 oum
472 4583 586 4658 laudo,
613 4585 677 4644 laus
695 4603 728 4642 ea
742 4595 805 4644 tota
821 4580 882 4647 Dei
897 4597 952 4646 est.

104 4692 157 4764 Ut
177 4708 293 4763 amem
316 4693 424 4762 exteri
445 4706 480 4760 et
499 4694 639 4783 posteri
653 4694 783 4778 sciant,
809 4721 880 4788 qua
899 4696 943 4764 in
961 4697 1095 4766 familia

103 4808 210 4863 natus
223 4792 447 4882 sitPrlnceps
465 4791 663 4884 Georgius,
691 4821 799 4884 pauca
816 4800 860 4866 de
875 4811 1045 4869 vetustate
1063 4814 1096 4869 et

101 4897 308 4967 celebritate
328 4895 483 4964 familiae
508 4899 761 4966 modestissime
786 4898 922 4982 dicam,
959 4916 995 4970 et
1021 4927 1092 4970 nort

100 5003 235 5088 fingam
250 4996 450 5064 fabulosam
464 4997 652 5086 originem,
674 5001 734 5068 sed
751 5000 906 5070 recitabo
921 5005 1094 5092 quaedam

101 5098 286 5182 historica,
307 5101 392 5168 notai
409 5100 589 5181 omuibus,
609 5101 671 5192 qui
687 5123 760 5170 non
774 5115 859 5170 sunt
873 5103 989 5191 ignari
1002 5101 1095 5174 Ger-

101 5201 326 5269 manicarum
346 5193 600 5273 historiarum.
657 5199 748 5272 Cum
775 5198 968 5278 lautharius
991 5204 1095 5292 saxo,

102 5305 304 5394 lrnperator
326 5300 474 5392 mpiens·
484 5316 521 5370 et
541 5304 808 5392 magnanimus,
841 5307 1039 5378 exercitum·
1055 5309 1093 5378 in

101 5405 244 5474 ltaliam
268 5402 443 5486 raitteret,
477 5407 520 5472 ad
546 5405 730 5476 intestinas
757 5406 948 5479 seditiones
971 5401 1120 5498 oppa-¹2

1161 1363 1279 1450 gibus,
1319 1365 1461 1434 iudiciis
1495 1383 1529 1438 et
1562 1373 1747 1461 praesidiis
1780 1378 1956 1467 sapienter
1982 1383 2146 1454 munivit.

1160 1461 1251 1533 Cum
1268 1479 1384 1536 autem
1402 1481 1487 1538 tunc
1502 1483 1600 1540 vetus
1615 1474 1746 1544 familia
1764 1475 2014 1550 utarchionum
2029 1481 2145 1554 Brau-

1161 1567 1461 1656 denburgensium
1479 1568 1683 1643 Electorum
1707 1579 1857 1648 extincta
1882 1595 1990 1668 esset,
2009 1580 2145 1656 Letha-

1160 1666 1233 1734 rius
1249 1665 1445 1759 Imperator
1461 1687 1597 1744 tantum
1614 1677 1738 1749 tribuit
1752 1681 1875 1751 virtuti
1884 1678 2025 1756 Alherti
2036 1683 2146 1758 Asca-

1159 1768 1231 1851 nii,
1265 1783 1305 1838 ut
1336 1771 1368 1837 ei
1400 1769 1599 1844 Marchiam
1629 1791 1664 1849 et
1693 1776 1970 1871 pulcherrimum
1999 1783 2145 1881 ἀξίωμα

1158 1864 1362 1940 Electorum
1377 1875 1540 1950 traderet.
1581 1874 1653 1946 Nec
1668 1880 1766 1950 aliud
1781 1878 2071 1959 honorificentius
2081 1891 2144 1962 iu-

1159 1970 1289 2039 dicium
1315 1974 1359 2040 de
1378 1970 1525 2045 ailberto
1549 1981 1594 2048 ab
1614 1977 1844 2071 Imperatore,
1869 1986 1969 2057 cuius
1993 1989 2063 2060 luit
2082 2016 2144 2063 ex-

1159 2072 1289 2140 cellens
1310 2075 1499 2166 sapientia,
1534 2079 1609 2149 fieri
1633 2085 1765 2173 potuit,
1800 2111 1906 2178 quatu
1927 2091 2023 2182 quod
2045 2094 2142 2167 auxit

1158 2172 1234 2241 eius
1247 2177 1441 2264 potentiam
1458 2180 1594 2250 ditione
1615 2197 1729 2269 tanta,
1756 2201 1790 2257 et
1808 2191 1948 2260 ornavit
1963 2192 2143 2282 dignitate,

1157 2298 1226 2364 qua
1243 2299 1316 2343 non
1333 2278 1399 2350 alia
1420 2277 1603 2370 pulchrior
1619 2299 1669 2354 est
1688 2287 1726 2356 in
1743 2311 1870 2378 genere
1886 2286 2056 2368 humano,

1258 2409 1352 2480 Huic
1368 2412 1517 2487 Alberto
1539 2415 1691 2492 Ascanio
1714 2425 1777 2494 lilii
1799 2427 1942 2498 fuerurit
1965 2454 2045 2500 cum
2069 2435 2143 2520 alii,

1158 2525 1231 2582 tum
1257 2526 1291 2582 et
1311 2512 1516 2588 Beruardus
1538 2521 1601 2612 qui
1626 2524 1725 2594 duxit
1754 2529 1943 2599 exercitum
1966 2533 2143 2607 Friderici

1156 2611 1391 2685 Barbarossae
1409 2618 1447 2687 in
1464 2617 1575 2690 ltalia.
1606 2621 1697 2694 Cum
1712 2641 1828 2697 autem
1842 2627 2018 2704 Henricus
2029 2633 2143 2708 Guel-

1156 2715 1212 2783 lus
1227 2735 1460 2804 cognomento
1477 2721 1670 2813 Superbus,
1694 2725 1775 2798 Dux
1791 2727 1963 2802 Saxoniae
1979 2746 2014 2805 et
2028 2733 2141 2809 Bava-
2186 2783 2195 2792 ·-

1157 2815 1247 2899 riae,
1273 2815 1523 2910 imperatorem
1542 2825 1579 2892 in
1597 2823 1697 2897 ltalia
1713 2830 1879 2901 seditioso
1903 2835 2052 2907 consilio
2076 2841 2141 2910 de-

1155 2917 1337 3003 seruisset,
1362 2935 1396 2990 et
1421 2917 1501 2990 Dux
1519 2922 1695 2997 Henricus
1721 2945 1838 3021 postea
1862 2938 2077 3030 proscriptus
2102 2944 2141 3013 in

1158 3015 1322 3107 Angliam
1346 3022 1507 3111 fugisset,
1540 3026 1700 3100 intanto
1728 3029 1941 3105 Germaniae
1973 3041 2141 3130 periculo,

1156 3121 1392 3208 prudentiam,
1415 3125 1580 3196 virtutem
1597 3143 1631 3199 et
1645 3131 1748 3200 iidem
1765 3147 1898 3206 tantam
1916 3163 1989 3210 esse
2003 3141 2042 3210 in
2054 3141 2139 3214 Ber-

1156 3223 1267 3289 nardo
1285 3219 1439 3292 Ascanio
1458 3223 1658 3299 Fridericus
1674 3233 1855 3322 iudicavit,
1879 3255 1919 3312 ut
1934 3242 1965 3309 ei
1984 3257 2019 3313 et
2034 3245 2140 3316 ditio·

1155 3343 1235 3388 nem
1253 3319 1462 3394 Saxonicam
1485 3331 1527 3396 ad
1543 3326 1686 3418 Albim,
1715 3350 1750 3406 et
1766 3363 1914 3430 quarum
1934 3365 2071 3415 summa
2088 3361 2140 3417 est

1154 3423 1306 3508 dignitas
1330 3439 1365 3494 et
1381 3429 1550 3498 autoritas
1566 3427 1737 3506 Ascaniae
1756 3453 1788 3508 et
1803 3436 2020 3514 Anhaltinae
2037 3448 2139 3516 lami-

1155 3523 1241 3607 liae,
1272 3547 1360 3615 quas
1380 3528 1522 3620 quidem
1547 3534 1698 3624 amplius
1712 3538 1873 3610 ducentis
1887 3545 1991 3613 anuis
2012 3569 2136 3639 magna

1153 3649 1232 3693 cum
1250 3626 1359 3715 gloria
1376 3631 1534 3718 retinuit,
1560 3657 1599 3702 ae
1613 3639 1741 3726 posteri
1759 3641 1897 3710 alteru
1917 3661 1949 3713 et
1963 3645 2137 3720 Bernardi
2155 3687 2160 3692 ·

1152 3749 1279 3814 magna
1297 3729 1426 3798 virtute
1445 3732 1680 3806 defenderunt
1700 3733 1791 3808 hauc
1808 3739 2023 3816 Germaniae.
2039 3773 2137 3822 oraru

1152 3829 1319 3896 adversus
1334 3827 1500 3918 Henetos,
1526 3831 1714 3916 Bohemos,
1741 3837 1898 3912 Polonos
1915 3859 1947 3915 et
1958 3846 2137 3929 Tartarus.

1153 3927 1277 4022 Aliqui
1307 3932 1411 4000 etiam
1442 3933 1479 4002 iu
1510 3935 1649 4031 Syriam
1672 3943 1849 4015 duxerunt
1871 3946 2044 4022 Friderici
2074 3953 2137 4028 Se-

1152 4031 1260 4098 cundi
1277 4033 1459 4104 exercitus·
2122 4057 2126 4064 '

1252 4165 1395 4239 Certum
1420 4187 1600 4244 astantem
1626 4180 1794 4252 continua
1819 4187 1907 4257 serie
1926 4183 2136 4265 ab'Albcrto

1150 4263 1324 4354 Ascanio,
1358 4288 1393 4343 et
1417 4298 1436 4344 a
1462 4269 1646 4348 Bernardo
1668 4275 1769 4354 Duce
1797 4286 1971 4358 Saxoniae
1993 4286 2136 4370 Alberti

1150 4367 1223 4438 filio
1241 4385 1337 4442 ortos
1363 4397 1435 4442 esse
1453 4375 1631 4470 principes
1646 4378 1880 4475 Anhaltiuos,
1905 4393 1965 4484 qui
1981 4408 2133 4468 veterem

1152 4471 1299 4560 patriam
1323 4467 1391 4542 Dei
1413 4475 1582 4549 beneficio
1600 4478 1718 4556 adhuc
1740 4490 1929 4586 possident.
1981 4489 2136 4592 Fuitque

1150 4585 1269 4640 nostra
1283 4574 1451 4671 memoria
1468 4581 1655 4673 praecipue
1670 4589 1785 4661 clarus
1802 4607 1904 4662 uatus
1924 4595 1960 4664 in
1978 4620 2017 4667 ea
2032 4599 2135 4670 lami·

1150 4673 1197 4740 lia
1214 4669 1428 4767 Rodolphus
1442 4675 1673 4770 Anhaltiuus,
1699 4693 1760 4786 qui
1777 4692 2003 4783 imperatoris
2016 4697 2134 4772 Mari·

1149 4774 1287 4845 miliani
1307 4780 1527 4853 exercitusiu
1546 4782 1646 4857 ltalia
1663 4793 1775 4872 duxit,
1799 4807 1832 4861 et
1846 4818 1945 4885 saepe
1960 4800 2133 4876 foeliciter
2163 4855 2175 4888 ι,

1148 4899 1229 4946 curn
1247 4874 1392 4951 Venetis
1418 4897 1452 4954 et
1478 4881 1562 4956 lulii
1585 4887 1766 4961 Pontificis
1782 4895 1890 4986 copiis
1906 4893 2096 4977 dimicarit.
2121 4945 2132 4958 ..
2174 4923 2179 4932 “

1249 5008 1433 5084 Vetustam
1455 5019 1699 5105 nobilitatem,
1733 5038 1765 5099 et
1791 5051 1920 5104 nomen
1936 5042 2133 5114 vetustissi-

1147 5134 1225 5180 mae
1239 5114 1329 5182 arcis
1343 5129 1378 5184 et
1391 5118 1545 5212 familiae
1558 5119 1732 5196 Ascaniae
1746 5127 1888 5204 indicat.
1934 5136 2132 5216 Tuisconas

1146 5213 1242 5283 enim
1258 5215 1304 5284 ab
1319 5211 1458 5288 Ascane
1473 5221 1595 5307 dictos,
1619 5226 1812 5300 multorum
1824 5236 2038 5328 scriptorum
2054 5250 2132 5338 opi-

1147 5313 1208 5384 nio
1224 5328 1292 5399 est,
1318 5320 1381 5410 qui
1398 5321 1560 5392 vocabuli
1577 5325 1756 5402 vicinitate
1780 5356 1988 5426 morentur,
2013 5371 2052 5414 ac
2068 5349 2131 5418 de.

1146 5415 1257 5485 lector
1280 5421 1425 5490 nomine
1449 5419 1614 5514 decanis,
1647 5433 1728 5525 quia

1465 5519 1520 5598 5.

1757 5437 1896 5507 videtur
1919 5465 1937 5508 a
1960 5445 2130 5536 religione

1405 5761 1506 5788 A
