4726 5828
110 277 187 358 aas
682 257 844 360 nucu
886 279 960 356 oa
1001 272 1235 356 senona
1277 272 1573 354 aosrocu.
2072 291 2144 368 aaa

108 451 174 522 rtis
200 449 331 543 copiis,
357 466 464 545 atque
486 452 640 538 viribus,
662 474 802 524 summo
825 454 945 526 studio
967 466 1104 523 eteon-
1154 471 1230 519 non
1259 443 1456 540 Epicureus
1485 450 1562 521 inre
1592 449 1804 525 offendatur.
1855 453 1944 524 Nam
1971 458 2034 526 nbi
2068 485 2142 530 non

108 553 241 623 stantia
264 557 554 642 aggrederentur,
579 557 675 648 quod
700 555 889 627 coniuncta
907 556 1102 624 multorum
1154 573 1281 640 magna
1305 545 1595 621 scholasticorum
1618 555 1834 645 frequentia,
1861 570 1895 626 et
1915 579 1988 627 non
2013 584 2143 651 parvus

109 655 301 739 autoritas,
332 669 368 725 et
398 657 510 726 virtus
540 669 807 748 praeceptorum
834 659 872 726 in
897 657 994 728 vitiis
1018 678 1102 726 suae
1153 652 1357 721 docentium
1385 675 1571 736 numerus,
1600 653 1652 721 ibi
1679 655 1804 723 ordine
1826 659 1994 738 docendi,
2027 675 2061 732 et
2084 664 2141 731 di.

107 751 251 838 scholae
278 757 496 846 corrigendis
527 769 646 848 potest
668 758 904 848 permultum,
937 772 973 829 at
993 759 1100 828 unius
1152 752 1275 821 scendi
1297 754 1491 843 prudenter
1516 755 1726 835 carteritano,
1752 756 1855 826 facile
1871 760 2031 828 omnium
2048 765 2139 834 ratio

106 873 169 928 aut
192 857 339 926 alterius
360 858 413 928 vis
438 871 472 928 aa
489 859 651 945 facultas,
676 859 821 928 caeteris
836 862 882 930 ab
899 860 966 930 isto
982 859 1099 928 officio
1151 853 1200 923 ita
1224 848 1347 922 haberi
1371 868 1504 945 potest,
1526 869 1567 924 ut
1588 855 1643 923 illi
1667 868 1759 927 recte
1781 859 2021 952 foeliciterque
2036 863 2139 935 insti.

107 958 347 1042 cessantibus,
372 972 433 1030 aut
452 960 570 1047 nulla,
595 973 657 1030 aut
673 983 843 1052 perparva
861 962 955 1032 inea
971 984 1010 1030 re
1026 981 1099 1030 esse
1150 967 1316 1038 tuantur,
1340 969 1374 1025 et
1389 955 1437 1024 sic
1452 955 1596 1025 illorum
1612 956 1740 1042 vitam,
1766 972 1798 1027 et
1814 981 1928 1029 mores
1942 963 2138 1034 multorum

107 1059 211 1131 solet,
1150 1055 1245 1125 oculi
1268 1056 1459 1148 speculari,
1485 1069 1523 1128 ut
1545 1058 1747 1127 aberrantes
1762 1060 1896 1145 devia,
1921 1084 1987 1130 nec
2001 1064 2136 1135 diutius

210 1155 438 1251 Quapropter
472 1161 567 1254 quod
600 1162 778 1248 muneris,
820 1163 914 1256 ‹prod
945 1161 1098 1232 sustine·
1150 1156 1278 1242 latere,
1308 1170 1342 1228 et
1370 1158 1408 1226 in
1437 1181 1515 1226 eam
1545 1159 1663 1229 statim
1693 1173 1768 1228 tum
1797 1158 1916 1250 legum
1935 1165 2135 1252 autoritate,

108 1282 205 1344 mus,
229 1259 375 1350 religio,
397 1257 610 1347 etSeholae,
635 1265 694 1333 cui
707 1265 946 1350 deseruimus,
971 1260 1098 1348 honos,
1149 1269 1226 1328 tum
1255 1273 1521 1350 praeceptorum
1547 1282 1653 1351 opera
1677 1263 1835 1331 revocari
1858 1263 2004 1353 possint.
2066 1263 2135 1338 Et-

105 1373 142 1430 et
168 1361 382 1447 iuventutis,
415 1363 472 1435 cui
496 1377 616 1434 nostra
637 1365 751 1434 officia
776 1366 971 1450 debentur,
1002 1365 1096 1435 salus
1149 1359 1243 1428 enim
1260 1383 1436 1440 summum
1448 1360 1570 1445 scelus,
1587 1363 2134 1456 etdetestandaimpietasfuerit,

106 1463 252 1548 suasit,
278 1475 313 1532 et
328 1464 458 1552 coiigit,
482 1465 745 1550 secutisumus,
772 1488 812 1536 ac
828 1466 1026 1536 societatem
1043 1465 1096 1535 la·
1148 1460 1308 1530 moribus
1340 1460 1533 1532 iuventutis
1561 1474 1743 1550 tantopere
1774 1463 2061 1538 incumbentibus
2086 1473 2133 1540 ad

104 1563 223 1643 boris,
249 1577 283 1634 et
297 1564 557 1650 molestiarum,
583 1590 673 1659 quae
685 1567 970 1658 praeceptoribus
985 1567 1023 1635 in
1039 1567 1095 1636 di·
1147 1585 1290 1630 omnem
1327 1561 1506 1632 levitatem
1533 1576 1568 1633 et
1602 1564 1711 1632 malas
1744 1575 1853 1648 artes,
1890 1583 2132 1661 praeceptores

104 1664 251 1755 scipulis
271 1678 347 1734 tum
371 1667 591 1747 erudiendis,
625 1682 700 1738 tum
723 1669 979 1756 gubernandis,
1011 1680 1094 1739 sunt
1146 1663 1312 1732 desistere
1340 1687 1361 1732 a
1388 1665 1505 1733 studio
1533 1664 1699 1733 medendi
1724 1665 1814 1733 male
1836 1661 2069 1760 habentibus,
2095 1684 2131 1743 et

103 1765 349 1856 suscipienda,
373 1767 539 1852 fecimus,
563 1769 600 1836 in
616 1791 686 1860 qua
701 1769 848 1838 colenda
863 1769 1011 1862 quisque
1027 1793 1093 1838 no·
1145 1764 1313 1854 praebere
1334 1787 1371 1833 se
1391 1765 1525 1836 otiosos
1547 1777 1758 1856 spectatores
1778 1767 1868 1836 tanti
1883 1770 1965 1840 mali
1982 1793 2129 1842 suorum

102 1878 219 1936 suom
240 1866 405 1956 promisit
427 1889 464 1935 se
483 1868 632 1940 decretis
654 1869 815 1957 religiose
831 1870 1093 1960 obtemperatu-
1145 1864 1417 1954 discipulorum,
1443 1889 1503 1950 ²⁰,
1529 1868 1624 1958 quod
1646 1879 1764 1937 tantae
1783 1863 1850 1937 hot
1871 1880 2028 1962 tempore
2043 1874 2129 1943 libi-

103 1989 187 2034 rum
209 1985 297 2036 esse.
356 1961 533 2036 Ordinem
557 1981 592 2038 et
614 1970 786 2038 rationem
809 1961 1002 2060 discipulos
1023 1995 1091 2040 no·
1144 1965 1246 2034 dines
1271 1979 1305 2036 et
1332 1965 1541 2057 cupiditates
1563 1967 1757 2038 iuventutis
1785 1963 1969 2055 videniur,
2000 1985 2040 2042 ut
2064 1976 2127 2044 de-

103 2079 197 2137 stros
225 2066 395 2146 docendi,
428 2081 462 2137 et
488 2070 671 2138 exercendi
694 2070 858 2160 privatim
881 2085 916 2141 et
938 2071 1092 2162 publice,
1142 2079 1302 2156 speretur
1333 2090 1411 2136 eam
1441 2067 1569 2136 adduci
1598 2091 1720 2158 posse,
1751 2080 1790 2137 ut
1812 2071 1884 2139 suis
1904 2073 2127 2146 curatoribus

101 2189 142 2236 re
159 2165 349 2255 diligenter
364 2167 574 2252 deliberata,
600 2171 645 2240 de
660 2171 839 2240 communi
858 2171 970 2242 nostri
984 2173 1091 2241 colle-
1144 2179 1284 2258 pareat,
1316 2180 1350 2237 et
1372 2168 1598 2260 obsequatur.
1651 2167 1720 2238 Hic
1745 2170 1815 2238 nisi
1838 2193 1894 2240 me
1917 2175 2037 2244 omnia
2057 2177 2127 2245 fal-

101 2267 151 2356 gii
171 2267 347 2338 sententia
368 2267 639 2351 constituimus,
665 2283 699 2340 et
721 2294 845 2363 operas
866 2268 1090 2344 scholasticas
1142 2269 1240 2348 lunt,
1266 2268 1304 2336 in
1328 2268 1445 2338 officio
1467 2281 1735 2362 praeceptorum
1757 2285 1808 2341 est
1824 2272 1945 2344 saltem
1963 2277 2126 2366 experiri,

100 2369 200 2437 iuxta
222 2367 410 2460 aequitatis
433 2392 594 2439 normam
618 2371 713 2441 inter
730 2395 800 2466 ¹nos
820 2371 941 2463 partiti
956 2395 1090 2460 sumus,
1142 2383 1175 2439 at
1191 2391 1294 2462 quam
1307 2369 1456 2439 maxime
1469 2369 1643 2456 laborare,
1662 2394 1741 2441 cum
1755 2385 1878 2462 agatur
1892 2376 1986 2445 salus
2000 2379 2126 2446 iuven-

101 2481 138 2540 et
168 2467 283 2558 leges,
316 2491 406 2561 quae
427 2483 462 2539 et
483 2468 635 2541 Scholae
656 2473 903 2545 constitutioni
927 2476 1089 2560 tuendae,
1142 2471 1245 2554 tutis,
1277 2464 1391 2538 honos
1413 2466 1642 2556 Academiae,
1671 2484 1705 2542 et
1730 2495 1860 2541 nomen
1890 2475 2056 2563 illorum,
2085 2493 2126 2550 ιιι

100 2581 138 2640 et
160 2568 321 2638 moribus
341 2569 596 2652 adolescentiae
615 2573 765 2643 rudibus
787 2588 880 2645 recte
901 2574 1088 2664 fingendis,
1142 2569 1338 2662 periculum
1372 2594 1393 2640 a
1426 2570 1539 2662 capite
1575 2572 1853 2663 discipulorum,
1895 2575 2126 2649 iufamiama

102 2685 137 2740 et
168 2669 272 2738 malis
297 2670 471 2742 foeliciter
503 2673 720 2761 corrigendis
753 2675 855 2743 valde
882 2673 1090 2746 viderentur
1141 2666 1291 2743 Scholae
1310 2671 1498 2760 dignitate,
1522 2685 1557 2744 et
1573 2685 1644 2744 tam
1658 2674 1798 2742 foedam
1815 2673 1961 2744 labema
1977 2701 2042 2747 suo
2058 2703 2126 2749 no-

99 2772 385 2840 accommodatae
408 2772 647 2844 adiunximus.
699 2770 806 2861 Quod
828 2799 848 2844 a
872 2777 1003 2844 teneris
1024 2799 1088 2844 ne-
1141 2771 1236 2840 mine
1256 2772 1454 2862 depellant,
1476 2776 1680 2863 praesertim
1706 2798 1786 2844 cum
1808 2775 1882 2867 ipse
1898 2777 2003 2848 officii
2016 2803 2125 2850 cona-

101 2893 199 2942 cesse
220 2885 270 2942 est
292 2871 643 2943 adulescentulorum
660 2873 801 2964 ingenia
822 2875 982 2944 doctrina
1002 2875 1087 2946 reli-
1140 2884 1214 2955 tus,
1238 2884 1272 2941 et
1288 2869 1365 2942 Deo
1386 2885 1505 2962 gratus
1521 2875 1584 2960 sit,
1608 2889 1642 2946 et
1654 2876 1757 2946 facile
1771 2875 1949 2948 bonorum
1963 2881 2125 2951 uranium

99 2971 238 3062 gionis,
262 2986 299 3043 et
320 2972 425 3044 bonis
445 2975 581 3044 artibus
600 2975 677 3066 pie,
700 2975 964 3069 liberaliterque
985 3001 1088 3046 exco-
1140 2972 1275 3041 auferat
1304 2971 1616 3064 approbationem,
1654 2989 1689 3048 et
1722 2975 1798 3045 sine
1829 2978 1947 3049 fructu
1976 2983 2126 3054 nonsit

98 3075 195 3156 lere,
231 3085 266 3144 et
293 3095 409 3143 mores
427 3076 472 3144 ad
493 3077 584 3146 bene
609 3088 645 3145 et
663 3075 871 3146 innocenter
892 3078 1087 3148 vivendum
1138 3073 1291 3144 futurus·
1418 3072 1423 3080 “
1710 3075 1713 3080 ’

4 3251 6 3258 ,
97 3174 240 3263 legibus
257 3175 434 3266 sapienter
446 3177 596 3266 fingere,
620 3199 710 3269 quos
722 3176 809 3246 tales
824 3177 989 3248 volumus
1005 3203 1086 3247 eva·
1244 3172 1485 3265 Suscipiemus
1506 3174 1615 3265 igitur
1634 3168 1697 3245 has
1718 3175 1860 3247 virtutis
1875 3190 1908 3250 et
1923 3176 2028 3250 oflicii
2044 3203 2125 3272 par·

99 3277 202 3360 dere,
230 3275 478 3367 utaliquando
494 3273 736 3346 velEcclesiae
750 3279 937 3362 salutares,
958 3295 993 3351 et
1007 3279 1087 3350 ido·
1140 3287 1210 3360 tes,
1241 3275 1286 3344 ad
1307 3287 1485 3367 questam
1508 3275 1630 3348 multis
1651 3277 1764 3347 causis
1788 3289 1823 3348 et
1844 3281 2043 3352 rationibus
2066 3282 2125 3351 in·

101 3375 161 3444 nei
189 3376 265 3445 sint
293 3375 466 3462 ministri,
497 3378 555 3447 vel
582 3375 814 3468 Reipublicae
846 3377 1087 3469 Magistratus,
1139 3375 1312 3458 vitemur,
1336 3375 1394 3443 vel
1410 3375 1527 3466 potius
1541 3379 1722 3467 cogimur,
1747 3373 1822 3448 Deo
1837 3380 1924 3450 duce
1942 3393 1976 3452 et
1991 3397 2125 3458 autore.

99 3476 231 3570 quiin
259 3499 326 3546 suo
354 3499 503 3547 munere
525 3503 606 3551 cnm
627 3479 739 3568 gloria
761 3476 848 3563 Dei,
879 3491 913 3550 et
934 3481 1087 3551 utilitate
1140 3472 1321 3566 Principio
1353 3469 1420 3544 hoc
1450 3475 1545 3546 inter
1567 3499 1691 3548 omnes
1712 3492 1874 3551 constare
1897 3482 2124 3565 arbitramur,
2174 3528 2177 3536 ‚

98 3573 285 3650 communi
297 3599 379 3646 vere
393 3589 663 3670 constanterque
677 3593 873 3653 versentur.
1139 3571 1234 3647 nihil
1253 3575 1331 3646 sine
1352 3575 1499 3662 ordine,
1524 3590 1559 3649 et
1573 3590 1667 3648 certa
1680 3580 1838 3666 ratione,
1863 3605 1978 3675 neque
1995 3575 2033 3652 in
2049 3583 2124 3657 Re-

204 3675 296 3747 Nam
319 3678 382 3770 qni
403 3702 468 3749 nec
488 3679 650 3750 doctrina
674 3679 813 3749 liberali
833 3692 1088 3771 praeparantur
1140 3677 1300 3768 publica,
1325 3701 1442 3771 neque
1456 3678 1496 3747 in
1512 3702 1549 3749 re
1564 3679 1766 3766 domestica,
1791 3681 1967 3773 sapienter
1981 3683 2123 3776 suscipi,

99 3781 146 3850 ad
169 3791 264 3848 recte
286 3777 516 3850 iudicandum
538 3781 710 3850 derebus
734 3781 839 3850 bonis
859 3795 893 3852 et
908 3781 1030 3865 malis,
1053 3793 1087 3850 et
1140 3791 1175 3868 et
1200 3777 1373 3848 foeliciter
1400 3778 1656 3850 administrari:
1693 3781 1743 3850 sie
1771 3781 1875 3852 etiam
1900 3785 1939 3851 in
1963 3785 2123 3855 discendi

98 3893 261 3971 tempore
289 3880 544 3950 adolescentiae
572 3894 774 3952 assuescunt
797 3881 837 3950 in
859 3881 1004 3951 vivendi
1029 3904 1087 3951 ra·
1140 3878 1295 3963 ratione,
1318 3891 1359 3949 ut
1373 3879 1468 3951 docti
1484 3877 1663 3967 iudicant,
1689 3895 1723 3952 et
1736 3883 1949 3974 experientia
1965 3899 2124 3973 testatur,

98 3981 200 4052 tione
218 4005 239 4050 a
259 3993 353 4050 recto
371 3981 568 4069 discedere,
593 3995 628 4054 et
642 3981 859 4068 claudicare,
880 3976 919 4050 hi
935 3983 1087 4053 maiores
1138 4002 1176 4050 se
1191 4003 1247 4049 res
1261 3975 1389 4066 habet,
1430 3977 1657 4074 Quapropter
1672 3978 1731 4053 hic
1745 3985 1854 4068 ordo,
1879 3998 1914 4057 et
1929 3979 2015 4056 haec
2029 3989 2122 4058 ratio

96 4080 203 4166 facti,
235 4093 276 4150 ut
303 4094 392 4152 testa
419 4084 587 4166 odorem,
615 4105 686 4176 quo
716 4105 838 4157 recens
865 4095 916 4154 est
939 4083 1089 4169 imbuta,
1139 4093 1262 4151 nostro
1285 4079 1450 4152 sodalitio
1468 4082 1619 4174 placuit,
1650 4107 1719 4177 qua
1741 4107 1921 4174 speramus
1944 4110 2009 4158 nos
2029 4089 2123 4156 obti-

98 4206 176 4252 non
198 4181 300 4252 facile
317 4182 466 4264 amittit,
493 4184 542 4253 sic
558 4183 663 4254 etiam
678 4207 697 4254 a
713 4185 969 4256 claudicatione
984 4185 1087 4256 solita
1139 4205 1223 4253 nere
1236 4204 1356 4274 posse,
1375 4194 1429 4263 ut,
1450 4205 1490 4252 ex
1503 4178 1632 4254 Schola
1647 4185 1839 4254 cessatione
1853 4187 1999 4272 sublata,
2025 4189 2123 4279 quis-

97 4297 133 4354 et
160 4282 350 4368 familiari,
381 4306 482 4374 aegre
507 4298 544 4356 et
567 4285 756 4356 difficulter
782 4285 964 4358 desistunt.
1018 4283 1087 4357 Cui
1139 4306 1209 4376 que
1222 4297 1338 4375 partes
1353 4283 1512 4353 discendi
1528 4285 1596 4354 sibi
1613 4286 1717 4356 utiles
1732 4298 1767 4355 et
1781 4300 2031 4357 consentaneas
2045 4311 2123 4357 sus-

96 4386 149 4456 rei
180 4385 286 4454 fidem
314 4384 505 4470 maiorem,
537 4409 643 4479 quam
672 4387 856 4478 volumus,
890 4398 925 4456 et
947 4387 1087 4477 publica
1139 4383 1265 4476 cipiat,
1285 4398 1319 4453 et
1340 4407 1399 4454 eas
1419 4385 1622 4475 diligentia,
1647 4400 1682 4457 ct
1701 4389 1909 4473 constantia,
1930 4389 2123 4481 quamvir-

97 4488 196 4555 salus
213 4485 366 4576 patitur,
389 4485 476 4556 vitia
491 4489 684 4558 multorum
700 4501 775 4560 tum
792 4482 987 4566 Ecclesiae,
1012 4502 1087 4558 tum
1139 4500 1196 4558 tus
1210 4484 1378 4579 requirit,
1405 4500 1606 4580 exequatur.
2111 4577 2114 4586 Ἰ

96 4585 259 4677 Reipub.
290 4586 407 4671 civili,
446 4599 522 4658 tum
553 4583 684 4660 scholis
715 4587 946 4660 servientium
976 4583 1089 4658 faeere
1241 4581 1477 4657 scholasticos
1504 4600 1644 4657 nostrae
1671 4583 1943 4679 Philosophicae
1967 4585 2124 4660 -Scbolae

96 4685 263 4782 quotidie
277 4687 489 4778 experimur.
1140 4687 1386 4757 distribuimus
1400 4688 1437 4756 in
1453 4686 1923 4773 auditores¹Grammaticos,
1948 4691 2124 4761 studiosos

203 4785 277 4857 Nec
303 4802 422 4858 tamen
444 4812 510 4858 nos
532 4785 683 4860 Scholae
705 4785 844 4872 Ideam,
874 4786 964 4857 sicut
987 4785 1090 4857 Plato
1140 4787 1317 4870 Laureae,
1355 4803 1388 4859 et
1419 4789 1608 4878 magisterii
1637 4783 1876 4881 philosophici
1910 4792 2124 4862 candidatos.

97 4889 255 4962 civitatis
276 4889 453 4973 formam,
471 4889 527 4959 cui
543 4889 581 4958 in
600 4883 666 4959 hac
682 4891 771 4971 vita,
793 4902 827 4957 et
845 4889 884 4956 in
899 4882 956 4957 his
971 4884 1091 4958 homi·
1141 4887 1375 4959 Auditoribus
1392 4887 1660 4971 Grammaticis,
1687 4886 1784 4958 horis
1805 4904 1886 4960 ante
1907 4893 2125 4974 meridianis,

97 5015 188 5062 nnm
211 4991 373 5061 moribus
395 4987 487 5060 nihil
511 4990 580 5061 loci
603 4991 843 5084 relinquatur,
869 4989 989 5060 animo
1005 5014 1090 5059 con·
1141 4991 1374 5082 proponimus
1412 4990 1594 5080 privatim:
1637 4989 1815 5082 Epistulas
1850 4987 2050 5077 Ciceronis,
2093 5008 2128 5064 et

96 5094 281 5184 cipimus,
303 5107 336 5164 et
358 5092 503 5163 florenti
525 5092 629 5161 aetati
654 5091 904 5182 proponimus,
929 5092 988 5160 sed
1014 5111 1089 5160 eam
1142 5105 1322 5182 praecepta
1334 5088 1588 5186 Etymologiae.
1639 5089 2045 5176 pomeridianisautem,
2070 5095 2128 5163 vel

98 5218 192 5289 qnae
218 5206 254 5263 et
278 5192 460 5282 discipulis
483 5193 524 5260 in
545 5193 712 5263 discendo
735 5192 939 5275 commoda,
970 5205 1006 5262 et
1026 5192 1091 5259 ad·
1142 5192 1318 5261 comedias
1336 5190 1516 5278 Terentii,
1542 5193 1598 5262 vel
1615 5191 1743 5263 Poama
1765 5192 1932 5287 aliquod,
1956 5197 2030 5264 sive
2044 5194 2129 5262 Vir-

99 5297 251 5366 modum
281 5294 395 5364 facilis
417 5293 465 5366 sit
487 5295 626 5378 futura,
662 5307 696 5364 et
718 5293 1004 5386 praeceptoribus
1027 5315 1092 5360 nec
1142 5292 1239 5382 gilii,
1263 5293 1335 5364 sive
1350 5289 1495 5377 Ovidii,
1520 5306 1553 5363 et
1575 5295 1759 5386 praecepta
1770 5292 1965 5389 Syntaxeos
1990 5308 2023 5363 et
2039 5294 2129 5363 Pro-

98 5398 234 5483 oneris,
258 5417 324 5491 nec
337 5394 554 5468 diflicultatis
566 5393 701 5487 aliquid
714 5395 875 5481 allatura,
898 5413 970 5487 quo
985 5389 1091 5464 homo
1143 5393 1274 5470 sodiae.
1338 5392 1494 5568 Autorleg
1513 5395 1685 5540 *explicati
1715 5417 1796 5466 cum
1827 5395 2050 5466 auditoribus
2077 5395 2129 5465 ita
