4726 5828
242 252 314 329 uo
796 227 958 312 uuor.
994 229 1072 308 un
1102 227 1333 309 sturnus
1365 163 1700 310 saxonicis.
2186 235 2263 312 rao

246 419 443 516 adprobare
463 425 595 497 artem,
617 422 652 481 et
671 404 758 479 haec
772 403 898 480 'nostra
921 403 1055 493 officia,
1078 427 1119 476 ac
1137 405 1228 476 velle
1274 401 1347 474 diis
1369 401 1462 474 ritae
1480 414 1623 476 nostrae
1644 397 1855 495 rogitemus,
1880 405 1941 476 sad
1961 403 2091 491 etiam,
2115 407 2156 478 ut
2173 405 2265 476 ordo

248 547 349 606 eum,
372 532 414 591 ut
434 513 595 585 homines
616 510 782 582 remediis
805 533 824 580 a
844 531 883 578 se
905 507 1058 579 conditis
1073 505 1231 588 utantur,
1275 519 1313 578 et
1333 503 1482 578 consilia
1503 505 1548 574 de
1570 529 1639 576 usu
1661 529 1803 592 rerum,
1826 507 1971 600 quaein
1985 519 2082 580 tanta
2097 506 2267 578 vadente

248 620 458 695 velleetiam
478 615 627 688 artifices
649 635 741 698 esse,
764 610 829 706 qui
850 621 962 680 artem
979 609 1060 680 aliis
1080 610 1232 692 tradant,
1279 605 1367 676 mira
1383 618 1458 678 arte
1472 605 1682 678 distributae
1695 621 1801 693 suut,
1826 609 2003 680 deducant
2022 631 2090 680 nos
2103 611 2148 680 ad
2162 607 2267 698 agni-

250 738 287 797 et
302 719 455 794 remedia
472 713 673 802 exhibeant,
698 727 733 786 et
746 713 914 783 adiuvare
930 732 1011 782 eum
1027 710 1143 780 fidelis
1156 732 1232 779 mo-
1279 707 1412 778 tionem
1435 705 1590 796 opificis,
1621 721 1657 780 et
1678 707 1782 781 lateri
1802 731 1870 782 nos
1891 722 2037 801 cogant,
2064 731 2139 780 esse
2162 731 2267 779 meu·

251 825 325 895 dici
346 820 479 901 olfieia,
515 815 720 908 praesertim
748 811 947 884 invocantis
976 811 1112 904 ipsum,
1152 831 1231 881 euru
1261 803 1705 914 temarchitectatricem,
1736 833 1826 904 quae
1840 835 1914 882 non
1929 809 2269 882 solumlormaverit

253 926 423 1016 scriptum
438 920 500 990 sit:
526 917 581 989 Da
595 918 713 988 locum
727 917 883 1000 medico,
907 935 991 982 nam
1007 927 1041 984 et
1055 911 1234 984 Dominus
1280 909 1401 980 omnia
1427 909 1557 979 mundi
1579 933 1746 1000 corpora,
1778 924 1813 982 et
1833 925 2032 983 conservet:
2073 912 2268 983 sedetiam

254 1022 499 1100 commeavit,
523 1019 706 1092 certevult
721 1039 865 1108 operam
885 1027 1044 1086 nostram
1065 1035 1141 1084 nou
1159 1035 1234 1082 esse
1280 1009 1498 1102 prospiciens
1524 1003 1711 1082 hominum
1733 1014 1857 1093 saluti,
1898 1013 1948 1084 sic
1977 1012 2178 1084 distinxerit
2209 1035 2270 1084 res

253 1127 404 1201 irritam.
454 1119 522 1191 llis
542 1117 844 1192 consolationibus
858 1139 916 1185 me
929 1115 1120 1201 confirmo,
1144 1137 1235 1208 quo·
1282 1123 1481 1195 nascentes,
1512 1124 1554 1181 ut
1569 1112 1755 1203 praecipue
1771 1114 2074 1186 adminicula'sint
2090 1109 2270 1186 humanae

254 1229 321 1300 ties
342 1228 388 1298 ad
410 1235 629 1314 aegrotantes
649 1222 795 1306 accedo,
827 1231 863 1288 et
883 1217 990 1287 simul
1005 1215 1120 1287 Deum
1143 1219 1235 1285 vitae
1282 1213 1392 1298 vitae,
1412 1225 1454 1282 ‘et
1468 1212 1627 1302 singulae
1640 1213 1835 1305 peculiares
1848 1216 2021 1287 utilitates
2036 1215 2209 1304 adierant.

252 1331 389 1401 fontem
415 1338 451 1396 et
477 1324 716 1396 ‘remediorum
736 1319 954 1394 conditorem
979 1343 1064 1400 oro,
1097 1332 1139 1390 ut
1161 1316 1235 1408 ipse
1384 1311 1644 1386 Testimonium
1659 1315 1767 1406 igitur
1787 1319 1832 1388 de
1851 1317 1967 1408 seipso
1979 1315 2076 1390 Deus
2092 1316 2273 1400 conditor,

253 1442 407 1502 mentem
423 1437 458 1496 et
468 1426 626 1496 dextram
640 1447 753 1494 meam
768 1423 951 1512 gubernet.
974 1418 1057 1492 Scio
1072 1441 1235 1508 magnam
1283 1427 1317 1484 et
1329 1413 1377 1484 de
1390 1414 1633 1504 providentia,
1657 1412 1757 1508 hand
1764 1412 2037 1510 pulcherrimam
2055 1441 2174 1489 rerum
2189 1419 2269 1489 dis-

255 1553 333 1603 esse
346 1527 584 1599 infirmitatem
599 1539 746 1597 naturae
760 1519 959 1607 humanae,
994 1543 1061 1591 nec
1078 1521 1146 1592 ulli
1160 1540 1236 1588 ma·
1281 1513 1513 1587 tributionem
1548 1529 1586 1588 et
1615 1519 1859 1590 oeconomiam
1886 1541 1961 1589 esse
1988 1518 2113 1594 voluit.
2191 1518 2270 1590 Nos

256 1628 391 1724 gishoc
407 1641 559 1712 norunt,
581 1649 689 1721 quam
701 1624 849 1708 medici,
873 1622 937 1715 qui
952 1623 1109 1713 exempla
1123 1619 1236 1691 multa
1283 1639 1425 1711 quoque
1447 1618 1683 1709 intelligentes
1704 1621 1789 1692 iecit
1812 1633 2008 1704 creaturas,
2032 1633 2072 1690 ut
2092 1641 2192 1690 suam
2209 1621 2273 1690 lu-

258 1735 400 1819 rident,
425 1742 460 1800 et
472 1751 572 1820 saepe
587 1741 737 1798 cernunt
758 1749 798 1795 er
820 1725 959 1794 levibus
978 1723 1236 1794 offensionibus
1283 1742 1376 1804 cem,
1407 1718 1633 1818 sapientiam,
1671 1721 1866 1792 bonitatem
1893 1733 1928 1791 et
1958 1721 2133 1792 iusticiam
2163 1721 2273 1790 nobis

258 1834 345 1906 oriri
362 1831 514 1902 exitialia
529 1830 634 1914 mala,
658 1851 760 1921 saepe
775 1823 1055 1896 convalescentes
1071 1847 1146 1894 non
1160 1847 1235 1893 ser-
1283 1820 1542 1907 communicet,
1579 1821 1664 1915 quia
1695 1822 1830 1893 bonum
1863 1836 1915 1893 est
1947 1817 2168 1896 κοινωνικὸν
2200 1821 2273 1894 sui.

256 1950 339 2006 vato
354 1945 500 2005 naturae
514 1930 641 2000 ordine
662 1929 811 1999 saevicia
830 1926 1012 1998 redeuntis
1032 1925 1151 1998 morbi
1175 1947 1235 1995 ea·
1285 1917 1327 1990 ld
1351 1921 1427 1991 fieri
1452 1945 1527 1992 non
1554 1935 1687 2016 potest,
1720 1923 1790 1992 nisi
1811 1943 2041 2013 agnoscamus
2061 1935 2096 1994 et
2114 1922 2274 1994 celebre-

258 2035 385 2127 tiugui,
408 2053 509 2124 saepe
529 2043 626 2102 tanta
649 2044 701 2101 cst
721 2028 879 2121 corporis
897 2027 1079 2112 debilitas,
1106 2033 1150 2097 ἰιι
1170 2049 1236 2106 nee
1283 2043 1480 2120 museum.

124 2182 128 2188 ·
257 2139 398 2218 cibum,
429 2155 497 2204 nee
519 2131 675 2202 remedia
696 2132 870 2202 admittat.
925 2128 1022 2199 llaec
1045 2127 1110 2218 etsi
1133 2127 1235 2212 liunt,
1341 2115 1352 2168 '⁸
1365 2117 1546 2197 Esuscitat
1564 2123 1673 2214 igitur
1686 2125 1809 2194 nosad
1824 2124 1878 2195 sui
1895 2121 2124 2214 agnitionem,
2148 2137 2275 2196 osten·

259 2251 378 2309 tamen
410 2236 499 2311 ordo
527 2233 671 2302 divinus
696 2255 770 2302 non
800 2229 1031 2321 negligendus
1056 2243 1128 2313 est,
1160 2229 1238 2299 vult
1285 2223 1333 2294 sis
1348 2224 1548 2297 illustribus
1561 2225 1773 2296 testimoniis
1786 2226 1831 2295 de
1845 2247 1938 2310 sese,
1963 2226 2004 2292 in
2023 2224 2187 2296 universa
2205 2249 2276 2296 na·

258 2335 357 2411 Deus
372 2327 935 2424 etcibosetremediaexhiberi,
958 2331 995 2400 id
1015 2330 1083 2402 rite
1099 2330 1178 2414 liat,
1203 2341 1239 2399 et
1286 2338 1382 2409 tura,
1420 2349 1510 2418 quae
1539 2349 1619 2397 cum
1646 2327 1846 2398 enumerari
1874 2326 1993 2397 omnia
2022 2349 2097 2394 non
2124 2328 2276 2418 possint,

259 2450 405 2510 eventus
433 2435 500 2528 ipsi
532 2437 809 2506 commendetur.
851 2431 957 2504 ‚Nam
979 2443 1014 2502 et
1030 2430 1185 2502 amentia
1201 2429 1239 2499 ¹et
1286 2425 1476 2519 praecipua
1490 2438 1608 2497 tamen
1626 2450 1763 2519 semper
1778 2427 1817 2496 in
1833 2439 2021 2518 conspectu
2038 2427 2128 2508 sint,
2153 2443 2194 2500 ut
2214 2451 2276 2498 as-

260 2540 372 2610 scelus
388 2549 497 2622 esset,
522 2535 598 2606 seui
613 2549 675 2607 aut
687 2534 881 2627 aegrotanti
896 2556 941 2602 ne
955 2533 1074 2602 n'bum
1094 2532 1238 2624 quidem
1287 2527 1486 2598 sensionem
1510 2529 1555 2598 de
1583 2529 1809 2620 providentia
1838 2528 2060 2600 confirment.
2127 2528 2276 2622 Nequa-

257 2644 363 2728 dare,
386 2638 469 2734 quia
486 2661 560 2708 non
574 2637 685 2706 simili
700 2637 881 2726 voluptate
901 2633 1059 2712 fruatur,
1084 2645 1124 2702 ut
1140 2631 1240 2702 iuve-
1289 2649 1395 2720 quarn
1425 2651 1507 2698 casu
1539 2653 1580 2698 ex
1612 2626 1808 2701 Democriti
1840 2630 1966 2701 atomis
1999 2629 2170 2700 coulluxit
2211 2623 2275 2700 bic

257 2741 334 2826 uis,
353 2751 527 2812 autrecte
541 2737 672 2811 valens.
723 2735 809 2826 Legi
826 2733 968 2805 divinae
993 2744 1098 2826 atque
1120 2733 1238 2814 ordini
1289 2728 1422 2820 positus
1434 2729 1545 2813 coeli,
1569 2730 1680 2813 aeris,
1705 2753 1817 2826 aquae
1832 2727 1866 2802 et
1882 2744 2010 2803 terrae.
2060 2729 2134 2801 Nec
2154 2731 2275 2802 sidera

191 2847 192 2850 ’
258 2841 432 2912 divinitus
448 2839 581 2908 sancitu
598 2838 900 2930 obtemperemus,
923 2831 1080 2906 etDeum
1094 2826 1240 2906 naturae
1289 2853 1371 2900 casu
1386 2845 1571 2920 perpetuas
1583 2833 1676 2922 leges
1690 2846 1853 2905 motuum
1869 2846 2023 2918 samam,
2049 2856 2140 2928 quae
2156 2845 2277 2922 gratas

260 2942 480 3013 conditorem
496 2961 698 3030 precemur,
723 2953 765 3011 ut
786 2961 868 3030 nos,
890 2957 982 3030 quos
1005 2935 1240 3025 lauguefactss
1290 2943 1325 3000 et
1337 2930 1443 3000 utiles
1457 2931 1613 3004 efficiunt
1635 2933 1773 3004 dierum
1790 2957 1838 3023 ,ac
1862 2933 2042 3019 noctium,
2073 2934 2215 3006 aestatis
2238 2947 2279 3006 et

168 3033 174 3040 ’
260 3040 555 3126 scelerediaboli,
579 3041 750 3112 tamenin
763 3034 831 3109 bac
846 3036 1143 3108 infirmitatenon
1163 3037 1242 3108 vult
1289 3027 1427 3126 hyemis
1442 3033 1547 3104 vices.
1583 3033 1670 3106 ,Nee
1683 3035 1760 3108 siue
1777 3034 1909 3107 auxilio
1921 3033 1992 3106 Dei
2009 3047 2102 3106 terra
2118 3047 2277 3128 quotan-

260 3143 379 3214 subito
392 3141 568 3230 extingui,
591 3155 723 3223 servet,
748 3155 783 3214 et
798 3139 968 3210 concedat
979 3137 1097 3230 aliqua
1113 3137 1241 3228 spacia,
1290 3133 1347 3201 nis
1362 3131 1400 3202 lit
1416 3133 1608 3215 foecunda,
1632 3159 1697 3206 nec
1714 3159 1796 3208 casu
1811 3135 1942 3226 gignit,
1966 3137 2113 3228 stirpes,
2137 3159 2278 3222 succos,

261 3259 303 3315 ut
323 3239 517 3313 Ecclesiam
537 3241 629 3313 inter
644 3264 710 3314 nos
731 3239 894 3330 colligat,
917 3259 1023 3332 quarn
1042 3251 1083 3308 ut
1105 3261 1241 3328 semper
1290 3233 1445 3306 metalla.
1495 3234 1658 3329 Denique
1679 3237 1879 3310 intellectus
1897 3250 2186 3312 numerorum-et
2207 3261 2275 3308 or-

260 3346 301 3414 in
324 3339 382 3414 bis
402 3342 607 3432 regionibus
627 3345 769 3436 colligat
791 3354 826 3413 et
848 3341 1039 3433 grsbemu,
1060 3350 1136 3432 toto
1159 3361 1239 3410 eum
1291 3334 1401 3418 dinis,
1427 3336 1605 3406 etlumen
1629 3338 1666 3407 in
1690 3340 1812 3424 nobis,
1845 3339 2048 3410 discernens
2069 3334 2216 3408 honeste
2239 3355 2279 3412 et

253 3458 489 3538 pertoreoro.
538 3441 633 3518 Dixi.
1291 3437 1427 3525 turpia,
1465 3451 1501 3507 et
1524 3433 1721 3510 horrendae
1746 3463 1880 3531 poenae
1905 3443 2074 3512 scelerum
2098 3439 2138 3508 in
2165 3431 2296 3512 corde

428 3577 429 3580 ι
1292 3559 1365 3606 uon
1380 3550 1572 3627 putuerunt
1587 3539 1696 3622 oriri,
1719 3539 1791 3613 uisi
1807 3543 1853 3613 ab
1871 3557 2012 3614 aeterna
2025 3554 2156 3631 mente,
2181 3565 2278 3634 quae

1293 3631 1385 3708 banc
1398 3639 1511 3709 lucem
1528 3639 1566 3707 in
1584 3642 1762 3711 mentibus
1777 3655 1812 3714 et
1823 3643 1982 3716 accendit
1998 3656 2031 3713 et
2048 3655 2245 3713 conservat.

1395 3738 1498 3809 Talia
1514 3735 1583 3810 Dei
1597 3742 1741 3832 vestigia
1765 3739 1804 3813 in
1828 3746 1934 3816 nubis
1958 3745 2045 3836 ipsis
2064 3757 2099 3814 et
2122 3743 2161 3814 in
2184 3744 2277 3814 reli-

269 3840 441 3919 N0,147,
1065 3863 1094 3910 a.
1121 3841 1215 3913 1555.
1292 3863 1362 3934 qua
1384 3853 1511 3910 natura
1529 3861 1634 3933 saepe
1657 3841 1877 3934 aspiciamus.
1940 3842 1987 3916 Et
2010 3844 2114 3916 Pauli
2136 3845 2277 3916 dictum

265 3937 438 3972 Μ
665 3969 670 3974 ·
1030 3933 1241 3969 ”⁹⁹⁴⁹
1292 3940 1499 4028 cogitemus:
1551 3941 1641 4015 Tam
1674 3969 1785 4038 prope
1816 3947 1923 4018 nobis
1949 3947 2121 4019 ¹omnibus
2153 3949 2280 4020 adesse

467 4055 542 4140 Dp
568 4053 744 4144 Salgnfg
771 4054 1033 4142 saxonici&
1291 4038 1425 4127 Deum,
1450 4063 1540 4133 pene
1555 4057 1596 4115 ut
1611 4047 1821 4118 contrectari
1832 4041 2002 4120 manibus
2019 4048 2149 4140 possit,
2174 4047 2277 4119 etin

330 4217 429 4276 &lm
443 4215 557 4274 Dedan
591 4214 674 4270 TW
745 4215 822 4273 Μ,
869 4191 1052 4272 'senem
1071 4211 1111 4270 w
1177 4213 1239 4278 m
1291 4164 1332 4211 eo
1348 4163 1414 4213 nos
1427 4143 1567 4226 vivere,
1590 4146 1726 4217 moveri
1747 4162 1781 4222 et
1801 4169 1887 4222 esse.
1934 4147 1986 4222 Et
2006 4149 2177 4221 beneficia
2195 4149 2277 4222 eius

359 4235 733 4356 n÷.r..a.r.1i..2ss:''·
823 4233 871 4290 ‘H'
1051 4255 1060 4274 ’
1111 4232 1167 4290 ‘⁹'
1290 4258 1458 4335 perpetuo
1479 4267 1726 4335 mmmmm.
1749 4262 1784 4321 es
1806 4251 1897 4342 grati
1919 4248 2136 4322 celebrarunt
2153 4264 2190 4322 et
2215 4252 2277 4322 in-

628 4349 631 4354 ’
1289 4344 1505 4434 telligamus,
1537 4347 1628 4419 velle
1649 4366 1749 4436 enm,
1777 4372 1843 4422 nos
1867 4352 1938 4444 ipsi
1961 4355 2162 4425 conformes
2184 4375 2274 4426 esse.

261 4465 391 4539 oratio
426 4464 474 4536 de
501 4464 645 4537 saum.
671 4465 895 4555 samonaos&
938 4463 1096 4533 rectam„
1125 4483 1151 4534 α
1181 4457 1237 4535 Β,
1288 4441 1385 4515 llaec
1400 4447 1503 4518 initia
1519 4462 1719 4521 suntverae
1735 4465 1768 4522 et
1784 4455 1999 4526 necessariae
2012 4451 2233 4545 disciplinae.

393 4567 601 4658 duspurc
628 4564 878 4650 usitatum,
917 4563 1101 4636 Ballenai.
1166 4585 1170 4596 ·
1289 4644 1299 4663 ·
1362 4544 1431 4617 '1³
1466 4544 1558 4624 hanc
1587 4553 1955 4629 commutationem
1982 4577 2064 4635 tum
2092 4555 2274 4646 ingressus

1095 4684 1098 4690 ’
1287 4646 1384 4732 ιᾶθθι
1408 4649 1492 4742 quia
1513 4651 1673 4728 dtunms
1695 4647 1950 4742 desls‘edelcio,
1976 4653 2185 4751 quodlious
2205 4679 2271 4747 pa-

122 4825 129 4832 ,
175 4769 178 4776 ’
252 4733 371 4843 ,Cogit
384 4737 746 4844 hominesners'ssitas
760 4740 981 4816 considerare
996 4743 1089 4815 vitae
1104 4745 1236 4836 praesi-
1286 4747 1378 4818 triae
1396 4768 1495 4820 meae
1516 4753 1632 4839 dedis,
1651 4749 1889 4827 aestimabar
1912 4778 1987 4829 esse
2007 4757 2182 4838 iudicavi,
2207 4781 2271 4828 or-

258 4852 336 4933 dia,
369 4850 532 4920 videlicet
554 4869 609 4917 res
632 4859 814 4916 nascentes
834 4845 983 4933 infterra
1009 4856 1045 4915 et
1064 4844 1103 4914 in
1123 4845 1235 4940 aquis,
1285 4845 1355 4918 diti
1375 4845 1506 4922 abbae
1527 4847 1883 4944 commonefactloue,
1914 4860 1960 4930 de
1981 4859 2178 4952 praesentis
2200 4856 2272 4930 nst

254 4948 464 5024 nutritionis
499 4961 535 5019 et
568 4946 814 5018 medicationis
842 4969 956 5020 canan
1027 4942 1116 5016 ltom
1143 4941 1234 5017 aner
1284 4947 1322 5016 in
1349 4961 1486 5021 natura.-
1554 4992 1557 5001 -
1676 4995 1680 5004 ·
1791 4990 1794 4999 ·
1867 4981 1896 5012 .·
2351 4949 2352 4956 ’

254 5052 384 5146 quibus
398 5073 516 5120 carere
532 5069 821 5142 nonpossumus,
845 5061 896 5132 ut,
920 5047 1233 5139 eoquendiastem,
1384 5039 1710 5142 Primulo-'igitutg
1740 5053 1898 5128 ‹ailinno‘
1919 5061 2048 5133 antas
2084 5061 2269 5152 singulare

253 5151 534 5241 Agriculturam,
555 5143 893 5230 Architectouicam,
919 5144 1141 5230 vestiariam,
1162 5144 1233 5216 ur·
1262 5158 1265 5170 ’
1282 5144 1349 5218 Dei
1356 5162 1460 5252 optat
1469 5155 1570 5237 esse,
1594 5145 1901 5247 abrenuntiem
1917 5173 2120 5233 nostrorum
2141 5182 2268 5232 nacae

252 5255 397 5324 brorum
413 5273 538 5344 operas
553 5263 588 5322 et
602 5250 700 5322 alias.
731 5247 802 5321 sea
819 5243 1101 5321 brenmusitsre
1116 5244 1233 5319 vetur
1281 5241 1412 5319 sariunt
1420 5265 1454 5331 ps
1467 5243 1601 5326 erlino
1623 5253 1862 5350 guausago,
1879 5261 2042 5353 fflrfig
2064 5281 2158 5354 opu.
2178 5283 2268 5333 oon·

248 5351 346 5452 Deus
359 5375 426 5425 nos
441 5343 722 5439 commouelieri,
747 5369 822 5422 nou
835 5350 951 5446 tulum
963 5361 1008 5421 ιιι
1030 5349 1075 5418 de
1095 5346 1258 5442 μιιιὸη
1279 5341 1572 5428 didit-elwino
1591 5347 2032 5452 adtendentem-‘gratiss
2053 5385 2139 5458 ago,
2164 5367 2264 5459 quod

283 5735 414 5794 Α4
