4706 5818
117 291 191 364 ooo
254 271 262 282 '
459 319 495 388 ·.
689 285 720 362 1.
760 233 1053 360 canonicor
1078 273 1328 355 ccurours
1380 274 1578 354 rursu.
2065 285 2142 366 oto
2272 255 2278 260 ’

115 487 218 547 rum,
256 471 297 532 ut
329 471 450 550 postea
482 457 642 529 deleatur
676 470 749 529 tota
779 455 903 550 politia
928 449 1101 524 Mosaica.
1155 471 1251 519 anno
1272 446 1505 537 Longimani,
1542 463 1646 521 anta
1675 465 1782 530 sexto.
1836 455 1929 529 Sunt
1950 473 2066 532 autem
2092 466 2138 536 ab

115 563 216 636 llaec
238 561 433 655 praedictio
457 559 640 652 perspicue
660 560 789 631 refutat
802 557 932 628 multos
951 553 1103 626 ludaeo-
1154 573 1248 618 anno
1265 547 1478 638 Longimani
1495 555 1668 636 secundo,
1702 555 1797 626 iuxta
1816 555 2071 632 bletasthenem
2088 570 2133 636 ad

115 689 198 735 rum
223 685 372 734 errores.
422 659 562 751 Negant
581 673 707 734 natum
731 683 806 730 esse
823 657 1012 741 Messium,
1037 679 1103 724 ne-
1153 648 1526 735 initiumAlexandri,
1552 667 1691 724 centum
1718 659 2132 756 quadragintaquatuor.

114 779 200 856 gant
216 786 401 856 passurum
415 785 500 849 esse,
522 762 689 852 ignorant
704 760 903 832 doctrinam
918 759 962 828 de
977 758 1103 828 remis·
1155 749 1213 823 Ab
1232 750 1336 820 initio
1352 751 1566 835 Alexandri,
1599 769 1678 844 post
1690 752 1793 825 Darii
1807 774 1957 830 mortem
1973 764 2068 836 iuxta
2085 755 2131 836 li-

114 869 229 949 sione,
247 878 281 937 et
296 868 341 935 de
358 863 494 934 iusticia
512 887 617 958 quam
632 859 908 944 donatMessias,
922 860 1103 928 somniant
1153 855 1237 923 bros
1253 851 1529 923 Macabaeorum
1555 867 1588 924 et
1610 852 1818 945 losephum,
1844 876 1927 931 sunt
1955 869 2041 933 anni
2059 882 2130 937 tre·

115 969 399 1038 instauraturum
440 987 515 1034 esse
552 965 714 1057 politiam
749 962 957 1034 Mosaicam.
1024 957 1102 1028 Hae
1154 954 1247 1024 centi
1264 967 1299 1024 et
1314 956 1434 1024 decem
1452 957 1622 1045 usquead
1640 951 1821 1029 Christum
1838 975 1971 1034 natum.
2024 967 2128 1038 Adde
2222 1045 2226 1060 ¹

113 1064 358 1160 blasphemiae
385 1089 506 1136 omnes
536 1067 763 1136 refuntantur
792 1061 995 1135 testimonio
1025 1061 1103 1132 Da·
1153 1055 1297 1146 triginta
1321 1077 1433 1124 11111101
1456 1077 1476 1124 ³
1498 1050 1640 1126 Christo
1664 1072 1747 1129 11ᾶῖ0
1771 1083 1883 1154 usque
1908 1065 2129 1138 111θὶ111113-

115 1171 241 1254 nielis,
267 1169 362 1264 quod
381 1178 474 1237 extat
497 1166 537 1235 in
555 1190 634 1257 cap.
647 1165 683 1242 9.
700 1163 757 1236 his
773 1163 909 1236 verbis:
1154 1158 1334 1249 ptismum.
1392 1152 1510 1228 Erunt
1544 1156 1653 1245 igitur
1682 1183 1701 1227 a
1735 1166 1890 1232 secundo
1915 1164 2129 1256 Longimani

1152 1281 1247 1330 anno
1268 1279 1382 1350 usquo
1404 1259 1449 1327 ad
1472 1257 1685 1348 baptismum
1700 1256 1853 1349 Christi,
1879 1268 2128 1358 quadringenti

1152 1359 1329 1448 octoginta
1353 1371 1516 1450 quatuor.
1567 1357 1660 1429 Sunt
1682 1375 1799 1431 autem
1823 1360 2128 1440 hebdomadesse·

1151 1460 1292 1548 xagiuta
1307 1481 1446 1538 novem,
1464 1459 1549 1526 anni
1566 1463 1814 1551 quadringenti
1830 1469 2028 1557 octuaginta
2044 1475 2127 1541 duo.

1151 1559 1289 1632 Deinde
1303 1559 1341 1626 in
1359 1559 1508 1628 dimidio
1525 1562 1702 1652 sequentis
1715 1559 2128 1642 hebdomadisChrislus

131 1336 140 1352 ·
221 1315 451 1407 Septuaginta
466 1310 707 1388 hebdomades
720 1313 925 1406 praefinitae
942 1325 1024 1384 sunt
1041 1335 1099 1382 su·

169 1443 235 1511 per
251 1420 421 1510 populum
436 1430 561 1501 tuum,
594 1431 628 1489 et
645 1441 751 1508 super
766 1415 891 1486 urbem
909 1412 1100 1483 sanctuarii

169 1521 235 1600 tui,
254 1533 293 1590 ut
308 1519 452 1588 finiatur
469 1519 735 1607 praevaricatio,
749 1531 783 1587 ct
798 1516 1004 1606 obsignatur
1019 1538 1099 1604 pec·

171 1636 301 1706 catum,
325 1631 359 1688 et
374 1619 433 1688 liat
449 1618 658 1710 propiciatio
674 1642 739 1710 pro
756 1616 956 1710 iniquitate,
978 1628 1013 1686 et
1036 1615 1101 1683 ad·

173 1725 323 1793 ducatur
337 1718 474 1812 iusticia
485 1719 709 1810 sempiterna,
717 1713 759 1788 'et
774 1717 996 1808 compleatur
1009 1715 1098 1786 visio

171 1839 205 1895 et
223 1815 436 1911 Prophetia,
461 1833 494 1889 et
506 1834 661 1909 ungatur
675 1818 825 1891 Sanctus
851 1831 1066 1912 sanctorum.

225 1921 321 1993 Scito
346 1919 474 2009 igitur,
505 1932 540 1990 et
562 1920 762 2010 intelligito.
814 1917 873 1989 Ab
897 1917 991 1988 exitu
1025 1939 1100 1985 ser-

172 2023 303 2104 monis,
317 2033 358 2092 ut
373 2022 492 2091 redeat
511 2019 674 2112 populus,
695 2034 730 2091 et
742 2021 944 2090 aedificetur
959 2013 1098 2087 lerusa-

171 2125 241 2192 le'm
264 2143 375 2214 usque
401 2123 446 2191 ad
469 2116 652 2191 Christum
671 2119 826 2205 Ducem,
859 2115 1100 2190 hebdomades

170 2237 323 2314 septem,
354 2233 387 2291 et
406 2217 643 2292 hebdomades
665 2222 843 2312 sexaginta
871 2221 962 2292 duae
982 2234 1097 2292 erunt.

172 2321 222 2394 Et
256 2320 496 2406 habitabitur,
536 2336 570 2393 et
598 2324 879 2395 aedificabuntur
903 2323 1038 2414 plateae
1066 2335 1100 2392 et

172 2425 267 2494 muri
291 2425 328 2492 in
352 2423 512 2513 angustia
533 2437 741 2516 temporum.

225 2521 272 2596 Et
286 2538 366 2615 post
380 2519 620 2595 hebdomades
634 2525 811 2614 sexaginta
827 2537 862 2596 et
877 2527 965 2595 duas
980 2523 1101 2593 excin-

173 2629 278 2698 detur
291 2621 464 2700 Christus.
515 2623 563 2698 Et
579 2651 653 2697 non
671 2627 737 2698 erit
752 2625 785 2695 ei
801 2627 953 2717 populus
967 2638 1000 2696 et
1017 2647 1101 2693 san·

173 2729 360 2799 ctuarium.
411 2723 461 2797 Et
482 2728 634 2798 vastabit
656 2727 829 2817 populum
850 2729 922 2797 dux
944 2725 1100 2796 veniens.

173 2825 221 2898 Et
233 2827 313 2897 linis
329 2828 403 2897 eius
414 2828 453 2894 in
467 2828 711 2900 inundatione.
737 2825 785 2899 Et
799 2841 877 2918 post
893 2828 1000 2896 linem
1008 2825 1101 2896 belli

174 2926 319 2998 definita
340 2929 522 3000 desolatio.
928 2969 934 2976 ·

223 3025 272 3099 Et
294 3029 515 3099 confirmabit
535 3041 782 3098 testamentum
811 3029 934 3101 multis
963 3023 1100 3100 hebdo-

173 3131 277 3198 made
301 3153 383 3201 una.
436 3125 485 3200 Et
506 3130 545 3198 in
571 3130 720 3200 dimidio
739 3126 971 3200 hebdomadis
989 3153 1101 3198 cessa·

173 3233 267 3300 bunt
282 3227 397 3300 hostia
413 3243 448 3301 et
469 3229 692 3304 sacrificium.
743 3227 791 3300 Et
806 3255 911 3321 super
926 3232 1017 3298 alam
1033 3229 1101 3298 erit

173 3330 392 3400 abominatio
409 3331 611 3402 desolatrix.
657 3323 705 3402 Et
725 3333 895 3423 usquead
913 3331 1017 3398 finem
1033 3331 1101 3399 du-

171 3433 264 3500 rabit
279 3429 461 3521 praefinita
480 3429 664 3500 desolatio.
923 3425 925 3432 ‘

1151 1661 1380 1732 concionatus
1395 1673 1429 1729 et
1443 1683 1564 1752 passus
1582 1675 1643 1732 est.
1666 1661 1739 1733 Nec
1753 1689 1878 1754 magna
1895 1669 2129 1764 discrepantia

1151 1763 1219 1833 erit
1240 1762 1563 1852 computationum,
1587 1762 1616 1832 si
1639 1765 1804 1836 certiores
1822 1763 1985 1840 historias
2001 1796 2128 1868 sequa·

1150 1887 1251 1946 mur,
1278 1863 1414 1933 etiamsi
1431 1863 1574 1952 exiguae
1588 1864 1809 1938 differentiae
1822 1887 2018 1958 occurrent,
2044 1879 2128 1967 quia

1150 1966 1190 2034 in
1208 1985 1329 2052 regum
1355 1965 1459 2032 annis
1472 1965 1652 2034 interdum
1668 1989 1750 2058 pars
1766 1971 1852 2038 anni
1868 1973 2006 2060 duobus
2024 1979 2127 2046 attri-

1150 2066 1283 2140 buitur.
1333 2062 1430 2136 Haec
1441 2088 1617 2136 annorum
1626 2063 1786 2139 Danielis
1801 2076 2029 2161 congruentia
2047 2102 2127 2148 cum

1150 2181 1307 2256 tempore
1330 2167 1503 2237 adventus
1524 2162 1659 2238 Christi
1681 2170 1750 2261 piis
1778 2184 1876 2260 grata
1905 2175 1967 2258 sit,
2000 2178 2128 2248 deinde

1151 2268 1326 2338 excidium
1342 2267 1441 2336 urbis
1458 2266 1646 2338 Ierusalem
1662 2275 1844 2363 perspicue
1858 2287 2013 2362 testatur,
2031 2279 2128 2348 Mes-

1152 2371 1238 2440 siam
1259 2361 1455 2438 exhibitum
1481 2391 1575 2452 esse,
1617 2394 1694 2440 cum
1720 2370 1879 2445 exhiberi
1908 2399 1988 2447 eum
2013 2377 2128 2450 adhuc

1152 2483 1265 2544 stante
1286 2468 1410 2558 politia
1427 2465 1569 2538 Iudaica
1589 2476 1804 2562 oportuerit,
1831 2477 1869 2544 in
1892 2503 1959 2569 qua
1976 2505 2055 2550 cum
2076 2505 2130 2550 es-

1152 2585 1202 2640 set
1227 2564 1392 2640 inchoata
1409 2567 1595 2660 Evangelii
1618 2573 1851 2663 praedicatio,
1875 2594 1995 2666 postca
2012 2584 2127 2654 deleto

1152 2667 1221 2746 hoc
1238 2671 1371 2762 populo
1388 2667 1544 2742 Ecclesia
1560 2673 1739 2763 colligitur
1752 2700 1794 2746 ex
1809 2679 1982 2767 gentibus.

1253 2771 1323 2842 Hic
1344 2773 1640 2842 considerandum
1661 2787 1730 2858 cst,
1753 2790 1788 2847 et
1811 2800 1901 2871 quae
1914 2781 1986 2852 sint
2001 2781 2127 2850 discri-

1152 2874 1248 2942 mina
1271 2873 1512 2944 doctrinarum
1534 2874 1621 2961 legis
1651 2888 1686 2945 et
1710 2873 1914 2968 Evangelii,
1955 2885 2049 2975 quod
2085 2886 2130 2954 sit

1153 2975 1343 3044 discrimen
1372 2995 1475 3044 verae
1495 2969 1673 3045 Ecclesiae
1702 3001 1722 3048 a
1749 2980 1872 3070 politia
1898 2979 2059 3062 ludaica,
2094 3000 2127 3054 et

1152 3077 1332 3169 quomodo
1353 3071 1510 3145 Ecclesia
1540 3075 1623 3146 inde
1651 3101 1763 3172 usque
1792 3082 1837 3151 ab
1863 3083 1967 3153 initio
1991 3085 2127 3176 generis

1153 3173 1301 3248 humani
1317 3176 1462 3247 collecta
1482 3176 1538 3247 sit.

1253 3278 1362 3347 Anno
1379 3272 1513 3347 Christi
1531 3279 1706 3350 tricesimo
1724 3285 1860 3374 quinto,
1886 3283 2128 3356 annoTiberii

1152 3376 1289 3447 decimo
1311 3399 1426 3461 nono,
1449 3369 1597 3447 Paulus
1617 3382 1684 3450 iter
1703 3383 1835 3452 faciens
1854 3386 1900 3452 ad
1914 3387 2128 3456 Damascum

370 3571 376 3578 Ι
1152 3499 1341 3547 conversus
1355 3491 1406 3547 est
1420 3453 1692 3566 adagnitionem
1709 3476 1863 3572 Christi,
1883 3507 1961 3553 cum
1977 3488 2046 3556 iam
2062 3511 2129 3556 an-

117 3581 295 3675 Expresse
323 3581 457 3674 inquit:
504 3577 592 3650 Post
623 3575 861 3650 hebdomades
901 3591 1032 3670 septem
1067 3592 1101 3649 et
1153 3601 1220 3649 nus
1253 3591 1331 3670 post
1356 3573 1491 3648 Christi
1523 3581 1814 3652 resurrectionem
1848 3599 1987 3655 exactus
2027 3603 2126 3658 esset.

120 3685 301 3773 sexaginta
330 3683 437 3762 duas,
469 3681 596 3766 idest,
636 3696 717 3772 post
738 3678 976 3751 hebdomades
1004 3701 1102 3750 sexa·
1152 3679 1399 3752 Commoratus
1414 3679 1550 3771 aliquot
1562 3681 1687 3752 diebus
1700 3683 1738 3750 in
1750 3681 2029 3769 urbeDamasco,
2046 3713 2128 3758 cum

117 3788 217 3876 ginta
235 3807 363 3853 novem
379 3805 563 3875 passurum
579 3805 652 3852 esse
668 3774 867 3854 Messium.
907 3776 954 3850 Et
970 3781 1102 3870 insigni
1152 3783 1351 3852 ostenderet
1366 3803 1464 3850 suam
1479 3781 1732 3853 confessionem
1747 3785 1869 3854 ludaei
1883 3783 2128 3858 hostesEran-

118 3888 232 3956 verbo
248 3907 333 3955 usus
349 3898 410 3969 est,
432 3877 568 3955 Karath
580 3885 677 3977 quod
692 3883 863 3974 significat
879 3881 1077 3952 excindere.
1152 3883 1236 3974 gelii
1260 3895 1465 3951 struxerunt
1486 3882 1518 3950 ei
1541 3883 1699 3958 insidias.
1751 3882 1932 3957 Demissus
1957 3891 2126 3978 igiturex

225 3985 475 4074 intelligantur
496 3997 614 4055 autem
638 4007 821 4054 annorum
850 3980 1102 4065 hebdomades,
1152 4007 1256 4053 muro
1275 3983 1313 4052 in
1327 3979 1464 4054 calatho
1480 3983 1638 4057 discessit
1652 3987 1690 4054 in
1706 3981 1887 4069 Arabiam,
1903 4004 1936 4060 ct
1952 3991 2002 4061 ibi
2017 3994 2128 4061 trien-

124 4104 168 4158 ut
193 4086 341 4156 Levitici
366 4086 679 4178 vicesimoquinto
708 4087 821 4176 capite
848 4085 904 4154 lex
933 4084 1101 4175 loquitur.
1152 4085 1214 4155 nio
1244 4085 1376 4156 docuit.
1433 4082 1558 4155 Postea
1588 4087 1686 4157 venit
1713 4084 1987 4182 lerosolymam,
2020 4107 2053 4163 et
2075 4091 2126 4161 ibi

123 4189 200 4258 Nec
213 4187 372 4257 deinitio
386 4181 514 4274 horum
526 4208 700 4256 annorum
713 4187 847 4278 prolixe
864 4185 1064 4276 disputabo.
1153 4185 1354 4278 quindecim
1378 4185 1453 4254 dies
1476 4187 1569 4276 apud
1592 4184 1736 4259 Petrum
1758 4191 1897 4262 mansit.
1948 4191 2017 4262 llic
2039 4216 2127 4262 con·

226 4283 306 4358 Etsi
334 4284 449 4380 Cyrus
476 4300 691 4356 concesserat
718 4285 857 4358 ludaeis
887 4286 1039 4357 reditum
1062 4284 1101 4353 in
1153 4309 1289 4378 gressus
1301 4284 1399 4356 Petri
1414 4300 1447 4357 et
1461 4283 1582 4372 Pauli,
1606 4289 1716 4358 factus
1732 4287 1975 4384 lerosolymae,
2000 4294 2128 4365 incidit

123 4389 289 4482 patriam,
303 4399 419 4458 tamen
437 4387 580 4458 absente
596 4409 638 4456 eo
653 4409 709 4457 res
722 4388 891 4480 impedita
909 4401 970 4458 est.
998 4383 1100 4473 *Quia
1152 4401 1214 4458 aut
1235 4387 1273 4456 io
1296 4386 1461 4457 ultimum
1481 4411 1615 4458 annum
1634 4388 1792 4471 Tiberii,
1818 4406 1879 4463 aut
1894 4391 1932 4461 in
1946 4390 2126 4482 Caligulae

123 4490 316 4583 Cambyses
350 4510 498 4558 movens
528 4487 663 4558 bellum
692 4489 860 4558 adversus
892 4489 1103 4581 Aegyptios,
1152 4489 1267 4573 initia,
1281 4487 1443 4557 videlicet
1458 4489 1495 4556 in
1510 4511 1643 4558 annum
1652 4486 1784 4562 Christi
1801 4493 2016 4564 tricesimum
2030 4509 2127 4564 octa-

124 4592 242 4660 voluit
259 4587 407 4660 ludaeos
427 4612 508 4659 cum
531 4589 714 4687 Aegyptiis
735 4588 915 4676 coniungi.
964 4586 1103 4660 Rursus
1153 4613 1251 4662 vum.
1284 4587 1421 4658 Deinde
1435 4585 1568 4658 Paulus
1582 4585 1745 4661 Tarsum
1762 4596 1935 4684 profectus
1951 4611 2012 4678 est,
2031 4599 2126 4666 unde

125 4707 245 4762 autem
266 4704 344 4783 post
363 4713 476 4760 annos
491 4691 724 4784 quadraginta
735 4713 816 4774 sex,
842 4713 921 4758 cum
938 4711 1032 4758 anno
1049 4712 1103 4759 se·
1154 4691 1261 4762 rediit
1282 4691 1321 4757 in
1336 4686 1475 4782 Syriam
1494 4705 1662 4778 regnante
1679 4691 1846 4780 Claudio,
1872 4719 1951 4764 cum
1967 4695 2126 4766 Herodes

127 4793 247 4864 cundo
262 4790 475 4881 Longimani
496 4795 676 4862 decretum
700 4805 807 4876 esset,
831 4804 872 4861 ut
886 4789 1025 4861 ludaeis
1045 4815 1104 4860 re-
1155 4790 1313 4884 Agrippa
1330 4785 1518 4881 phthiriasi
1541 4807 1701 4863 mortuus
1724 4809 1832 4882 esset,
1853 4809 1886 4865 et
1906 4797 1945 4864 in
1967 4797 2126 4869 Seleucia

127 4896 226 4966 ditus
248 4895 521 4978 concederetur,
552 4892 747 4964 aedificatio
769 4891 892 4984 templi
915 4904 949 4962 et
970 4892 1104 4964 reditus
1155 4907 1191 4964 et
1213 4896 1251 4962 in
1272 4889 1390 4986 Cypro
1412 4892 1544 4967 docuit.
1595 4891 1687 4965 Sunt
1709 4909 1825 4965 autem
1846 4898 1935 4972 ,anni
1956 4899 2002 4968 ab
2023 4901 2126 4970 initio

128 5007 386 5086 processerunt.
438 4992 867 5086 NamannoLongimani
883 5005 994 5078 sexto,
1015 5006 1104 5062 tem·
1155 4991 1335 5084 Caligulae
1361 5015 1473 5086 usque
1504 4997 1547 5063 ad
1580 5009 1730 5066 mortem
1764 4995 1918 5068 Herodis
1948 4999 2126 5092 Agrippae

127 5101 230 5188 plum
250 5097 465 5187 completum
482 5108 543 5166 est.
592 5093 647 5166 Eo
662 5111 821 5190 tempore
835 5117 898 5187 per
910 5090 1106 5186 Prophetas
1156 5109 1255 5180 octo,
1280 5095 1441 5166 videlicet
1454 5118 1565 5187 usque
1576 5098 1618 5165 ad
1636 5119 1769 5166 annum
1784 5095 1918 5170 Christi
1934 5105 2128 5195 quadrage-

129 5193 340 5268 Zaehariam
371 5210 406 5268 et
426 5196 628 5284 Haggaeum
657 5200 851 5288 promissus
882 5208 933 5266 est
960 5196 1105 5270 reditus.
1157 5197 1286 5266 simum
1313 5210 1467 5281 sextum,
1503 5197 1566 5290 qui
1596 5212 1647 5268 est
1667 5221 1782 5268 annus
1804 5197 1943 5270 Claudii
1972 5191 2153 5292 quartus*

129 5301 185 5370 Ac
200 5301 397 5370 rectius-est
410 5320 548 5368 sumere
561 5297 706 5368 initium
729 5295 993 5370 hebdomadum
1012 5320 1032 5367 a
1050 5297 1106 5365 di·
1157 5295 1313 5370 Tamdiu
1336 5295 1468 5368 Paulus
1495 5299 1534 5366 in
1565 5321 1627 5368 ora
1658 5300 1775 5370 vicina
1797 5299 1909 5370 Tarso
1944 5302 1983 5366 in
2003 5297 2128 5370 Cilicia

129 5402 216 5470 vino
241 5403 421 5486 sermone,
459 5399 623 5472 videlicet
642 5394 870 5492 prophetico,
911 5400 1106 5472 asecuudo
1158 5401 1290 5472 docuit.

1541 5496 1619 5573 58*
