4706 5818
101 295 189 380 ιιι·
426 331 427 336 ¹
658 291 1566 387 1.·„cnnoa1con,.ma10a1s.raas1c
1763 385 1764 390 ¹
2035 277 2135 398 ἰιι
2259 370 2265 379 ,

101 489 138 550 et
154 483 241 568 post
254 465 473 548 Dalmatiam
487 465 632 562 Orienti
646 471 826 570 pssefuit·
865 467 981 562 ,Hunc
1003 495 1095 566 quo-
1138 467 1294 563 *tyranni
1317 481 1441 542 centn
1455 465 1678 546 Christianos
1698 491 1944 565 exercuerant,
1976 493 2130 554 vastatae

101 600 174 671 qne
198 573 394 645 crudeliter
423 574 666 645 dominantem
691 570 920 652 Constantius
942 572 1095 646 interfici
1147 584 1262 646 essent
1284 571 1524 663 provinciae„
1540 573 1653 646 victor
1673 572 1930 654 Constantinus
1950 595 1985 654 et
2004 578 2129 654 Eccle.

100 675 219 748 iussit
280 671 441 746 lnliaaus
462 687 541 766 post
562 671 836 759 Gammausa,
867 671 1095 748 Constantini
1145 672 1262 742 sisset
1277 671 1468 763 imperium
1484 673 1671 748 nstituere
1683 677 1810 770 coepit.

98 777 244 861 filium,
268 775 461 866 inperator
476 775 591 848 factus
611 789 674 848 eat.
726 773 813 846 Post
834 769 933 848 buno
956 795 1094 848 sncces-
1240 767 1377 866 Estque
1401 769 1490 844 lrsec
1517 775 1668 848 motatio
1698 799 1772 848 una
1801 779 1895 852 inter
1915 783 2126 875 praecipuas

99 895 162 950 sor
190 871 418 948 Iovinianus
447 874 656 952 Pannonius
679 894 722 948 ex
748 875 819 946 alia
848 875 983 948 familia
1009 876 1091 948 fuit.
1142 872 1281 962 generis
1302 869 1448 947 humani
1466 875 1700 962 mutationes,
1724 877 1906 952 difficilior
1926 906 2034 976 quam
2056 885 2125 958 luit

100 978 272 1073 Suntque
292 977 380 1048 anni
401 977 448 1048 ab
468 977 573 1048 initio
591 975 817 1052 Constantini
830 975 957 1068 Magni
980 999 1091 1074 usque
1142 970 1297 1064 Augusti
1319 973 1412 1044 viem
1430 974 1611 1058 Antonio,
1641 989 1704 1048 ant
1722 977 1808 1050 Iulii
1830 981 1923 1054 victo
1939 981 2124 1076 Pompeio.

100 1081 319 1152 admortem
336 1074 487 1162 loliani,
511 1077 769 1172 qninquaginta
784 1090 877 1152 octo.
1141 1071 1284 1144 Bellum
1301 1087 1394 1144 certe
1408 1099 1489 1145 cum
1506 1073 1648 1148 Licinio
1661 1077 1767 1168 lunge
1780 1081 1895 1152 mains
1910 1084 1995 1170 fuit,
2017 1107 2125 1178 quarn

205 1177 297 1270 Post
321 1175 495 1250 Maxentii
521 1178 705 1250 interitum
735 1178 827 1250 rexit
856 1173 1090 1250 Occidentem
1141 1175 1200 1244 vel
1215 1173 1299 1246 lulii
1323 1175 1381 1244 cel
1396 1173 1549 1265 Augusti
1572 1177 1679 1254 bella.
1733 1177 1826 1252 Nam
1848 1195 1886 1254 et
1906 1183 2037 1256 ducum
2061 1210 2125 1276 par

101 1279 372 1356 Constantinus.
404 1277 665 1352 Licinius-vero
674 1276 876 1366 Orientem,
899 1278 1092 1382 quiMaxi·
1139 1275 1210 1346 fuit
1224 1275 1434 1365 magnitudo
1451 1276 1583 1364 animi,
1606 1279 1809 1368 etpotentia
1829 1295 1865 1354 et
1883 1305 1986 1356 eausa
2010 1287 2125 1356 maior

97 1380 438 1454 minoedateverat,
477 1377 617 1456 Deinde
630 1403 699 1472 pax
714 1379 834 1452 futctn
850 1377 1092 1472 imperioRo-
1139 1375 1227 1460 fuit,
1250 1399 1356 1470 quarn
1374 1373 1459 1446 lolii
1482 1377 1538 1447 vel
1560 1373 1725 1468 Augusti.
1776 1375 2003 1458 Diuitem-nm
2026 1387 2122 1458 mim

98 1503 229 1567 mano,
264 1481 576 1572 etimperatornm
601 1481 791 1553 concordia
814 1481 955 1552 circiter
980 1481 1091 1574 quin-
1140 1476 1180 1545 in
1193 1491 1310 1570 utram
1324 1491 1460 1568 partem
1474 1477 1574 1548 fieret
1586 1477 1792 1566 inclinatio,
1822 1504 1870 1552 an
1884 1485 2049 1578 deinceps
2064 1501 2122 1559 to-

98 1581 315 1675 quenninsn.
366 1579 457 1656 Cum
480 1605 564 1654 veno
586 1580 750 1654 Licinius
771 1580 943 1674 paulatim
964 1582 1088 1654 odium
1140 1589 1198 1648 tus
1212 1577 1311 1650 orbis
1330 1590 1466 1668 pareret
1480 1573 1692 1652 Christianis
1715 1579 1956 1674 principibus,
1986 1588 2123 1662 deletu-

98 1685 274 1752 adversns
289 1675 510 1754 Christianos
525 1684 744 1768 ostenderet,
769 1696 805 1754 et
823 1684 962 1776 aliquot
981 1682 1089 1754 nobi·
1139 1677 1189 1748 ris
1206 1673 1363 1750 ethnicas
1378 1675 1583 1768 religiones:
1617 1703 1665 1750 an
1686 1704 1772 1752 vero
1794 1696 1931 1774 pareret
1943 1679 2121 1774 Ethnicis,

98 1783 151 1854 les
173 1783 296 1867 viros,
335 1795 520 1876 propterea
542 1783 639 1876 quod
663 1783 816 1854 abiicere
835 1783 1088 1876 professionem
1139 1779 1308 1850 delatoris
1330 1772 1563 1850 Christianos.
1626 1777 1675 1852 Et
1696 1783 1803 1854 multi
1826 1799 1927 1857 erant
1950 1787 2058 1858 duces
2086 1805 2122 1862 et

100 1879 346 1957 Christianam
366 1884 575 1970 noluerant,
602 1883 858 1970 interfecisset,
890 1884 1088 1984 multorum
1139 1878 1271 1950 milites
1289 1879 1505 1950 nobilissimi
1527 1879 1565 1948 in
1587 1882 1742 1953 exercitu
1753 1881 2001 1971 Constantini,
2030 1912 2121 1981 quo-

100 1985 209 2056 etiam
233 1996 373 2076 raperet
386 1985 568 2058 facultates
581 1998 614 2056 et
628 1985 818 2074 coniuges,
842 1984 947 2056 multi
969 1985 1088 2056 exules
1139 2003 1220 2050 rum
1236 1993 1354 2072 patres
1376 1993 1413 2050 et
1432 1995 1562 2056 matres
1582 1983 1824 2054 crudelissime
1845 1984 2019 2058 interfecti
2043 1990 2121 2058 fne-

100 2087 145 2156 ad
170 2082 448 2159 Constantinum
478 2084 707 2175 confugiunt,
745 2097 779 2156 et
805 2097 931 2177 petunt
957 2085 1089 2176 suscipi
1139 2095 1246 2156 rant·
1281 2077 1366 2150 Fuit
1383 2079 1492 2168 igitur
1506 2103 1610 2152 causa
1625 2081 1731 2174 longe
1749 2085 1883 2171 maior,
1915 2110 2022 2181 qnam
2045 2087 2119 2160 nlla

90 2186 351 2258 defensionem
363 2181 659 2257 Christianorum.
709 2183 823 2258 Erant
834 2186 979 2257 foedera
994 2185 1089 2258 inter
1138 2181 1178 2250 in
1192 2180 1350 2272 imperiis
1364 2203 1522 2276 unquam
1537 2182 1617 2268 fuit,
1641 2196 1676 2255 et
1689 2179 1843 2258 babebat
1854 2187 1965 2260 robur
1977 2187 2119 2280 imperii

100 2288 277 2377 collegas,
300 2284 482 2356 Licinium
499 2299 535 2358 et
548 2283 843 2371 Constantinum,
876 2300 912 2358 et
927 2284 1088 2356 Licinius
1138 2277 1414 2366 Constantinus,
1443 2294 1483 2354 ut
1498 2284 1543 2352 de
1560 2307 1601 2352 co
1622 2284 1695 2354 dici
1718 2285 1846 2378 possit:
1880 2283 1929 2360 Et
1946 2311 2120 2383 causaque
2167 2327 2173 2338 ,

101 2388 291 2479 coniugem
303 2381 468 2460 'habebat
492 2403 652 2456 sororem
667 2383 895 2458 Constantini
910 2383 1088 2458 Consua·
1139 2382 1251 2467 valet,
1276 2404 1488 2475 causamque
1504 2382 1688 2454 tuentibus
1703 2386 1823 2462 armis.

99 2489 201 2559 tiam.
258 2484 419 2557 Primum
445 2485 557 2576 igitur
580 2482 743 2558 hortatus·
757 2486 1010 2559 Constantinus
1023 2485 1088 2558 Li·
1238 2479 1289 2560 Ut
1305 2494 1424 2553 autem
1436 2479 1534 2554 Deus
1550 2484 1734 2555 victoriam
1753 2488 1853 2556 dedit
1867 2481 2119 2561 Constantino:

100 2589 257 2672 ciuium,
282 2600 322 2659 nt
339 2589 435 2660 iuxta
453 2588 585 2672 edicta,
617 2610 708 2681 quae
722 2600 825 2658 antea
842 2586 949 2657 simul
966 2588 1087 2658 edide-
1137 2581 1186 2654 its
1208 2597 1328 2674 postea
1351 2605 1433 2652 eum
1456 2582 1592 2654 adiuvit
1621 2585 1661 2654 in
1692 2585 1946 2656 constitutione
1967 2589 2120 2680 imperii.

99 2703 200 2774 rant,
226 2701 348 2780 parcat
363 2683 585 2784 Christianis·
637 2685 702 2758 llle
718 2699 841 2760 contra
856 2688 1007 2779 superbe
1028 2709 1088 2757 re-
1137 2679 1308 2755 Restituit
1329 2683 1423 2774 leges
1444 2695 1480 2758 et
1500 2683 1651 2772 indicia,
1688 2697 1723 2758 et
1743 2685 1873 2758 multas
1895 2710 2006 2758 novas
2026 2691 2121 2780 leges

102 2793 274 2882 spondet:
315 2812 352 2859 ιι
381 2813 455 2859 non
482 2789 750 2880 impediendum
771 2811 845 2858 esse
866 2788 906 2856 in
927 2811 967 2860 ea
989 2802 1087 2880 parte
1138 2784 1321 2868 condidit,
1364 2783 1571 2878 praesertim
1598 2784 1643 2856 de
1669 2786 1844 2877 coniugiis
1875 2800 1912 2857 et
1942 2789 2118 2878 pudicicia

99 2889 266 2984 imperii,
305 2913 411 2984 quamn
443 2899 589 2978 maeret.
641 2885 690 2962 ut
721 2889 862 2960 bellum·
889 2889 1086 2962 minitatur.
1136 2883 1271 2964 sanxit,
1297 2895 1338 2956 ut
1350 2884 1493 2978 capitali
1515 2885 1690 2976 supplicio
1713 2887 1946 2958 adficerentur
1969 2885 2137 2976 moechi,
2207 2973 2217 2982 .

101 2989 192 3064 Cum
210 3005 330 3064 antem
346 2992 416 3062 iam
429 2989 591 3062 Licinius
605 2990 738 3060 violato
753 2990 866 3080 priori
880 2991 996 3062 edicto
1011 2992 1087 3061 foe·
1138 2996 1172 3054 et
1193 3007 1316 3054 ornnes
1337 2984 1400 3080 qui
1421 3007 1458 3056 ae
1479 2979 1645 3078 deinceps
1677 2987 1879 3079 polluerent
1905 2988 2119 3062 libidinibus

99 3094 168 3164 dus
197 3091 372 3184 rupisset,
409 3105 444 3164 et
464 3092 556 3162 insta
581 3091 627 3162 sit
647 3091 805 3162 defensio
835 3091 941 3164 etiam
962 3103 1087 3162 contra
1137 3097 1259 3155 contra
1276 3097 1520 3170 naturam,et
1541 3099 1655 3158 scorta
1681 3089 1835 3158 mascula
1861 3088 1964 3160 iussit
1985 3092 2120 3184 ubique

98 3191 241 3276 socios,
289 3195 334 3264 ad
363 3192 610 3283 depellendam
639 3193 861 3264 manifestam
888 3192 1097 3286 noviciam,
1137 3183 1296 3260 interfici.
1335 3179 1526 3258 Prohibuit
1542 3199 1578 3258 et
1594 3187 1732 3259 civibus
1747 3189 1999 3284 polygamiam,
2028 3190 2121 3264 san.

99 3292 360 3366 Constantinus
377 3315 459 3362 cum
475 3293 550 3360 lilio
565 3289 691 3380 Crispo
707 3293 897 3388 exereitum
913 3293 953 3358 in
969 3287 1088 3360 Tbra-
1136 3287 1207 3370 xit,
1233 3309 1279 3354 ne
1293 3281 1490 3357 Christiani
1509 3288 1582 3359 ulla
1605 3287 1736 3360 iniuria
1758 3306 1905 3382 propter
1928 3293 2119 3382 professio·

98 3395 195 3464 eiam
220 3391 337 3470 ducit,
368 3389 433 3458 ubi
454 3390 498 3470 ad
519 3389 646 3459 urbem
667 3385 962 3479 Adrianopolim,
995 3411 1087 3481 quaa
1137 3405 1222 3452 nero
1239 3385 1493 3471 adficerentur,
1524 3399 1559 3457 et
1580 3401 1623 3458 ut
1643 3392 1689 3458 ad
1713 3383 1867 3460 honores
1887 3392 2118 3465 admitteren-

97 3517 200 3566 nunc
231 3511 374 3586 quoque
406 3501 489 3560 nota
519 3501 593 3573 est,
639 3487 777 3580 fuitque
808 3487 896 3558 olim
923 3483 1087 3569 Odrissa,
1138 3493 1208 3557 tur.
1240 3481 1460 3556 Nominatim
1476 3509 1561 3555 vero
1577 3487 1710 3578 excepit
1727 3483 1932 3561 haereticos.
1970 3488 2119 3564 Curavit

98 3616 234 3684 magno
248 3592 381 3685 praelio
395 3587 706 3670 sincitLicinium,
719 3589 764 3658 de
778 3585 850 3683 quo
865 3600 900 3659 et
914 3590 1086 3662 miracula
1137 3603 1260 3654 narsus
1275 3585 1436 3655 edificari
1448 3582 1736 3658 Christianorum
1752 3589 1902 3682 templa,
1924 3604 1959 3665 et
1983 3591 2119 3663 reditus

99 3707 313 3768 narrantur:
339 3705 542 3785 conspectas
562 3713 637 3763 esse
657 3689 697 3759 in
713 3691 967 3765 aereflammas
980 3713 1085 3782 snpra
1136 3685 1300 3758 attribuit
1313 3683 1531 3758 Pastoribns.
1655 3767 1659 3776 ¹

108 3789 302 3868 exercitum
325 3792 567 3867 Constantini,
637 3789 772 3862 Scribit
790 3789 1026 3862 Marcellinus
1046 3791 1086 3862 in
1237 3785 1310 3857 Pro
1330 3787 1485 3858 militum
1500 3787 1653 3859 utilitate
1667 3791 1802 3876 sanxit,
1826 3803 1868 3864 nt
1882 3791 2043 3884 praedia,
2074 3815 2116 3861 ex

103 3897 260 3970 exercitu
273 3893 518 3980 Constantini,
543 3893 607 3988 qui
621 3906 745 3964 contra
761 3889 945 3963 Licinium
959 3895 1086 3964 duetus
1136 3885 1267 3982 quibus
1282 3900 1383 3959 antea
1399 3888 1532 3960 milites
1548 3884 1746 3963 habuerant
1764 3891 1960 3985 stipendia,
1985 3894 2116 3963 transi·

104 4011 172 4083 est,
204 3997 312 4068 fuisse
328 3995 547 4066 Francorum
561 3993 716 4079 auxilia,
742 4015 813 4087 qua
830 4015 873 4062 ex
889 4015 929 4063 re
942 3995 1088 4085 adparet
1136 4001 1217 4060 rent
1232 3991 1277 4062 ad
1298 3985 1485 4076 haeredes,
1519 4003 1554 4062 et
1577 3992 1703 4076 fierent
1723 3994 1866 4086 propria
1887 3992 2115 4078 familiarum,

103 4097 377 4170 Constantinum
393 4093 613 4166 Francorum
631 4094 799 4166 virtutem
815 4093 935 4184 magni
949 4093 1085 4168 fecisse·
1135 4091 1196 4162 sed
1210 4090 1279 4178 ita,
1304 4105 1345 4164 nt
1358 4103 1493 4162 certum
1509 4115 1698 4163 numerum
1713 4095 1868 4165 militum
1892 4095 2113 4186 praeberent.

204 4197 312 4288 Fugit
335 4221 376 4266 ιι
391 4193 537 4286 Europa
552 4194 713 4278 Licinius
737 4195 774 4264 in
793 4189 1019 4290 bithyniam,
1050 4209 1086 4270 et
1136 4189 1178 4263 ld
1197 4193 1339 4264 initium
1354 4205 1407 4264 ιιι
1426 4193 1503 4263 eins
1525 4193 1655 4278 nroris,
1685 4195 1748 4288 qni
1773 4217 1870 4264 nunc
1891 4208 2052 4264 servatur
2075 4194 2114 4262 in

104 4321 226 4372 rursus
242 4299 432 4370 exercitum
449 4297 604 4386 collegia
649 4295 720 4368 Sed
739 4296 792 4366 ibi
805 4320 948 4390 quoqne
969 4297 1084 4368 victus
1134 4289 1286 4378 Feudis,
1308 4309 1348 4365 ut
1363 4294 1607 4376 nominamus,
1633 4293 1670 4363 id
1685 4307 1736 4366 est
1749 4293 1904 4384 praediis
1919 4295 2086 4372 militnm.

105 4421 227 4488 pacem
257 4399 363 4490 petit,
406 4398 513 4467 missa
539 4398 585 4466 ad
618 4397 788 4468 victorem
816 4420 938 4469 sorore
971 4398 1083 4491 ipsius
1236 4392 1315 4464 Hoc
1340 4393 1510 4465 beneficio
1531 4395 1648 4467 tenuit
1661 4392 1916 4467 Constantinus
1938 4395 2112 4484 obligatos

105 4497 332 4587 Constantia,
361 4521 451 4593 qnae
472 4497 581 4567 vitam
604 4496 745 4568 Licinio
766 4498 895 4568 marito
916 4497 1084 4591 impetra·
1133 4511 1257 4565 omnes
1278 4491 1446 4567 honestos
1463 4495 1606 4572 milites.
1675 4493 1828 4590 ldeoque
1851 4491 1947 4567 bunc
1974 4517 2112 4566 morem

106 4599 171 4673 vit:
197 4602 260 4673 sed
275 4599 344 4685 ita,
368 4615 409 4672 ut
424 4599 586 4692 privatus
598 4593 870 4670 Thessalonicae
891 4623 975 4670 cum
995 4624 1082 4676 con·
1132 4594 1309 4682 instituit,
1332 4609 1374 4668 nt
1387 4595 1536 4668 mallent
1557 4596 1595 4666 in
1618 4597 1793 4688 coniugiis
1815 4592 1963 4669 honeste
1982 4598 2110 4682 vivere,

105 4699 183 4794 inge
200 4700 348 4773 viveret,
1133 4710 1168 4769 et
1183 4721 1367 4790 procreare
1382 4697 1559 4780 sobolem,
1585 4722 1692 4793 quam
1706 4700 1827 4790 vagari
1842 4714 1883 4773 ut
1895 4711 2012 4770 antea·

130 4840 138 4898 j
203 4799 400 4896 Aliquanto
415 4797 500 4892 poss
509 4796 688 4884 Licinius,
717 4821 799 4872 cnm
811 4822 867 4872 res
880 4821 991 4871 novas
1003 4807 1083 4874 mo·
1155 4827 1156 4832 ’

108 4901 250 4999 licetur,
274 4921 294 4973 a
308 4899 536 4972 Constantini
553 4899 729 4995 praesidio
736 4896 1009 4974 Thessalonicae
1024 4903 1083 4976 in-

109 5005 344 5096 terfectusest.
394 4997 569 5074 Extinctis
588 5003 698 5094 igitur
721 5003 879 5099 quinque
902 5003 1081 5096 tyrannis:

109 5097 347 5190 Diocletiano,
377 5098 616 5188 Maximiano,
647 5102 850 5188 Maxentio,
880 5101 1080 5176 Maximino

111 5201 305 5293 etLieinio,
326 5215 419 5275 tenet
435 5198 677 5273 monarchiam
696 5206 792 5276 solus
801 5195 1082 5293 Constantinus,
1187 5279 1192 5286 ,

113 5305 171 5395 qui
194 5325 274 5380 eum
299 5307 393 5396 leges
414 5318 449 5377 et
469 5303 600 5374 indicia
622 5304 737 5375 deleta
767 5319 900 5385 essent,
941 5319 976 5378 et
1005 5330 1081 5377 non
1233 5300 1423 5386 Pacatiana
1441 5314 1476 5373 et
1491 5299 1658 5374 Mecellio
1672 5297 1772 5374 Coss.
1789 5295 1955 5373 inchoata
1980 5310 2032 5371 est
2054 5298 2112 5369 in·.

113 5405 220 5478 solum
235 5407 340 5480 bellis
353 5405 543 5488 civilibus,
565 5406 628 5474 sed
647 5404 753 5478 etiarn
772 5405 941 5487 saevicia,
974 5432 1079 5503 quam
1132 5404 1316 5478 stautratio
1330 5425 1515 5476 murorum
1530 5399 1714 5495 Byzantii,
1739 5405 1802 5499 qui
1819 5427 1840 5479 a
1855 5401 1986 5478 Severo
2000 5401 2111 5493 impe-

156 5509 330 5581 llrcasra.
354 5511 457 5583 Orsa.
483 5509 566 5579 voa.
581 5507 659 5577 1111.
1391 5584 1397 5598 ⁴
1554 5503 1605 5578 62

1183 4861 1292 4936 Anno
1307 4861 1432 4932 mundi
1450 4875 1575 4958 qnater
1589 4859 1778 4932 millesimo
1789 4859 2030 4935 ducentesimo
2044 4885 2112 4934 no-

1337 4965 1695 5055 nagesimoseptimu.
1964 5041 1968 5048 ,

1183 5060 1292 5135 Anno
1305 5062 1442 5138 Romae
1456 5067 1646 5137 millesimo
1661 5061 1898 5154 octuagesimo
1913 5063 2051 5160 quinto.

1183 5166 1292 5238 Anno
1306 5164 1531 5239 Constantini
1548 5165 1715 5238 vicesimo
1730 5177 1839 5240 sesto.
1934 5161 1937 5168 ’
