4726 5828
253 249 304 327 m
682 239 843 322 naor.
866 241 949 356 ¹na
986 245 1327 360 ninnivem
1364 254 1617 367 estnon.
1648 259 1852 351 aanor.
2235 283 2286 358 aa

256 413 707 539 lae'lel'salnpoplorllevpto,
735 431 1000 536 deqitdpbslea
1020 421 1246 514 inconcione
1295 425 1578 540 luisselllttropae
1594 437 1835 526 consideretis.
1877 443 1955 522 Nisi
1970 447 2094 524 inisset
2109 452 2285 526 excellens

256 543 535 618 deliberabatur:
564 545 615 616 ita
637 567 786 636 regnum
803 544 841 611 in
858 541 1053 614 Germania
1069 559 1246 638 tempera·
1296 544 1410 616 virtus
1425 545 1907 649 iulienricollombergensi,
1920 555 1983 647 qui
1996 549 2286 647 primosElerto·

257 670 333 730 tum
363 665 415 726 est
445 647 692 723 honestissima
723 643 954 717 aristocratia.
1013 643 1105 716 Cum
1135 644 1246 737 igitur
1295 669 1375 744 rom
1392 650 1570 740 suffragiis
1585 657 1696 729 sactus
1711 673 1762 731 est
1773 659 1986 755 imperator,
2011 679 2087 735 nvn
2102 660 2285 738 tribuisset

255 781 376 829 rerum
400 755 633 825 maximarum
657 753 836 833 custodia,
865 746 1048 842 religionis
1069 742 1247 819 Christia—
1296 748 1327 818 ei
1351 752 1536 844 posteritas
1557 771 1689 828 nomen
1704 759 1839 838 Sancti.
1889 764 1959 835 liic
1978 767 2171 842 Saracenos
2186 795 2285 863 gras-

256 882 342 943 nae,
384 857 522 948 legum,
563 855 795 940 iudiciorum,
842 851 1066 945 disciplinae,
1107 854 1146 925 in
1178 845 1244 924 hae
1296 866 1411 925 santes
1429 855 1468 926 in
1484 856 1585 930 ltalia
1600 861 1750 944 delevit,
1774 865 1912 955 pacavit
1926 866 2127 959 Belginum,
2153 897 2285 966 propa.

257 972 359 1054 parte
380 957 519 1049 generis
541 952 691 1027 humani
713 956 901 1047 praecipue
927 957 1172 1056 commendata
1198 955 1245 1027 sit
1296 960 1391 1048 gavit
1416 961 1614 1032 doctrinam
1634 959 1821 1054 Evangelii
1844 967 1882 1036 in
1905 962 1997 1040 h'anc
2016 973 2171 1042 vicinam
2193 975 2285 1072 Ely-

256 1056 342 1133 huic
358 1057 583 1151 imperatori,
607 1071 642 1128 et
664 1054 866 1128 Electorum
883 1054 1049 1142 Senatui,
1075 1079 1246 1147 agnosce·
1295 1061 1405 1149 siam,
1429 1086 1520 1155 quae
1537 1087 1633 1134 nunc
1649 1066 1778 1157 partim
1794 1067 1921 1140 Silesia
1937 1085 2006 1156 est,
2031 1074 2159 1163 partim
2170 1075 2285 1148 Lusa-

257 1157 425 1232 mushoc
449 1160 575 1250 ingens
596 1160 722 1243 decus,
749 1172 783 1227 et
805 1171 1006 1227 reverenter
1027 1155 1244 1251 delmpera-
1297 1161 1357 1234 tia.
1421 1161 1612 1256 ilungaros
1633 1168 1818 1260 repressit,
1859 1182 1895 1242 et
1917 1196 1997 1242 cum
2021 1171 2112 1264 llegi
2131 1177 2286 1250 dedisset

257 1275 335 1333 tore
356 1265 456 1334 etde
479 1255 547 1332 hoc
571 1259 760 1354 praecipuo
784 1257 918 1332 Senatu
936 1260 1073 1348 generis
1097 1255 1244 1330 humani
1296 1285 1453 1333 sororem
1473 1263 1651 1355 Giselam,
1675 1269 1772 1340 flexit
1788 1273 1946 1342 animum
1960 1275 2037 1343 eins
2061 1278 2106 1344 ad
2130 1279 2285 1366 agnitio-

260 1363 464 1438 sentiamus.
1054 1419 1056 1424 .
1297 1385 1379 1433 nem
1396 1389 1498 1435 verae
1511 1367 1705 1458 religionis.
1744 1368 2101 1446 CunradusFranous
2116 1383 2286 1468 repressit

361 1463 434 1535 Nec
460 1465 541 1534 ideo
570 1463 653 1558 quia
681 1462 798 1534 maior
827 1475 878 1533 est
900 1461 1051 1534 Turrica
1076 1464 1245 1556 potentia,
1296 1463 1486 1555 Hungaros
1509 1481 1543 1538 et
1559 1467 1787 1560 Burgundos.
1838 1469 2031 1546 Lotharius
2046 1475 2138 1548 Saxo
2160 1503 2285 1550 rursus

259 1566 432 1638 maiorem
449 1565 656 1656 dignitatern
681 1587 754 1634 esse
769 1563 914 1634 'l'urcici
930 1563 1245 1654 Imperatorisext-
1296 1565 1491 1657 grassantes
1506 1569 1545 1638 in
1563 1567 1664 1640 ltalia
1682 1571 1876 1644 Saracenos
1892 1576 2042 1661 delevit,
2068 1580 2219 1668 protulit
2243 1607 2286 1651 ex

260 1669 459 1752 stimemus,
485 1668 567 1760 quia
584 1665 740 1756 dignitas
754 1689 828 1735 non
845 1677 896 1734 est
916 1665 955 1734 in
977 1667 1040 1737 illa
1060 1665 1244 1736 barbarica
1296 1663 1513 1740 bibliotheca
1533 1670 1572 1739 in
1593 1669 1723 1743 iudicia
1740 1673 1850 1746 libros
1863 1674 2020 1747 Romani
2040 1675 2152 1761 luris,
2178 1683 2285 1752 resti-

260 1768 464 1864 tyrannide.
522 1766 680 1838 Tantum
702 1768 798 1858 apud
821 1790 878 1838 eas
900 1781 1021 1856 gentes
1044 1781 1115 1852 est,
1146 1767 1242 1858 apud
1296 1769 1365 1838 tuit
1381 1787 1501 1860 pacem
1526 1783 1562 1842 et
1583 1771 1674 1861 leges
1696 1773 1734 1842 in
1749 1773 1965 1858 Germania,
1999 1803 2106 1871 quam
2128 1784 2286 1870 graviter

260 1893 348 1964 quas
371 1893 473 1942 verae
494 1869 676 1960 religionis
689 1867 852 1938 doctrina
868 1868 1007 1940 colitur.
1058 1865 1131 1939 Ubi
1152 1869 1244 1956 leges
1295 1869 1505 1940 addixerant
1519 1872 1612 1940 bella
1627 1873 1756 1944 civilia.
1807 1875 1933 1946 Postea
1951 1902 2032 1948 cum
2049 1903 2171 1950 rursus
2184 1881 2286 1952 Pon-

258 1971 419 2056 divinae,
451 1984 485 2042 et
508 1994 549 2041 ex
571 1966 626 2040 his
651 1981 828 2040 extructae
852 1969 940 2038 aliae
961 1970 1054 2060 leges
1079 1963 1244 2041 honestae
1295 1969 1405 2040 tifices
1419 1972 1659 2043 accendissent
1673 1974 1765 2044 bella
1782 1975 1900 2045 civilia
1916 1977 1955 2045 in
1968 1976 2181 2062 Germania,
2204 1981 2286 2054 Ro-

258 2084 530 2156 conservantur,
553 2072 617 2140 ubi
632 2083 714 2141 sunt
729 2070 885 2160 legitima
907 2068 1060 2154 iudicia,
1082 2084 1115 2141 et
1136 2069 1245 2140 scele-
1296 2066 1421 2161 delphi
1439 2072 1598 2141 consiliis
1616 2087 1652 2144 et
1667 2076 1799 2145 virtuto
1815 2099 1882 2168 pax
1895 2079 2054 2148 restituta
2070 2093 2131 2152 est.
2164 2079 2286 2153 Multa

257 2193 338 2243 rum
352 2195 499 2265 poenae,
521 2184 557 2243 et
571 2173 635 2242 ubi
652 2167 791 2241 honesti
808 2165 994 2240 hominum
1008 2185 1127 2242 coetus
1144 2170 1246 2241 iustis
1296 2171 1488 2262 sapienter,
1513 2165 1678 2259 honeste,
1703 2188 1738 2245 et
1751 2175 1889 2246 utiliter
1901 2176 1941 2244 in
1958 2189 2037 2267 toga
2054 2192 2090 2251 et
2113 2180 2152 2247 in
2173 2185 2286 2254 armis

256 2273 365 2344 armis
382 2285 625 2364 proteguntur.
675 2269 772 2341 Haec
786 2296 866 2342 cum
883 2295 959 2341 non
973 2271 1057 2343 fiant
1071 2297 1089 2342 a
1104 2270 1245 2356 Turris,
1295 2287 1371 2342 acta
1396 2283 1479 2343 sunt
1502 2293 1522 2342 a
1546 2271 1676 2344 Carolo
1698 2289 1825 2366 quarto
1855 2288 1889 2345 et
1909 2278 1954 2348 ab
1974 2279 2049 2348 eius
2071 2279 2146 2348 filio
2170 2281 2286 2372 Sigis-

256 2373 395 2444 etiamsi
409 2387 463 2445 est
480 2396 607 2468 magna
629 2371 806 2464 potentia,
832 2385 949 2442 umen
977 2368 1114 2442 honore
1130 2374 1242 2463 impe·
1295 2374 1456 2458 mundo,
1481 2373 1543 2465 qui
1563 2397 1642 2444 cum
1667 2389 1756 2447 esset
1771 2372 1936 2447 Marclrio
1952 2376 2285 2472 Brandeburgensis

257 2475 304 2543 rii
319 2499 393 2545 non
410 2489 575 2558 ornetur,
604 2474 755 2569 ideoque
772 2498 856 2544 voce
881 2474 1001 2543 divina
1026 2488 1108 2544 ante
1130 2473 1242 2543 multa
1295 2487 1330 2543 et
1346 2471 1547 2560 Moraviae‚
1580 2473 1766 2544 accersitus
1790 2490 1840 2546 est
1865 2479 1910 2548 ad
1934 2499 2081 2567 regnum
2099 2478 2286 2572 Hungari-

256 2577 391 2662 secula,
424 2574 587 2670 tyrannis
607 2575 669 2644 illa
689 2577 856 2645 damnata
878 2588 940 2645 est.
992 2569 1040 2645 Et
1060 2575 1175 2668 qualis
1196 2573 1243 2643 sit
1295 2597 1387 2646 cum.
1437 2569 1517 2646 Etsi
1532 2588 1649 2645 autern
1663 2575 2286 2668 aliquotiesSigismundusaTureis

166 2703 170 2712 ’
255 2675 486 2767 gubernatio,
510 2699 643 2745 nomen
659 2687 693 2746 et
705 2689 858 2744 eventus
874 2676 1078 2747 ostendunt.
1125 2675 1242 2746 Turea
1294 2675 1408 2745 victus
1429 2688 1501 2761 est,
1532 2688 1651 2746 tamen
1675 2699 1798 2747 eorum
1824 2678 1914 2747 vires
1936 2675 1992 2748 his
2013 2681 2154 2770 praeliis
2174 2686 2286 2756 dimi·

255 2778 353 2846 enim
386 2789 596 2846 vastatorem
620 2775 811 2866 significat,
850 2785 885 2845 et
908 2799 963 2845 res
986 2777 1143 2846 ostendit
1164 2799 1241 2847 eam
1295 2787 1401 2844 nntae
1421 2789 1523 2860 sunt,
1555 2801 1601 2846 ne
1622 2776 1692 2848 cito
1716 2791 1837 2869 postea
1862 2780 2004 2868 longius
2026 2785 2193 2872 progredi
2216 2811 2285 2876 po.

254 2892 392 2968 partem
420 2891 532 2948 terrae
556 2901 645 2970 quae
664 2877 771 2946 urbes
792 2871 919 2947 habuit
946 2876 1069 2968 plenas
1098 2878 1243 2961 artium,
1293 2876 1438 2946 tuerint.
1490 2875 1624 2966 Magno
1642 2877 1884 2957 labore'etiam
1904 2879 2048 2950 dissidia
2073 2882 2169 2954 inter
2183 2885 2285 2958 Pon-

253 2973 494 3050 Ecclesiarum
510 2991 545 3048 et
566 2979 720 3048 aliorum
741 2990 1033 3066 ornamentorum
1056 2977 1105 3047 ita
1126 2990 1242 3047 vasta·
1293 2974 1403 3045 tifices
1420 2975 1582 3056 diremit,
1609 2999 1700 3069 quae
1716 2977 1745 3046 si
1762 3003 1837 3047 non
1854 2979 2029 3075 dirempta
2045 2997 2178 3072 essent,
2205 3013 2286 3060 ma-

255 3091 327 3148 tam
347 3101 420 3150 esse
436 3103 456 3149 a
472 3077 621 3163 Turris,
646 3091 685 3147 ut
702 3100 799 3147 nunc
812 3077 994 3146 barbarica
1011 3077 1166 3147 solitudo
1184 3077 1241 3156 sit,
1293 3073 1387 3146 iores
1405 3075 1655 3147 distractiones
1673 3077 1712 3147 in
1729 3075 1874 3172 Europa
1899 3081 2010 3152 iactae
2031 3099 2156 3160 essent.
2209 3087 2285 3160 Sed

254 3180 332 3251 sine
357 3182 435 3251 lnce
460 3179 662 3263 doctrinae,
699 3179 776 3246 sine
797 3177 950 3267 legibus,
983 3177 1061 3247 sine
1087 3177 1242 3262 iudiciis,
1293 3175 1469 3247 obiiciunt
1511 3177 1644 3270 aliqui,
1690 3201 1766 3248 non
1806 3204 1945 3274 semper
1979 3183 2087 3254 fuisse
2120 3187 2286 3260 ioelicem

250 3281 332 3350 sine
348 3282 475 3351 ordine
492 3279 596 3350 vitae.
650 3276 856 3351 intueamur
871 3301 953 3369 ergo
971 3279 1117 3348 alteram
1133 3273 1241 3368 gene·
1293 3271 1533 3361 Electionem,
1557 3277 1665 3350 luisse
1681 3277 1914 3371 Imperatores
1929 3286 2101 3377 quosdam
2122 3287 2287 3379 ignavos,

254 3381 306 3452 ris
322 3377 471 3452 humani
490 3393 646 3473 partem,
672 3394 706 3450 et
719 3379 771 3450 ibi
786 3403 868 3450 vere
884 3402 1113 3470 agnoscamus
1128 3380 1241 3474 impe·
1293 3381 1465 3472 quosdam
1478 3379 1582 3448 etiam
1599 3379 1816 3472 perniciosos
1829 3383 1964 3473 patriae
1978 3397 2011 3455 et
2029 3383 2159 3460 ltaliae.
2212 3389 2288 3462 Fa.

254 3482 350 3552 rium
382 3505 473 3564 esse,
511 3481 619 3576 idque
646 3505 856 3551 veneremur
879 3503 1023 3566 omnes,
1054 3482 1253 3576 praecipua¹
1293 3481 1441 3550 tendum
1457 3491 1528 3563 est,
1554 3503 1628 3549 non
1648 3503 1786 3573 semper
1805 3483 1913 3553 luisse
1931 3484 2085 3555 similem
2109 3489 2287 3564 foelicita-

252 3607 337 3654 vero
346 3581 542 3677 Principes,
568 3603 658 3678 quos
672 3583 783 3673 magis
798 3581 995 3672 intelligere
1010 3605 1109 3651 snam
1124 3581 1242 3671 digni-
1294 3594 1365 3652 tem
1388 3593 1448 3650 aut
1476 3579 1660 3651 electionis
1682 3595 1743 3651 aut
1766 3582 1925 3673 ipsorum
1944 3583 2220 3678 imperatorum,
2249 3611 2287 3667 et

254 3697 361 3756 tatem
382 3685 492 3761 decet.
545 3683 765 3754 Veneremur
786 3697 902 3753 autem
920 3683 1073 3774 primum
1096 3697 1244 3775 propter
1293 3682 1512 3770 deploranda
1534 3683 1808 3770 estffcommunis
1827 3680 2063 3756 humanarum
2081 3713 2200 3761 rerum
2222 3693 2287 3766 in·

253 3781 382 3870 Deum,
407 3787 639 3878 quiacertum
656 3799 708 3854 est
721 3784 878 3875 legitima
893 3781 1117 3876 imperiaDei
1134 3807 1242 3874 opera
1292 3780 1451 3855 firmitas.
1501 3779 1625 3874 Neque
1648 3781 1710 3851 illa
1731 3796 1848 3854 vetera
1869 3785 2017 3876 imperia
2040 3811 2143 3861 aurea
2168 3806 2202 3863 et
2223 3819 2288 3868 ar-

254 3908 348 3971 asse,
382 3899 422 3956 ut
445 3885 578 3956 Paulus
596 3883 727 3979 inquit.
792 3880 931 3952 Deinde
952 3897 988 3955 ct
1010 3884 1180 3976 sapientia
1202 3884 1241 3953 in
1292 3895 1416 3972 gentes
1429 3881 1506 3953 sine
1521 3881 1657 3971 magnis
1671 3882 1931 3956 calamitatibus
1946 3889 2101 3960 fuemnt.
2137 3891 2288 3984 Vagam.

254 3988 330 4077 ipsa
346 3985 614 4070 constitutione,
639 3999 675 4056 et
694 3982 865 4056 utilitates
883 4008 973 4078 quae
989 3999 1127 4056 secutae
1148 3998 1242 4070 sunt,
1293 3996 1354 4053 tur
1371 4006 1503 4074 poenae
1518 4007 1582 4074 per
1596 4007 1705 4072 genus
1720 3979 1937 4071 humanum,
1963 4002 1999 4059 et
2012 3992 2167 4064 ostendit
2181 3993 2286 4070 Deus

254 4089 442 4159 etduratio
458 4090 650 4159 ostendunt
666 4080 733 4157 hoc
751 4085 940 4178 imperium
958 4087 1132 4159 divinitus
1154 4111 1241 4158 con·
1294 4085 1452 4175 exempla
1485 4084 1609 4154 iudicii
1640 4085 1697 4157 sui
1726 4099 1760 4156 et
1789 4086 1861 4156 irae
1884 4091 2053 4159 adversus
2074 4108 2214 4182 peccata
2243 4101 2286 4171 in

256 4188 421 4263 stitutum
442 4202 477 4260 et
505 4201 682 4259 servatum
713 4210 798 4263 esse.
861 4186 1100 4279 Sapientiam,
1138 4188 1242 4278 leges,
1292 4184 1440 4255 summis
1458 4197 1492 4255 et
1507 4185 1656 4269 infimis,
1680 4198 1713 4256 et
1729 4187 1839 4276 magis
1856 4189 2125 4279 conspiciuntur
2138 4192 2285 4288 Regum

256 4290 439 4376 doctrina,
462 4288 677 4360 iudiciorum
694 4289 1005 4362 ordoostendunt.
1044 4287 1241 4361 Utilitatem
1293 4309 1439 4378 poenae.
1501 4283 1638 4357 lnterea
1659 4297 1779 4356 tamen
1797 4286 1893 4358 Deus
1918 4291 2009 4361 sicut
2032 4292 2166 4386 inquit:
2196 4298 2284 4372 Non

255 4413 330 4463 non
346 4414 534 4482 agnoscere
549 4388 766 4480 ingratitudo
783 4405 847 4474 est,
869 4391 1001 4462 multos
1015 4390 1111 4461 enim
1127 4391 1242 4462 excel·
1292 4388 1416 4458 faciam
1431 4387 1587 4458 iurarem
1607 4387 1679 4458 irae
1694 4411 1811 4472 meae,
1838 4413 1912 4459 non
1936 4415 2080 4482 prorsus
2103 4395 2187 4468 sinit
2213 4395 2285 4472 ho.

254 4493 367 4565 lentes
381 4490 563 4586 Principes
578 4486 661 4562 huic
676 4491 823 4585 imperio
832 4488 930 4562 Deus
947 4492 1082 4564 tribuit.
1130 4489 1242 4564 Caro-
1291 4489 1405 4559 mines
1422 4488 1552 4576 deleri,
1575 4490 1636 4559 sed
1651 4503 1795 4582 propter
1803 4487 1995 4561 Ecclesiam
2013 4507 2128 4566 servat
2143 4499 2286 4594 aliquas

258 4594 332 4665 lum
356 4593 531 4687 primum,
556 4589 780 4664 Ludovieum
799 4589 921 4678 Pium,
946 4591 1143 4665 Henricum
1164 4591 1242 4664 Au·
1292 4590 1472 4684 reliquias.
1522 4591 1607 4662 Ideo
1630 4589 1781 4661 subinde
1803 4591 1929 4664 tribuit
1945 4593 2084 4686 aliquos
2108 4599 2285 4676 salutares

259 4716 404 4786 copem,
434 4696 498 4791 qui
530 4693 728 4765 doctrinam
750 4689 937 4782 Evangelii
966 4695 1173 4786 propagavit
1203 4696 1241 4764 in
1292 4689 1485 4781 Principes.
1535 4687 1584 4762 Et
1605 4715 1808 4784 quanquam
1831 4707 1978 4764 eventus
2000 4694 2181 4768 interdum
2203 4725 2284 4776 non

257 4785 715 4888 Cymbrica'Chersoneso,
752 4808 787 4866 et
817 4795 982 4886 repressit
1014 4794 1172 4866 Henetus
1207 4811 1242 4869 et
1292 4793 1361 4863 luit
1381 4791 1487 4862 foelix
1503 4791 1543 4862 in
1557 4792 1749 4873 electione,
1775 4805 1894 4864 tamen
1914 4817 1970 4864 res
1989 4799 2144 4872 ostendit
2160 4807 2286 4876 consi-

260 4895 463 4986 llungaros.
500 4892 685 4970 Othonem
700 4895 856 4988 primum
871 4896 934 4989 qui
949 4897 1085 4968 inlusos
1102 4899 1140 4967 in
1149 4895 1242 4968 Ger·
1291 4894 1341 4963 lia
1362 4887 1568 4964 Electorum
1590 4895 1790 4987 plerunque
1814 4889 1961 4966 honesta
1985 4897 2104 4973 luisse.
2172 4901 2283 4978 Viros

258 4997 414 5066 maniam
437 4993 628 5087 Hungaros
650 4996 871 5091 profligavit,
896 5012 931 5070 et
955 4999 1076 5069 multis
1097 4999 1242 5069 seditio-
1293 4991 1461 5066 honestos
1476 4995 1675 5086 elegerunt,
1700 5018 1740 5064 ac
1763 4995 1962 5089 pleramque
1984 5001 2176 5072 concordes
2199 5007 2283 5078 fue.

256 5098 366 5169 nibus
382 5099 557 5190 oppressis
572 5095 712 5185 ltaliae,
739 5097 954 5169 Germaniae
974 5114 1008 5172 et
1024 5095 1164 5171 Galliae
1179 5125 1242 5192 pa·
1291 5109 1389 5169 runt.
1447 5091 1658 5188 Exemplum
1685 5093 1789 5164 etiam
1819 5097 2015 5187 posteritati
2048 5107 2284 5181 memorabile

259 5221 334 5269 cem
353 5199 518 5276 restituit.
569 5195 640 5270 Sed
657 5201 772 5270 dicam
794 5203 838 5270 de
860 5223 983 5272 eorum
999 5201 1157 5287 meritis,
1180 5202 1242 5295 qui
1291 5199 1437 5292 reliquit
1456 5196 1616 5290 proxima
1633 5194 1774 5280 electio,
1799 5195 1838 5266 in
1863 5221 1931 5290 qua
1954 5199 2161 5294 priusquam
2180 5207 2283 5284 fieret

257 5295 465 5373 Electorum
480 5297 656 5390 suffragiis
672 5312 752 5392 post
767 5296 950 5372 Othonem
966 5303 1109 5375 tertium
1124 5300 1243 5394 impe·
1291 5299 1516 5390 suffragatio,
1552 5297 1718 5390 iurarunt
1734 5291 1935 5384 Electores,
1964 5321 2001 5370 se
2023 5325 2099 5371 non
2122 5304 2284 5382 facturos

258 5415 391 5476 ratores
414 5402 520 5492 electi
537 5413 636 5487 sunt,
663 5414 704 5474 ut
724 5394 822 5475 hune
842 5401 1013 5478 Senatum
1033 5406 1139 5478 etiam
1158 5427 1243 5497 pro·
1292 5425 1366 5474 esse
1390 5400 1574 5471 solennem
1599 5397 1828 5481 electionem,
1870 5399 1940 5469 nisi
1969 5401 2070 5494 prius
2093 5415 2283 5482 commoni
