4696 5820
42 259 129 338 241
540 259 813 341 necnon
846 258 1081 338 srunns
1115 199 1688 340 veneramusoen
1799 323 1803 332 .
2023 253 2150 342 ese

52 449 251 528 cumacta,
291 435 427 507 maiora
449 459 490 506 ac
510 434 669 508 tristiora
690 435 837 507 dissidia
859 449 893 506 ct
913 435 1055 527 opinio-
1106 455 1174 502 nus
1190 413 1431 518 retinuerunt,
1457 433 1634 508 excutiant
1655 436 1699 505 de
1721 436 1887 508 manibus
1907 433 2094 510 hominum

52 561 157 608 num
172 559 215 607 ac
229 537 445 628 religionum
460 537 685 608 confusiones
706 538 866 610 tetriores
888 537 1057 627 paritura,
1105 557 1145 604 ac
1168 534 1330 620 deleant,
1363 559 1536 628 suumque
1559 536 1656 628 quod
1677 545 1915 631 conceperunt
1935 554 1969 612 et
1990 565 2094 612 coxe-
2152 621 2159 627 ,

55 629 374 734 mutationemque
405 661 524 710 rerum
553 652 588 708 ct
616 639 801 710 interitum
822 638 1055 710 acceleratura
1106 653 1192 708 runt
1207 635 1305 705 virus
1324 651 1490 708 evomant
1503 660 1544 707 ac
1557 652 1762 729 propagent.
1812 637 1984 734 Reliquas
1999 657 2091 713 artes
2220 687 2226 693 -

56 740 262 832 praedixit:
296 741 531 832 nosmetipsos
547 763 633 810 vero
649 741 771 811 fatales
786 764 938 832 poenae,
969 764 1056 833 quas
1106 748 1287 827 praetextu
1302 737 1475 806 malitiose
1489 752 1524 809 et
1538 738 1707 810 scelerate
1720 742 1765 816 ad
1781 741 2092 833 decipiendos'im·

56 865 249 912 meremur
271 842 403 932 singuli
426 841 585 936 quotidie
606 855 810 912 nostrorum
833 855 1055 937 peccatorum
1106 838 1238 928 peritos
1259 837 1408 908 conficto
1432 839 1606 910 abiiciunt
1620 864 1661 911 ac
1677 842 1897 914 conculcant.
1947 841 2027 932 Qua
2052 846 2089 913 in

56 959 139 1015 rata
168 944 351 1032 portione,
385 967 541 1038 quasque
563 967 654 1037 quae
676 943 832 1035 pervasit
854 943 894 1012 in
917 943 1056 1015 animos
1106 963 1144 1009 re
1165 952 1304 1030 praeter
1322 940 1538 1031 corruptelas
1560 964 1740 1031 expressae
1755 956 1789 1013 et
1802 943 1980 1014 confessae
1996 946 2090 1016 veri-

57 1047 265 1116 multorum
280 1058 315 1115 et
332 1045 511 1115 radicibus
526 1045 613 1116 actis
629 1045 752 1115 crescit
768 1045 901 1128 indies,
927 1067 1055 1116 vesana
1105 1041 1188 1111 tatis
1210 1036 1278 1110 hoc
1298 1064 1442 1135 quoque
1461 1041 1545 1110 mali
1566 1042 1675 1127 inest,
1716 1045 1812 1136 quod
1833 1045 2023 1136 petulantis
2049 1069 2090 1118 ac

57 1149 184 1221 rabies
206 1144 453 1240 impunitaque
475 1145 618 1240 quidvis
629 1145 785 1219 audendi
798 1145 942 1218 licentia
956 1147 1055 1217 eilia-
1106 1142 1262 1232 procacis
1285 1142 1550 1214 maledicentiae
1571 1144 1748 1236 exemplo,
1778 1159 1813 1217 et
1835 1148 2090 1218 consuetudine

61 1251 172 1342 girat,
198 1242 345 1320 attrahit
362 1261 396 1318 et
411 1247 584 1322 cumulat.
818 1303 828 1316 .
1106 1243 1274 1336 carpendi
1297 1267 1336 1314 ac
1359 1243 1594 1314 labefactandi
1616 1258 1708 1315 recte
1728 1246 1857 1318 tradita
1877 1271 2090 1342 quocunque

169 1347 308 1420 Harum
324 1349 395 1419 nisi
411 1371 606 1440 poenarum
623 1349 679 1418 vel
697 1348 983 1441 prorogationem
998 1350 1055 1419 vcl
1105 1359 1303 1437 praetextu,
1329 1344 1553 1427 rudioribus,
1578 1347 1638 1415 sed
1659 1347 1943 1420 moderatoribus
1962 1365 2090 1422 natura

60 1451 325 1544 mitigationem
340 1450 565 1543 impetrarint
586 1447 699 1520 aDeo
720 1450 947 1520 misericorde
973 1450 1059 1542 pio-⁴
1109 1444 1304 1516 instillatur
1326 1446 1381 1516 vel
1404 1447 1546 1528 odium,
1582 1448 1638 1516 vel
1663 1461 1887 1541 contemptus
1908 1450 2090 1522 doctrina-

60 1577 146 1625 rnm
162 1574 294 1643 preces,
314 1551 415 1622 brevi
432 1551 565 1622 excussi
582 1574 623 1621 ex
638 1545 704 1621 hac
713 1551 905 1621 clarissima
922 1552 1054 1621 doctri·
1106 1571 1204 1618 rum:
1236 1546 1424 1617 ferociores
1448 1560 1632 1619 armantur
1652 1547 1797 1619 audacia
1824 1551 2000 1644 quidlibet
2018 1553 2090 1623 im·

62 1679 196 1726 narum
214 1655 311 1739 luce,
335 1653 562 1723 revolvemus
577 1675 617 1722 ac
631 1653 876 1740 demergamur
892 1653 929 1722 in
948 1647 1055 1723 chaos
1106 1649 1282 1740 pudenter
1303 1642 1477 1738 fingendi,
1509 1662 1543 1718 et
1563 1648 1785 1720 autoritatem
1808 1675 1949 1722 ornnem
1973 1655 2089 1724 detre-

61 1777 231 1827 errorum
252 1751 371 1848 priore
389 1754 606 1847 perplexius,
629 1766 664 1822 et
685 1753 722 1822 in
739 1752 855 1823 Deum
871 1767 1055 1825 contume-
1106 1750 1236 1820 ctandi.
1286 1747 1383 1819 Haec
1398 1762 1495 1820 tanta
1511 1750 1695 1821 malacum
1710 1751 1954 1842 ingravescant
1973 1755 2089 1826 indies

61 1859 211 1932 liosius.
234 1869 443 1948 erumpente
465 1857 529 1944 illo
553 1855 805 1946 multiplicium
828 1869 862 1924 et
886 1854 1054 1926 falsarum
1105 1850 1217 1940 magis
1232 1851 1414 1943 magisque
1430 1875 1468 1920 ac
1483 1853 1643 1940 gliscent,
1666 1865 1701 1922 et
1715 1853 1934 1943 periclitetur
1948 1857 2089 1940 veritas,

61 1959 281 2052 opinionum
297 1959 412 2037 foetu,
438 1979 526 2050 quas
547 1955 608 2024 alii
630 1955 718 2024 alias
740 1955 825 2024 alibi
842 1957 1056 2046 parturiunt,
1106 1974 1288 2042 precemur
1305 1951 1502 2022 coniunctis
1518 1967 1552 2022 et
1565 1954 1772 2025 ardentibus
1787 1955 1879 2026 votis
1892 1956 2005 2027 lilium
2020 1953 2089 2027 Dei

62 2061 139 2130 imo
156 2059 246 2129 eniti
260 2058 330 2128 iam
346 2073 451 2150 atque
463 2057 648 2126 excludere
663 2054 851 2146 incipiunt.
1107 2053 1299 2122 Dominum
1319 2066 1482 2123 nostrum
1499 2051 1614 2125 lesum
1631 2050 1814 2126 Christum
1830 2048 1943 2155 λόγον
1957 2053 2021 2131 καὶ
2039 2059 2089 2130 sl·-
2129 2063 2134 2070 ’

172 2157 221 2232 Ut
236 2159 332 2228 enirn
348 2159 386 2227 in
409 2171 575 2228 enervato
592 2170 627 2227 et
649 2158 780 2227 afflicto
804 2180 951 2247 corpore
968 2157 1053 2227 dum
1104 2146 1199 2225 κόνα
1215 2149 1339 2226 ἀΐδιον
1353 2159 1422 2226 τοῦ
1445 2150 1570 2227 ἀϊδίου
1585 2151 1742 2250 πατρὸς,
1768 2157 1832 2250 qui
1848 2171 1883 2228 et
1899 2182 2087 2250 pervasore

64 2261 276 2354 praecipuae
296 2273 413 2352 partes
434 2258 660 2329 mediocriter
677 2259 815 2338 valent,
837 2258 1054 2350 reliquarum
1105 2251 1191 2324 haec
1213 2256 1251 2323 in
1274 2253 1466 2324 Ecclesiam
1493 2257 1683 2348 praedixit,
1719 2271 1754 2330 et
1773 2259 1870 2330 solus
1891 2259 2028 2350 erigere
2048 2285 2088 2333 ac

66 2363 127 2432 vel
151 2363 366 2432 inveteratae
391 2373 496 2453 atque
517 2359 742 2429 confirmatae
763 2359 966 2429 affectiones
990 2383 1054 2429 nec
1104 2355 1231 2426 fulcire
1245 2356 1423 2428 lahantem
1437 2357 1620 2446 religionis
1633 2372 1667 2429 et
1682 2359 1858 2430 honarum
1873 2361 2004 2432 artium
2020 2375 2090 2433 sta-

53 2476 239 2556 ‚promunt
262 2487 300 2532 se
321 2461 443 2546 facile,
484 2485 549 2530 nec
573 2461 605 2531 si
626 2461 784 2530 irritatae
813 2461 1054 2532 occasionibus
1106 2471 1181 2528 tum
1207 2470 1338 2550 potest,
1362 2471 1399 2548 et
1420 2459 1626 2528 adfuturum
1649 2482 1685 2528 se
1708 2475 1877 2551 perpetuo
1899 2463 1953 2531 illi
1974 2466 2090 2536 coetui

67 2578 315 2634 commoveant
335 2587 428 2646 sese,
452 2561 648 2652 periculose
664 2562 847 2632 infestant:
873 2562 902 2630 si
917 2563 1055 2653 praeci-
1106 2560 1287 2653 promisit,
1314 2558 1352 2629 in
1370 2585 1442 2650 quo
1457 2584 1524 2630 vox
1541 2561 1721 2630 doctrinae
1737 2562 1898 2632 coelestis
1919 2586 2007 2654 pure
2019 2577 2089 2636 ‘so-

66 2689 220 2760 pnarnm
235 2687 377 2759 quoque
400 2664 530 2732 virium
554 2664 666 2734 robur
687 2657 889 2733 hebetatum
907 2664 1054 2752 langue·
1106 2661 1224 2746 nabit,
1249 2676 1289 2731 ut
1303 2655 1360 2730 his
1372 2658 1551 2731 Ecclesiae
1566 2662 1775 2733 vulneribus
1799 2661 1874 2754 ipse
1895 2666 2091 2751 medeatur,

67 2769 149 2852 fiat,
172 2766 338 2858 protinus
354 2764 594 2854 aegritudines
608 2786 749 2848 omnes,
770 2747 1054 2856 iquaerepressae
1105 2786 1146 2832 ac
1172 2762 1342 2852 reprimat
1370 2762 1440 2833 late
1464 2776 1678 2851 grassantem
1700 2760 1965 2857 hypocritarum
1989 2781 2091 2858 pctu-

66 2869 104 2939 vi
126 2868 301 2938 validiore
321 2868 515 2951 latuerant,
554 2877 734 2958 proruunt
758 2863 983 2954 agminatim,
1020 2877 1054 2936 et
1093 2861 1273 2947 ¹lantiam,
1305 2887 1369 2933 nec
1396 2864 1489 2932 inter
1518 2875 1634 2934 tantos
1656 2863 1807 2936 &tanae
1837 2861 1975 2938 furores
1997 2867 2091 2940 sinat

68 2969 304 3041 convellendo
332 2968 492 3062 undique
524 2981 629 3060 atque
661 2966 894 3036 excruciando
910 2967 1054 3056 ‘corpus
1106 2987 1249 3054 prorsus
1272 2977 1333 3034 aut
1352 2960 1608 3056 sophismatum
1627 2965 1823 3056 praestigiis
1844 2969 1986 3040 concuti
1999 2969 2093 3040 'uni-

66 3073 236 3142 miseruut
252 3071 396 3140 tandem
413 3068 626 3152 conficiunt,
650 3067 701 3136 sic
717 3089 807 3160 quos
823 3067 862 3135 in
883 3067 987 3137 senili
1002 3067 1054 3136 la·
1106 3089 1185 3135 cnm
1203 3059 1270 3136 hoc
1291 3065 1413 3137 salutis
1435 3080 1578 3136 nostrae
1599 3067 1889 3154 fundamentum,
1916 3072 2013 3164 quod
2034 3071 2092 3142 in·

68 3198 147 3244 cero
163 3195 204 3242 ac
216 3171 335 3244 saucio
352 3169 601 3240 afflictissimae
609 3164 788 3238 Ecclesiae
801 3191 947 3260 corpore
958 3192 1055 3238 com·
1106 3165 1298 3237 enarrabili
1322 3165 1398 3259 ipse
1425 3167 1669 3240 misericordia
1691 3182 1727 3240 et
1748 3168 1908 3242 bonitate
1931 3171 2089 3276 positum
2177 3189 2192 3197 ’

68 3274 201 3366 pascuit
214 3267 384 3345 hactenus
401 3283 505 3364 atque
519 3269 603 3340 iude
618 3269 711 3338 elisit
727 3268 864 3338 furores
884 3270 1054 3340 autoritas
1106 3269 1296 3338 clementer
1313 3269 1477 3353 restituit,
1502 3283 1562 3340 aut
1575 3272 1734 3341 sentibus
1746 3283 1781 3342 et
1797 3271 1910 3363 spinis
1923 3293 2090 3343 erronea-

69 3399 155 3467 pure
174 3375 381 3446 docentium
403 3385 437 3443 et
460 3371 539 3440 viva
564 3395 649 3452 vox,
668 3364 708 3438 hi
723 3368 871 3440 sublatis
883 3368 956 3440 illis
972 3394 1054 3462 par·
1106 3394 1184 3439 rum
1207 3368 1419 3459 opinionum
1440 3369 1596 3461 obsepiri
1618 3371 1740 3457 nobis,
1764 3385 1800 3442 et
1815 3374 1997 3465 praecludi
2012 3373 2091 3444 adi-

28 3531 29 3534 *
70 3478 151 3560 tim,
176 3476 304 3566 partim
329 3473 469 3554 fractis,
493 3472 671 3562 pullulant
686 3470 846 3564 undique
861 3484 896 3541 et
910 3471 1054 3542 irruunt
1106 3485 1181 3541 tum
1211 3471 1254 3540 ad
1284 3469 1500 3560 agnitionem
1527 3471 1602 3540 veri
1628 3472 1726 3543 illius
1746 3473 1987 3557 fundamenti,
2027 3488 2091 3545 aut

69 3577 238 3659 tentavi,
264 3587 303 3646 ut
327 3575 437 3654 vitae,
464 3574 595 3654 idest,
623 3571 762 3642 veritati
785 3573 962 3664 occupatis
986 3568 1053 3644 ho·
1105 3571 1299 3641 barbaricis
1322 3571 1596 3656 vastationibus,
1626 3573 1681 3642 vel
1708 3575 1991 3644 adversariorum
2020 3569 2089 3646 ho-

69 3681 205 3750 minum
223 3675 481 3760 sensibusvim
503 3675 659 3746 iacturae
682 3673 881 3745 videantur.
931 3669 1054 3748 Ererit
1104 3673 1245 3744 stilibus
1266 3669 1588 3745 machinationibus
1620 3673 1737 3744 disiici
1763 3699 1804 3745 ae
1831 3675 1996 3767 dissipari
2023 3669 2089 3748 hos

70 3805 105 3852 se
133 3779 311 3851 virulenta
336 3773 600 3872 hypocritarum
633 3774 750 3844 rabies
777 3773 952 3868 undique,
990 3778 1050 3870 qui
1107 3798 1195 3866 pene
1212 3775 1411 3844 innumeris
1428 3775 1593 3867 periculis
1608 3775 1782 3867 expositos
1799 3777 2090 3848 nidulosdoceu-

71 3895 241 3974 gemmata
257 3878 452 3952 sanctitatis
466 3875 580 3968 specie
600 3898 673 3946 sese
698 3874 922 3946 venditantes
938 3889 972 3946 ct
994 3879 1053 3948 in·
1104 3877 1195 3948 tium
1219 3876 1514 3964 aedisccutiuus,
1539 3877 1724 3970 inquibus
1745 3878 1952 3950 delituimus
1970 3875 2090 3950 hacte-

73 3987 268 4067 sinuantes,
308 3981 375 4052 ubi
403 3980 637 4070 irrepserunt,
674 3977 795 4048 lurido
822 4000 960 4047 veneno
982 3979 1053 4049 dis·
1104 4001 1172 4050 nus
1185 3979 1395 4049 umbraculo
1412 3979 1548 4048 alarum
1565 3975 1631 4049 Dei
1647 3980 1755 4050 solius
1776 3980 1926 4053 contecti
1951 3994 1985 4051 ct
2011 3981 2087 4052 loti.

71 4087 183 4156 fluunt
198 4099 233 4156 et
248 4083 412 4176 aspidum
428 4079 556 4150 ictibus
570 4093 735 4172 pungunt
747 4103 786 4149 ac
798 4080 967 4170 vellicant
982 4078 1053 4152 Ec·
1104 4079 1174 4151 Sed
1189 4079 1332 4171 colligat
1343 4081 1412 4150 sibi
1427 4081 1465 4150 in
1481 4075 1537 4149 bis
1552 4080 1757 4170 regionibus
1772 4096 1950 4153 aeternam
1965 4079 2090 4152 Eccle-

73 4187 225 4270 clesiam,
250 4185 466 4274 turbantque
489 4183 607 4250 viroso
630 4185 741 4251 coeno
756 4181 915 4272 inspersp
931 4181 1053 4274 limpi·
1104 4181 1203 4266 siam,
1229 4183 1266 4249 in
1283 4206 1351 4275 qua
1367 4194 1552 4251 conservet
1566 4205 1606 4251 ac
1620 4198 1787 4273 propaget
1803 4178 1889 4254 haec
1903 4206 1966 4253 sua
1981 4183 2090 4267 dona,

74 4291 133 4358 dos
157 4286 341 4359 doctrinae
366 4283 525 4360 coelestis
555 4283 690 4366 fontes,
729 4283 861 4352 scilicet
893 4295 935 4353 ut
965 4304 1052 4376 quas
1104 4305 1225 4352 vocem
1250 4278 1435 4374 Evangelii
1462 4282 1703 4374 incorruptam
1734 4298 1768 4355 et
1790 4297 2007 4355 caeterarum
2029 4307 2088 4352 ar-

75 4403 207 4480 captant
233 4386 406 4457 insidiose
434 4407 475 4454 ac
504 4397 699 4467 venantur,
738 4378 960 4473 prehendant
984 4407 1052 4453 an·
1104 4384 1193 4455 tium
1210 4385 1351 4468 lumen,
1375 4407 1466 4477 quae
1484 4408 1557 4454 non
1571 4397 1653 4456 sunt
1667 4398 1804 4455 tantum
1817 4379 1934 4484 πηγαὶ
1946 4387 2086 4474 καλῶν,

74 4491 202 4580 guillae.
260 4485 371 4560 Recte
392 4498 428 4556 et
448 4486 538 4556 insta
561 4478 731 4556 methodo
750 4483 962 4573 explicatum
984 4486 1051 4555 do·
1102 4501 1143 4556 nt
1161 4484 1256 4575 apud
1278 4480 1552 4578 Xenophontem
1576 4483 1727 4556 Croesus
1755 4487 1823 4568 ait,
1858 4485 1920 4556 sed
1949 4485 2086 4575 egregia

75 4592 200 4662 ctrinae
217 4611 345 4680 corpus
370 4587 589 4658 frustillatim
610 4585 783 4656 arrodunt
803 4598 837 4655 et
859 4584 1052 4658 concidunt
1102 4582 1281 4657 Ecclesiae
1309 4595 1537 4666 ornamenta,
1584 4601 1617 4656 et
1649 4587 1864 4658 adminicula
1892 4587 2085 4658 necessaria

75 4694 249 4763 mordicus
262 4713 391 4763 carrum
409 4713 526 4768 more,
550 4689 613 4782 qui
627 4686 820 4756 laciniatim
837 4700 950 4758 vestes
964 4712 1050 4760 con·
1102 4687 1329 4778 explicationi
1355 4688 1510 4782 purioris
1531 4689 1731 4775 doctrinae,
1755 4712 1803 4759 ·ac
1825 4687 1926 4757 nervi
1947 4689 2084 4763 ordinis

75 4808 216 4886 cerpnut
237 4815 278 4864 ae
299 4791 511 4869 dilacerant,
543 4803 583 4860 ut
605 4789 905 4882 quemadmodum
930 4790 1049 4861 divnl-
1102 4789 1250 4880 politici.
1490 4865 1500 4876 ,
1590 4801 1593 4806 “
1875 4873 1877 4880 ¹

75 4916 182 4966 sarum
197 4909 233 4967 et
244 4893 337 4962 male
357 4887 622 4964 cohaerentium
639 4888 849 4960 laciniarum
864 4913 950 4960 usus
967 4893 1050 4964 nul·
1202 4889 1276 4961 Nec
1293 4899 1376 4961 vcro
1392 4887 1514 4988 (ut'de
1530 4893 1659 4962 nostris
1680 4889 1806 4961 studiis
1830 4889 1963 4987 dicam)
1986 4893 2084 4964 nulla

78 4995 205 5080 losest,
233 5019 298 5065 nec
323 4995 457 5087 species
477 4994 572 5074 ulla,
596 4991 645 5062 sic
668 4991 736 5082 ipsi
757 4991 970 5062 confractam
989 5017 1050 5064 ar·
1102 5003 1153 5062 est
1167 5014 1270 5064 causa
1287 4988 1394 5063 huius
1411 4994 1638 5086 ruinaequac
1660 4992 1700 5060 in
1723 5007 1913 5085 conspectu
1934 5009 2004 5080 est,
2029 4994 2085 5062 in-

77 5101 207 5170 rosione
232 5109 404 5167 venenata
438 5107 543 5187 atque
576 5093 751 5164 violenter
781 5105 976 5164 contortam
1010 5095 1049 5164 in
1083 5107 1222 5174 anatum
1240 5094 1368 5183 partim
1392 5095 1497 5166 aetati
1523 5109 1664 5164 tenerae
1682 5119 1724 5164 ex
1745 5095 1925 5165 communi
1948 5094 2085 5166 studio-

79 5216 182 5290 partes
200 5199 345 5270 mutilas
364 5197 583 5278 doctrinam,
609 5217 715 5288 quarn
731 5189 909 5264 Ecclesiae
923 5191 1049 5267 harum
1094 5217 1181 5277 tcum
1197 5195 1288 5281 fato,
1314 5197 1442 5288 partim
1458 5199 1502 5266 de
1516 5197 1679 5285 contagio
1702 5196 1974 5268 insectationum
1993 5195 2084 5264 voli·

79 5303 252 5394 regionum
269 5296 622 5371 ethonsentientibus
637 5296 746 5365 semel
766 5295 906 5366 iudiciis
920 5321 1050 5390 appro·
1101 5294 1252 5366 tantium
1276 5321 1339 5388 per
1360 5322 1422 5366 ora
1444 5294 1631 5367 hominum
1654 5309 1872 5372 contractum
1901 5291 2084 5368 fastidium

80 5403 184 5474 batam
202 5415 431 5495 receperunt,
457 5414 493 5472 et
512 5393 714 5469 constanter
728 5399 908 5469 defensam
930 5394 1051 5472 hacte-
1100 5397 1277 5469 bonarum
1291 5399 1433 5484 artium,
1452 5412 1745 5494 contemptusque
1761 5424 1801 5470 ac
1815 5400 1986 5488 neglectio
2004 5421 2085 5468 cum
2188 5441 2194 5450 ³

118 5511 291 5576 llrssrrn.
314 5508 419 5576 Oeen.
445 5507 528 5570 Von.
543 5501 621 5570 xli,
1524 5503 1571 5575 16

1327 5684 1466 5758 A
