4706 5818
130 357 228 431 1077

128 653 247 700 veram
265 649 350 698 0880·

230 727 461 799 Manifestum
485 741 537 799 est
560 724 893 815 autemMahometi
909 729 1110 803 doctrinam

127 829 208 919 plus
222 829 425 924 quingentis
442 828 546 900 anuis
561 831 790 920 posteriorem
814 855 888 902 esse
907 834 1112 926 apostolica,

126 943 162 998 et
189 933 235 1000 ab
257 930 449 1022 apostolica
464 929 664 1003 dissentire.

226 1031 309 1102 Non
331 1046 382 1102 est
399 1031 508 1120 igitur
526 1055 620 1103 vera.

225 1131 320 1202 Huic
336 1136 558 1221 Argumeuto
583 1143 618 1204 et
636 1129 705 1205 hoc
719 1136 888 1205 addatur:

691 289 719 428 i.
772 349 1067 430 CHRONlCON
1090 351 1338 432 CARlONlS.
1389 345 1515 433 PARS
1544 359 1592 436 ll.

127 527 373 599 testimonium
397 525 515 611 dedit,
543 524 809 597 dissentientem
834 529 879 598 ab
903 525 1111 618 Evangelio,

2057 365 2153 440 1078

1268 525 1375 597 Item:
1402 527 1476 616 Qui
1500 554 1573 600 non
1593 532 1704 604 credit
1729 534 1823 617 filio,
1849 559 1923 607 non
1942 538 2075 610 videbit
2095 541 2150 606 vi·

1166 643 1256 716 tam,
1279 631 1340 698 sed
1355 629 1407 698 ira
1423 629 1492 700 Dei
1508 648 1626 705 manet
1648 658 1754 728 super
1772 662 1866 708 eum.

1271 727 1538 808 1.Corinth.d.:
1557 734 1846 809 Fundamentum
1860 739 1957 810 aliud
1971 741 2055 830 poni
2073 764 2147 810 non

1165 844 1281 924 potest
1295 846 1433 922 praeter
1448 833 1486 904 id
1499 838 1596 929 quod
1615 838 1768 930 positum
1784 853 1847 926 est,
1863 842 1960 935 quod
1973 831 2145 911 estChri·

1159 943 1244 1010 stus
1267 929 1387 1006 Iesus·

1276 1033 1344 1124 His
1367 1036 1562 1126 perspicuis
1584 1051 1617 1107 et
1642 1040 1751 1112 firmis
1776 1029 1988 1116 testimoniis
2013 1046 2143 1116 muniti

1164 1159 1366 1208 execramur
1386 1133 1656 1224 Mahometum,
1693 1143 1754 1235 qui
1789 1145 1943 1234 primum
1975 1146 2143 1236 negatio

176 1232 399 1325 Impossibile
426 1244 571 1330 estesse
594 1231 789 1306 Ecclesiam
809 1235 876 1306 Dei
903 1249 1041 1308 coetum
1069 1261 1109 1307 ex
1162 1233 1306 1308 Christo
1323 1261 1396 1308 esse
1411 1241 1500 1309 duas
1515 1253 1670 1324 naturas,
1683 1257 1786 1332 negat
1804 1240 2010 1318 haecdicta:
2030 1246 2142 1317 Mun-

151 1336 306 1426 prolesso
332 1333 549 1404 reiicientem
572 1337 703 1429 scripta
728 1335 932 1429 prophetica
965 1353 999 1409 et
1022 1365 1109 1432 apo-

148 1437 280 1507 stolira.

24 1521 29 1536 ’
121 1573 123 1584 =
227 1532 501 1608 Mahometistae
522 1563 564 1606 ex
595 1541 754 1630 professo
784 1538 950 1612 reiiciuut
972 1541 1106 1632 scripta

122 1633 329 1731 prophetica
365 1652 399 1708 et
420 1638 625 1732 apostolica.

226 1739 307 1808 Non
325 1738 434 1828 igitur
456 1753 540 1810 sunt
554 1737 713 1812 Ecclesia
728 1741 806 1818 Dei.

225 1837 328 1909 Hanc
345 1840 648 1911 confirmationem
665 1857 739 1914 toto
755 1857 895 1934 pertore
912 1856 1104 1922 teneamus,

121 1956 157 2013 et
173 1941 330 2032 primum
349 1940 454 2010 nobis
470 1941 957 2031 praemonitionemDanielis
974 1967 1105 2034 propo·

120 2066 268 2138 namus,
303 2041 365 2136 qui
380 2042 445 2111 ait:
478 2041 556 2111 Hoc
578 2068 689 2115 cornu
714 2058 904 2117 venturum
932 2045 1101 2114 inclinata

119 2137 351 2230 monarchia,
386 2145 565 2237 potentius
578 2146 720 2212 caeteris
738 2147 873 2230 regnis,
899 2141 1102 2210 habiturum

118 2244 262 2327 oculos,
286 2255 321 2312 et
340 2265 537 2312 sermonem
553 2243 848 2335 grandiloquum,
875 2253 1104 2324 etsermoues

120 2357 245 2416 contra
273 2367 394 2412 verum
419 2340 534 2412 Deum
558 2345 762 2414 locuturum
787 2367 879 2429 esse,
911 2356 946 2413 et
969 2341 1102 2410 bellum

119 2459 301 2536 gesturum
318 2455 439 2512 contra
453 2441 613 2528 Sanctus,
629 2458 664 2516 et
677 2441 882 2514 habiturum
900 2443 1077 2544 victorias.

226 2543 322 2612 Haec
344 2543 465 2612 omnia
489 2559 691 2634 congruunt
714 2547 757 2615 ad
775 2543 1024 2616 Saraeeuicum
1046 2559 1102 2612 re-

118 2671 250 2739 guum,
281 2646 376 2740 quod
401 2657 520 2714 ortum
543 2657 593 2714 est
616 2644 721 2716 initio
749 2645 864 2717 tribus
891 2645 1061 2716 cornibus
1083 2667 1101 2711 a

119 2747 287 2822 Romana
318 2739 524 2814 monarchia
554 2747 687 2816 avulsis
712 2746 834 2841 Syria,
871 2745 1034 2840 Aegypto
1068 2756 1102 2813 et

119 2849 256 2921 Africa.
306 2840 416 2916 Oculi
441 2868 523 2914 vero
547 2847 746 2936 significant
771 2849 882 2936 legem
905 2860 1017 2918 astute
1040 2870 1102 2913 co·

119 2951 286 3040 gitatam,
311 2961 346 3017 et
360 2969 400 3016 os
412 2946 563 3039 loquens
579 2963 701 3020 contra
722 2973 844 3046 verum
860 2947 975 3019 Deum
992 2946 1102 3036 signi-

119 3053 200 3122 ficat
217 3043 453 3138 blasphemias
471 3064 592 3118 contra
610 3050 724 3120 filium
738 3049 816 3124 Dei.

223 3147 301 3218 Hac
316 3147 560 3238 praedictione
573 3149 737 3224 Danielis
752 3148 1023 3221 commonefacti
1037 3173 1102 3236 po-

119 3266 193 3322 stea
210 3250 410 3334 videamus,
435 3250 497 3317 ubi
512 3263 548 3318 et
563 3254 743 3342 quomodo
767 3250 948 3320 dissentiat
966 3244 1101 3318 Maho-

120 3351 208 3422 meti
224 3349 392 3419 doctrina·
403 3371 425 3414 a
440 3347 579 3438 scriptis
603 3345 816 3438 propheticis
831 3361 865 3416 et
887 3346 1102 3435 apostolicis,

120 3477 191 3548 qua
214 3451 252 3518 iu
275 3447 557 3518 consideratione
580 3472 719 3518 necesse
737 3463 789 3519 est
811 3446 963 3518 discerni
987 3445 1098 3534 legem

121 3571 156 3625 et
172 3547 424 3642 Eiangelium.
452 3560 487 3617 et
510 3571 613 3618 usum
637 3550 741 3638 legis,
777 3551 838 3643 qui
865 3547 1030 3639 proprius
1051 3561 1101 3614 est

120 3651 313 3725 ministerii
328 3648 525 3734 Ecclesiae,
549 3661 583 3718 et
604 3673 707 3720 usum
727 3651 923 3744 politicum.
975 3646 1101 3737 Quasn-

120 3777 229 3850 quam
254 3751 348 3822 euim
373 3751 515 3840 politica
539 3753 712 3844 quaedam
736 3753 775 3822 in
800 3751 876 3842 lege
901 3744 1101 3819 Mahometi

119 3853 324 3950 plausibilia
342 3866 437 3936 sunt,
464 3853 556 3928 sicut
566 3853 693 3924 Daniel
706 3853 767 3940 ait,
793 3850 872 3924 Hoc
889 3875 1001 3919 cornu
1016 3875 1101 3920 ocus

120 3959 176 4028 los
203 3951 349 4025 habere:
383 3966 501 4023 tamen
524 3957 676 4024 sciamus
698 3967 807 4025 totam
837 3957 947 4042 legem
970 3947 1101 4021 Maho-

120 4057 206 4128 meti
222 4067 360 4126 tantum
379 4076 453 4122 esse
474 4055 654 4145 politicam
677 4055 848 4140 formam,
876 4077 969 4149 pene
989 4051 1102 4121 Laco·

120 4159 250 4230 nicam.
280 4155 415 4227 Interea
434 4178 518 4222 vero
533 4153 644 4225 deleri
659 4181 679 4226 a
695 4153 903 4228 Mahometo
921 4153 1099 4246 propriam

118 4257 308 4348 Evangelii
324 4279 444 4326 vocem
462 4257 506 4327 de
521 4254 595 4324 filio
609 4253 697 4341 Dei,
719 4282 834 4352 neque
852 4257 932 4351 quis
947 4256 1012 4340 sit',
1038 4279 1098 4322 ue-

119 4385 189 4456 que
207 4383 269 4428 cur
283 4357 410 4427 missus
424 4357 488 4441 sit,
513 4369 606 4426 recte
622 4357 719 4430 dicit.
755 4357 833 4430 Hae
856 4361 965 4451 igitur
979 4355 1096 4448 Regu-

118 4463 175 4533 lae
190 4460 389 4528 firmissime
403 4471 612 4529 teneantur:

126 4565 130 4576 '
223 4558 297 4647 Qui
318 4584 392 4630 non
412 4554 566 4630 honorat
587 4558 720 4643 filium,
762 4586 835 4631 uon
862 4557 1016 4631 honorat
1040 4585 1102 4651 pa·

119 4679 221 4736 trem.

218 4759 317 4832 Haec
333 4772 385 4830 est
401 4762 471 4838 vita
487 4773 641 4845 aeterna,
665 4775 707 4833 ut
722 4777 913 4854 agnoscant
927 4776 962 4835 te
977 4785 1100 4831 verum

117 4863 257 4948 Deum,
282 4873 317 4929 et
332 4885 437 4955 quem
452 4862 578 4934 misisti
597 4861 712 4934 lesum
727 4889 801 4934 esse
818 4855 1023 4936 Christum.

228 4961 260 5037 l.
287 4956 412 5032 lohan.
432 4967 487 5036 2.:
523 4957 656 5035 Omnis
677 4989 809 5056 negans
838 4967 951 5035 filium
986 4988 1100 5056 neque

118 5081 252 5161 patrem
271 5059 388 5133 habet.

222 5159 347 5236 lohan.
375 5159 453 5234 tt:
477 5157 593 5230 Nemo
618 5166 714 5237 venit
736 5169 780 5239 ad
795 5179 929 5257 patrem
949 5165 1018 5234 nisi
1037 5188 1101 5257 per

117 5269 246 5339 filium.

222 5361 351 5437 lohan.
365 5365 419 5436 E:
449 5359 522 5454 Qui
539 5385 612 5432 nou
628 5365 741 5435 credit
757 5369 825 5438 iam
843 5365 1018 5440 iudicatus
1034 5380 1098 5454 est,

116 5470 291 5566 quianon
307 5467 419 5540 credit
432 5466 470 5536 in
486 5463 710 5556 unigentium
727 5467 839 5538 lilium
854 5469 931 5542 Dei.

1162 1342 1229 1408 dus
1244 1363 1307 1430 per
1321 1338 1436 1431 ipsum
1452 1343 1564 1411 factus
1579 1357 1646 1412 est:
1669 1340 1870 1438 Antequam
1880 1343 2059 1418 Abraham
2076 1373 2141 1418 na·

1161 1451 1217 1510 tus
1233 1454 1305 1526 est,
1331 1463 1394 1531 ego
1411 1466 1502 1512 sum.
1539 1439 1678 1514 Deinde
1690 1445 1735 1514 de
1751 1448 1864 1518 causis
1879 1450 2059 1520 missionis
2076 1473 2139 1520 au·
2230 1535 2234 1540 ι

1160 1540 1344 1611 ducissime
1368 1557 1472 1632 negat
1493 1537 1677 1616 Christum
1701 1547 1847 1618 missum
1874 1572 1966 1635 esse,
2000 1567 2041 1624 ut
2064 1552 2139 1624 eius

1159 1665 1255 1712 mors
1271 1643 1316 1714 sit
1331 1645 1488 1735 precium
1512 1669 1578 1737 pro
1600 1648 1916 1738 peccatisnostris,
1941 1665 1980 1720 ut
1995 1667 2140 1744 propter

1159 1767 1240 1813 eum
1264 1747 1394 1814 dentur
1416 1745 1575 1816 remissio
1599 1762 1839 1840 peccatorum,
1869 1752 2057 1842 imputatio
2079 1755 2137 1824 iu-

1158 1844 1289 1928 sticiae,
1304 1843 1458 1935 Spiritus
1474 1862 1627 1930 sanctus,
1651 1863 1685 1921 et
1702 1845 1898 1925 haereditas
1916 1854 2009 1924 vitae
2022 1867 2137 1926 aeter-

1158 1969 1236 2021 nae.
1286 1945 1399 2036 Negat
1413 1971 1477 2039 per
1490 1971 1570 2018 eum
1589 1964 1623 2020 et
1640 1967 1785 2042 propter
1798 1979 1880 2026 eum
1894 1952 1973 2024 fieri
1987 1955 2137 2026 resusci-

1157 2040 1326 2112 tationem
1344 2063 1575 2124 monusenm'.
1602 2050 1715 2142 Negat
1729 2049 1820 2125 hanc
1836 2079 1957 2126 vocem
1972 2052 2135 2147 Prophe·

1157 2153 1273 2208 tarum
1295 2149 1330 2206 et
1343 2131 1613 2228 Apostolorum:
1640 2151 1753 2216 Pouet
1779 2155 1935 2222 enimam
1952 2181 2050 2227 suam
2067 2153 2135 2226 ho·

1156 2240 1259 2310 stiam
1283 2262 1346 2326 pro
1364 2251 1524 2341 peccato,
1553 2239 1705 2332 Sanguis
1726 2244 1860 2322 Christi
1883 2256 2044 2344 purificat
2069 2280 2135 2328 nos
2229 2335 2234 2340 ,

1157 2341 1201 2409 ab
1217 2339 1317 2408 omui
1342 2354 1500 2429 peccato,
1535 2337 1769 2412 lustihcamur
1791 2351 1860 2423 lide
1874 2357 1983 2443 gratis
1998 2381 2062 2449 per
2078 2382 2136 2426 re-

1156 2441 1415 2530 demptionem,
1436 2463 1526 2532 quae
1541 2455 1592 2512 est
1608 2441 1645 2509 in
1662 2436 1805 2511 Christo
1825 2444 1925 2530 lesu,
1948 2481 2053 2540 quem
2071 2482 2135 2549 po.

1155 2543 1226 2612 suit
1244 2565 1308 2633 pro
1326 2541 1431 2611 uobis
1446 2542 1731 2632 propiciatorem.
1756 2541 1914 2614 Tantum
1930 2546 2016 2614 dicit
2032 2555 2136 2624 Obsi.

1155 2658 1249 2715 stum
1271 2643 1381 2713 fuisse
1402 2642 1659 2734 legislatorem,
1685 2643 1884 2738 etquidem
1907 2647 2078 2718 inermem
2102 2663 2137 2718 et

1155 2745 1319 2815 inutilem
1341 2743 1511 2833 imperiis.
2015 2795 2017 2800 -

1255 2840 1347 2914 Cum
1372 2843 1480 2934 igitur
1499 2841 1727 2917 Mahometus
1754 2848 1938 2921 manifeste
1969 2847 2136 2942 blasphe-

1153 2969 1232 3024 mus
1256 2943 1321 3030 sit,
1355 2944 1555 3015 doctrinam
1584 2948 1629 3014 de
1658 2971 1808 3038 persona
1830 2946 1984 3031 Christi,
2025 2966 2060 3022 et
2091 2953 2135 3024 de

1152 3047 1278 3118 officiis
1294 3067 1541 3137 corrumpens,
1562 3059 1597 3116 et
1614 3047 1730 3138 palam
1743 3052 1962 3124 contradicat
1976 3047 2137 3145 Prophe·

1154 3149 1201 3218 tis
1222 3163 1257 3218 et
1281 3145 1480 3240 Apostolis,
1519 3149 1769 3219 confirmemus
1790 3174 1857 3220 nos
1880 3152 2012 3241 regulis
2030 3176 2136 3242 supra

1153 3249 1308 3318 recitatis
1334 3273 1374 3318 ex
1391 3245 1579 3338 Prophetis
1601 3263 1635 3320 et
1651 3245 1847 3342 Apostolis:
1872 3248 1946 3338 Qui
1967 3274 2042 3320 non
2058 3273 2137 3321 mae

1154 3359 1217 3416 net
1234 3349 1272 3412 id
1290 3349 1452 3415 doctrina
1469 3343 1621 3432 Christi,
1642 3347 1756 3420 Deum
1772 3375 1847 3420 non
1866 3347 1984 3426 habeb

1255 3443 1352 3514 Haec
1375 3444 1569 3532 cogitantes
1592 3444 1697 3514 etiam
1728 3449 1887 3539 quotidie
1910 3452 2137 3540 seiungamus

1154 3545 1414 3615 invocationem
1437 3556 1596 3614 nostram
1623 3545 1812 3615 acollnvie
1828 3544 2080 3631 Mahometica‚
2101 3566 2136 3623 et

1153 3644 1230 3716 Deo
1246 3646 1374 3736 gratias
1396 3667 1560 3736 agamus,
1582 3648 1677 3737 quod
1704 3670 1770 3718 uos
1785 3644 1962 3719 Ecclesiae
1976 3674 2060 3722 suae
2076 3654 2136 3722 iu·

1154 3747 1275 3818 seruit.
1329 3746 1546 3840 Quanquam
1578 3746 1675 3816 enim
1705 3746 1830 3838 ingens
1861 3751 2054 3823 multitudo
2085 3767 2138 3824 est

1154 3862 1189 3920 et
1209 3848 1365 3941 potentia
1384 3847 1544 3937 gentium
1564 3846 1604 3915 in
1626 3848 1775 3920 maxima
1798 3867 1897 3942 parte
1913 3855 2050 3942 generis
2067 3849 2136 3925 hu-

1155 3951 1262 4034 mani,
1287 3972 1377 4042 quae
1391 3944 1589 4018 Mahometi
1605 3945 1843 4041 blasphemias
1860 3954 2135 4045 amplectuntur:

1154 4065 1272 4122 tamen
1286 4049 1485 4120 firmissime
1499 4063 1704 4133 statuamus,
1731 4053 1950 4145 impossibile
1963 4079 2055 4136 esse,
2082 4070 2137 4127 ta-

1154 4154 1205 4222 les
1224 4176 1296 4223 esse
1311 4141 1505 4222 Ecclesiam
1522 4152 1611 4236 Dei,
1636 4155 1697 4246 qui
1723 4177 1765 4220 ex
1788 4156 1945 4244 professo
1970 4156 2137 4229 reiiciuut

1153 4253 1283 4345 scripta
1308 4248 1513 4346 prophetica
1535 4266 1570 4322 et
1591 4253 1805 4345 apostolica,
1830 4268 1864 4325 et
1886 4271 2016 4344 negant
2032 4254 2137 4330 Chri·
2254 4253 2256 4256 ’

1154 4365 1247 4424 stum
1265 4377 1339 4424 esse
1355 4355 1623 4443 redemptorem.
1674 4351 1814 4426 Deinde
1839 4358 1979 4446 lingunt
2001 4381 2039 4428 se
2062 4358 2136 4436 suis

1154 4453 1386 4548 eleemosynis
1403 4469 1437 4526 et
1449 4455 1571 4525 labore
1588 4455 1736 4524 militiae
1752 4458 1879 4528 mereri
1893 4459 2135 4530 remissionem

1154 4569 1377 4648 peccatousm
1392 4569 1426 4626 et
1440 4555 1549 4626 vitam
1572 4570 1766 4628 aeternam.

1256 4655 1352 4727 Haec
1365 4656 1532 4728 refutatio
1548 4651 1749 4729 Mahometi
1764 4674 1908 4751 sumpta
1918 4684 1960 4730 ex
1974 4655 2138 4751 Evange-

1155 4759 1205 4829 lio
1220 4776 1270 4828 est
1288 4759 1446 4832 illustris.
1499 4755 1573 4827 Alii
1589 4757 1714 4848 legalia
1730 4764 1901 4853 quaedam
1918 4775 2050 4846 taxaru,
2075 4765 2139 4834 sed

1154 4860 1283 4931 deletio
1300 4857 1486 4949 Evangelii
1502 4872 1553 4929 est
1567 4858 1674 4950 longe
1696 4862 1809 4932 maius
1835 4863 1958 4933 scelus.
2011 4861 2138 4936 Postea

1154 4975 1188 5032 et
1202 4961 1327 5053 legalia
1343 4961 1570 5052 aspiciantur.

1256 5063 1406 5154 Semper
1436 5061 1661 5132 confusiones
1693 5061 1885 5132 libidinum
1921 5079 2004 5136 suut
2037 5065 2137 5156 signa

1155 5162 1356 5254 impietatis.
1408 5159 1633 5233 Mahometus
1660 5163 1772 5254 reipsa
1800 5164 1896 5235 delet
1918 5166 2138 5256 coniugium,

1153 5267 1349 5336 concedens
1365 5265 1516 5334 divortia
1535 5287 1600 5355 pro
1618 5263 1787 5357 cuiusque
1805 5266 1972 5348 arbitrio,
2000 5267 2136 5337 etiamsi

1152 5367 1272 5436 nullae
1287 5366 1491 5458 probabiles
1504 5387 1628 5434 causae
1644 5365 1726 5438 sint.
1751 5365 1839 5436 Nam
1856 5371 1984 5438 ducere
1997 5384 2031 5441 et
2044 5369 2138 5440 abii-

1151 5489 1230 5538 cere
1247 5492 1326 5539 cum
1345 5467 1450 5549 libet,
1477 5466 1591 5558 reipsa
1609 5480 1662 5538 est
1677 5467 1833 5558 vulgaris
1847 5469 2026 5547 scortatio.
2052 5471 2137 5544 Dis-
