<?xml version="1.0" encoding="UTF-8"?>
<!DOCTYPE html PUBLIC "-//W3C//DTD XHTML 1.0 Transitional//EN"
    "http://www.w3.org/TR/xhtml1/DTD/xhtml1-transitional.dtd">
<html xmlns="http://www.w3.org/1999/xhtml" xml:lang="en" lang="en">
 <head>
  <title>
</title>
<meta http-equiv="Content-Type" content="text/html;charset=utf-8" />
  <meta name='ocr-system' content='tesseract 3.04.00' />
  <meta name='ocr-capabilities' content='ocr_page ocr_carea ocr_par ocr_line ocrx_word'/>
</head>
<body>
  <div class='ocr_page' id='page_1' title='image "./corpusreformato13melagoog_0126.png"; bbox 0 0 4696 5820; ppageno 0'>
   <div class='ocr_carea' id='block_1_1' title="bbox 66 295 2083 393">
    <p class='ocr_par' dir='ltr' id='par_1_1' title="bbox 66 295 2083 393">
     <span class='ocr_line' id='line_1_1' title="bbox 66 295 2083 393; baseline 0.004 -11"><span class='ocrx_word' id='word_1_1' title='bbox 66 310 146 393; x_wconf 74' lang='lat'><strong>237</strong></span> <span class='ocrx_word' id='word_1_2' title='bbox 548 301 710 383; x_wconf 74' lang='lat' dir='ltr'><strong>DDCD</strong></span> <span class='ocrx_word' id='word_1_3' title='bbox 743 301 819 382; x_wconf 82' lang='lat' dir='ltr'><strong>DE</strong></span> <span class='ocrx_word' id='word_1_4' title='bbox 859 295 1144 382; x_wconf 70' lang='lat' dir='ltr'><strong>uenusto</strong></span> <span class='ocrx_word' id='word_1_5' title='bbox 1176 295 1332 376; x_wconf 76' lang='lat' dir='ltr'><strong>DUCD</strong></span> <span class='ocrx_word' id='word_1_6' title='bbox 1361 297 1603 380; x_wconf 82' lang='lat' dir='ltr'><strong>BRUNSV.</strong></span> <span class='ocrx_word' id='word_1_7' title='bbox 2009 315 2083 392; x_wconf 78' lang='lat'><strong>288</strong></span> 
     </span>
    </p>
   </div>
   <div class='ocr_carea' id='block_1_2' title="bbox 54 469 2150 5496">
    <p class='ocr_par' dir='ltr' id='par_1_2' title="bbox 54 469 2150 5496">
     <span class='ocr_line' id='line_1_2' title="bbox 67 469 2087 573; baseline 0.001 -20"><span class='ocrx_word' id='word_1_8' title='bbox 67 473 331 573; x_wconf 78' lang='lat' dir='ltr'><strong>conmoversias</strong></span> <span class='ocrx_word' id='word_1_9' title='bbox 355 472 614 551; x_wconf 70' lang='lat' dir='ltr'><strong>haereditatum</strong></span> <span class='ocrx_word' id='word_1_10' title='bbox 635 490 671 549; x_wconf 90' lang='lat' dir='ltr'><strong>et</strong></span> <span class='ocrx_word' id='word_1_11' title='bbox 692 489 937 548; x_wconf 73' lang='lat' dir='ltr'><strong>contractuum</strong></span> <span class='ocrx_word' id='word_1_12' title='bbox 968 499 1062 571; x_wconf 85' lang='lat' dir='ltr'><strong>quo-</strong></span> <span class='ocrx_word' id='word_1_13' title='bbox 1108 470 1264 545; x_wconf 86' lang='lat' dir='ltr'><strong>ciuntur.</strong></span> <span class='ocrx_word' id='word_1_14' title='bbox 1301 469 1444 544; x_wconf 88' lang='lat' dir='ltr'><strong>iusticia</strong></span> <span class='ocrx_word' id='word_1_15' title='bbox 1457 475 1544 563; x_wconf 85' lang='lat' dir='ltr'><strong>init,</strong></span> <span class='ocrx_word' id='word_1_16' title='bbox 1567 499 1642 549; x_wconf 88' lang='lat' dir='ltr'><strong>non</strong></span> <span class='ocrx_word' id='word_1_17' title='bbox 1657 473 1814 552; x_wconf 88' lang='lat' dir='ltr'><strong>adimere</strong></span> <span class='ocrx_word' id='word_1_18' title='bbox 1826 494 2000 556; x_wconf 75' lang='lat' dir='ltr'><strong>emustam</strong></span> <span class='ocrx_word' id='word_1_19' title='bbox 2016 487 2087 556; x_wconf 89' lang='lat' dir='ltr'><strong>im-</strong></span> 
     </span>
     <span class='ocr_line' id='line_1_3' title="bbox 67 574 2085 676; baseline 0.001 -20"><span class='ocrx_word' id='word_1_20' title='bbox 67 585 134 656; x_wconf 88' lang='lat' dir='ltr'><strong>ties</strong></span> <span class='ocrx_word' id='word_1_21' title='bbox 170 579 308 674; x_wconf 88' lang='lat' dir='ltr'><strong>potuit,</strong></span> <span class='ocrx_word' id='word_1_22' title='bbox 347 578 493 650; x_wconf 87' lang='lat' dir='ltr'><strong>diremit</strong></span> <span class='ocrx_word' id='word_1_23' title='bbox 520 579 841 664; x_wconf 72' lang='lat' dir='ltr'><strong>transactionibus,</strong></span> <span class='ocrx_word' id='word_1_24' title='bbox 884 579 1058 672; x_wconf 88' lang='lat' dir='ltr'><strong>acquitate</strong></span> <span class='ocrx_word' id='word_1_25' title='bbox 1107 574 1336 661; x_wconf 89' lang='lat' dir='ltr'><strong>munitatem,</strong></span> <span class='ocrx_word' id='word_1_26' title='bbox 1361 575 1489 665; x_wconf 84' lang='lat' dir='ltr'><strong>piatas,</strong></span> <span class='ocrx_word' id='word_1_27' title='bbox 1512 581 1711 653; x_wconf 89' lang='lat' dir='ltr'><strong>reverentia</strong></span> <span class='ocrx_word' id='word_1_28' title='bbox 1735 583 1870 676; x_wconf 75' lang='lat' dir='ltr'><strong>stirpis,</strong></span> <span class='ocrx_word' id='word_1_29' title='bbox 1895 597 1932 656; x_wconf 89' lang='lat' dir='ltr'><strong>et</strong></span> <span class='ocrx_word' id='word_1_30' title='bbox 1955 609 2085 660; x_wconf 71' lang='lat' dir='ltr'><strong>mcum</strong></span> 
     </span>
     <span class='ocr_line' id='line_1_4' title="bbox 63 676 2085 781; baseline 0.002 -26"><span class='ocrx_word' id='word_1_31' title='bbox 63 685 239 778; x_wconf 86' lang='lat' dir='ltr'><strong>utrinque</strong></span> <span class='ocrx_word' id='word_1_32' title='bbox 260 679 462 774; x_wconf 88' lang='lat' dir='ltr'><strong>proposita,</strong></span> <span class='ocrx_word' id='word_1_33' title='bbox 486 693 521 752; x_wconf 90' lang='lat' dir='ltr'><strong>et</strong></span> <span class='ocrx_word' id='word_1_34' title='bbox 542 703 692 750; x_wconf 89' lang='lat' dir='ltr'><strong>monens</strong></span> <span class='ocrx_word' id='word_1_35' title='bbox 713 692 755 751; x_wconf 91' lang='lat' dir='ltr'><strong>ut</strong></span> <span class='ocrx_word' id='word_1_36' title='bbox 770 680 948 770; x_wconf 77' lang='lat' dir='ltr'><strong>litigantes</strong></span> <span class='ocrx_word' id='word_1_37' title='bbox 964 679 1055 747; x_wconf 85' lang='lat' dir='ltr'><strong>mal·</strong></span> <span class='ocrx_word' id='word_1_38' title='bbox 1107 687 1306 743; x_wconf 76' lang='lat' dir='ltr'><strong>nientomm</strong></span> <span class='ocrx_word' id='word_1_39' title='bbox 1330 676 1565 748; x_wconf 82' lang='lat' dir='ltr'><strong>laudatissimi</strong></span> <span class='ocrx_word' id='word_1_40' title='bbox 1578 677 1776 774; x_wconf 91' lang='lat' dir='ltr'><strong>Principis,</strong></span> <span class='ocrx_word' id='word_1_41' title='bbox 1799 685 1964 768; x_wconf 87' lang='lat' dir='ltr'><strong>comitas,</strong></span> <span class='ocrx_word' id='word_1_42' title='bbox 1987 691 2085 781; x_wconf 86' lang='lat' dir='ltr'><strong>quod</strong></span> 
     </span>
     <span class='ocr_line' id='line_1_5' title="bbox 61 773 2083 876; baseline 0.003 -22"><span class='ocrx_word' id='word_1_43' title='bbox 61 788 141 856; x_wconf 87' lang='lat' dir='ltr'><strong>lent</strong></span> <span class='ocrx_word' id='word_1_44' title='bbox 155 795 293 874; x_wconf 87' lang='lat' dir='ltr'><strong>partem</strong></span> <span class='ocrx_word' id='word_1_45' title='bbox 316 781 362 850; x_wconf 90' lang='lat' dir='ltr'><strong>de</strong></span> <span class='ocrx_word' id='word_1_46' title='bbox 383 803 449 850; x_wconf 88' lang='lat' dir='ltr'><strong>sno</strong></span> <span class='ocrx_word' id='word_1_47' title='bbox 466 780 687 874; x_wconf 89' lang='lat' dir='ltr'><strong>relinquere,</strong></span> <span class='ocrx_word' id='word_1_48' title='bbox 721 803 829 875; x_wconf 84' lang='lat' dir='ltr'><strong>quarn</strong></span> <span class='ocrx_word' id='word_1_49' title='bbox 845 782 951 870; x_wconf 87' lang='lat' dir='ltr'><strong>longa</strong></span> <span class='ocrx_word' id='word_1_50' title='bbox 966 801 1055 849; x_wconf 94' lang='lat' dir='ltr'><strong>cou·</strong></span> <span class='ocrx_word' id='word_1_51' title='bbox 1106 773 1423 846; x_wconf 77' lang='lat' dir='ltr'><strong>familiariter-cum</strong></span> <span class='ocrx_word' id='word_1_52' title='bbox 1440 781 1570 850; x_wconf 85' lang='lat' dir='ltr'><strong>colono</strong></span> <span class='ocrx_word' id='word_1_53' title='bbox 1591 783 1768 876; x_wconf 88' lang='lat' dir='ltr'><strong>loquitur,</strong></span> <span class='ocrx_word' id='word_1_54' title='bbox 1792 797 1827 856; x_wconf 88' lang='lat' dir='ltr'><strong>et</strong></span> <span class='ocrx_word' id='word_1_55' title='bbox 1850 788 1996 859; x_wconf 88' lang='lat' dir='ltr'><strong>abeunti</strong></span> <span class='ocrx_word' id='word_1_56' title='bbox 2020 790 2083 861; x_wconf 88' lang='lat' dir='ltr'><strong>dat</strong></span> 
     </span>
     <span class='ocr_line' id='line_1_6' title="bbox 61 873 2082 976; baseline 0.001 -20"><span class='ocrx_word' id='word_1_57' title='bbox 61 885 228 956; x_wconf 88' lang='lat' dir='ltr'><strong>tentione</strong></span> <span class='ocrx_word' id='word_1_58' title='bbox 243 893 424 972; x_wconf 89' lang='lat' dir='ltr'><strong>sumptus,</strong></span> <span class='ocrx_word' id='word_1_59' title='bbox 448 880 605 962; x_wconf 86' lang='lat' dir='ltr'><strong>labores,</strong></span> <span class='ocrx_word' id='word_1_60' title='bbox 631 894 665 952; x_wconf 88' lang='lat' dir='ltr'><strong>et</strong></span> <span class='ocrx_word' id='word_1_61' title='bbox 681 903 784 954; x_wconf 89' lang='lat' dir='ltr'><strong>curas</strong></span> <span class='ocrx_word' id='word_1_62' title='bbox 805 881 874 952; x_wconf 91' lang='lat' dir='ltr'><strong>sibi</strong></span> <span class='ocrx_word' id='word_1_63' title='bbox 891 881 1054 952; x_wconf 89' lang='lat' dir='ltr'><strong>cumula·</strong></span> <span class='ocrx_word' id='word_1_64' title='bbox 1105 873 1261 946; x_wconf 80' lang='lat' dir='ltr'><strong>xenium.</strong></span> <span class='ocrx_word' id='word_1_65' title='bbox 1315 875 1409 965; x_wconf 87' lang='lat' dir='ltr'><strong>Quia</strong></span> <span class='ocrx_word' id='word_1_66' title='bbox 1432 877 1543 967; x_wconf 88' lang='lat' dir='ltr'><strong>igitur</strong></span> <span class='ocrx_word' id='word_1_67' title='bbox 1563 895 1597 953; x_wconf 89' lang='lat' dir='ltr'><strong>et</strong></span> <span class='ocrx_word' id='word_1_68' title='bbox 1618 883 1732 956; x_wconf 89' lang='lat' dir='ltr'><strong>iustus</strong></span> <span class='ocrx_word' id='word_1_69' title='bbox 1746 898 1870 957; x_wconf 88' lang='lat' dir='ltr'><strong>eratet</strong></span> <span class='ocrx_word' id='word_1_70' title='bbox 1891 889 2082 976; x_wconf 85' lang='lat' dir='ltr'><strong>beneficus,</strong></span> 
     </span>
     <span class='ocr_line' id='line_1_7' title="bbox 62 973 2082 1075; baseline 0.005 -25"><span class='ocrx_word' id='word_1_71' title='bbox 62 1009 119 1071; x_wconf 77' lang='lat' dir='ltr'><strong>rc,</strong></span> <span class='ocrx_word' id='word_1_72' title='bbox 144 998 182 1057; x_wconf 83' lang='lat' dir='ltr'><strong>et</strong></span> <span class='ocrx_word' id='word_1_73' title='bbox 199 981 373 1075; x_wconf 88' lang='lat' dir='ltr'><strong>impedire</strong></span> <span class='ocrx_word' id='word_1_74' title='bbox 388 979 458 1050; x_wconf 87' lang='lat' dir='ltr'><strong>alia</strong></span> <span class='ocrx_word' id='word_1_75' title='bbox 472 999 535 1052; x_wconf 89' lang='lat' dir='ltr'><strong>sua</strong></span> <span class='ocrx_word' id='word_1_76' title='bbox 552 981 697 1074; x_wconf 88' lang='lat' dir='ltr'><strong>negocia</strong></span> <span class='ocrx_word' id='word_1_77' title='bbox 712 982 823 1074; x_wconf 85' lang='lat' dir='ltr'><strong>magis</strong></span> <span class='ocrx_word' id='word_1_78' title='bbox 846 980 1054 1065; x_wconf 87' lang='lat' dir='ltr'><strong>neccssaria,</strong></span> <span class='ocrx_word' id='word_1_79' title='bbox 1105 973 1319 1066; x_wconf 75' lang='lat' dir='ltr'><strong>diligebatur</strong></span> <span class='ocrx_word' id='word_1_80' title='bbox 1352 1001 1372 1046; x_wconf 91' lang='lat' dir='ltr'><strong>a</strong></span> <span class='ocrx_word' id='word_1_81' title='bbox 1407 979 1513 1048; x_wconf 91' lang='lat' dir='ltr'><strong>honis</strong></span> <span class='ocrx_word' id='word_1_82' title='bbox 1543 985 1728 1073; x_wconf 89' lang='lat' dir='ltr'><strong>omnibus,</strong></span> <span class='ocrx_word' id='word_1_83' title='bbox 1759 999 1795 1058; x_wconf 90' lang='lat' dir='ltr'><strong>et</strong></span> <span class='ocrx_word' id='word_1_84' title='bbox 1827 982 1895 1059; x_wconf 91' lang='lat' dir='ltr'><strong>hoc</strong></span> <span class='ocrx_word' id='word_1_85' title='bbox 1920 988 2082 1061; x_wconf 89' lang='lat' dir='ltr'><strong>munitus</strong></span> 
     </span>
     <span class='ocr_line' id='line_1_8' title="bbox 61 1076 2080 1176; baseline 0.001 -19"><span class='ocrx_word' id='word_1_86' title='bbox 61 1099 100 1158; x_wconf 89' lang='lat' dir='ltr'><strong>ct</strong></span> <span class='ocrx_word' id='word_1_87' title='bbox 110 1085 306 1156; x_wconf 86' lang='lat' dir='ltr'><strong>accendere</strong></span> <span class='ocrx_word' id='word_1_88' title='bbox 323 1080 405 1152; x_wconf 92' lang='lat' dir='ltr'><strong>odia</strong></span> <span class='ocrx_word' id='word_1_89' title='bbox 421 1082 649 1170; x_wconf 84' lang='lat' dir='ltr'><strong>familiarum,</strong></span> <span class='ocrx_word' id='word_1_90' title='bbox 674 1105 764 1176; x_wconf 87' lang='lat' dir='ltr'><strong>quae</strong></span> <span class='ocrx_word' id='word_1_91' title='bbox 779 1095 897 1176; x_wconf 89' lang='lat' dir='ltr'><strong>postea</strong></span> <span class='ocrx_word' id='word_1_92' title='bbox 914 1081 1053 1172; x_wconf 84' lang='lat' dir='ltr'><strong>reipub.</strong></span> <span class='ocrx_word' id='word_1_93' title='bbox 1104 1076 1277 1166; x_wconf 86' lang='lat' dir='ltr'><strong>praesidio</strong></span> <span class='ocrx_word' id='word_1_94' title='bbox 1294 1079 1530 1152; x_wconf 72' lang='lat' dir='ltr'><strong>formidabilis</strong></span> <span class='ocrx_word' id='word_1_95' title='bbox 1545 1096 1620 1155; x_wconf 89' lang='lat' dir='ltr'><strong>erat</strong></span> <span class='ocrx_word' id='word_1_96' title='bbox 1633 1085 1877 1160; x_wconf 81' lang='lat' dir='ltr'><strong>ferocioribus.</strong></span> <span class='ocrx_word' id='word_1_97' title='bbox 1916 1083 2080 1162; x_wconf 86' lang='lat' dir='ltr'><strong>Omnino</strong></span> 
     </span>
     <span class='ocr_line' id='line_1_9' title="bbox 62 1178 2081 1279; baseline 0.002 -23"><span class='ocrx_word' id='word_1_98' title='bbox 62 1184 266 1279; x_wconf 90' lang='lat' dir='ltr'><strong>perniciosa</strong></span> <span class='ocrx_word' id='word_1_99' title='bbox 289 1183 383 1267; x_wconf 89' lang='lat' dir='ltr'><strong>sint,</strong></span> <span class='ocrx_word' id='word_1_100' title='bbox 423 1183 577 1277; x_wconf 89' lang='lat' dir='ltr'><strong>denique</strong></span> <span class='ocrx_word' id='word_1_101' title='bbox 609 1205 699 1278; x_wconf 89' lang='lat' dir='ltr'><strong>quae</strong></span> <span class='ocrx_word' id='word_1_102' title='bbox 723 1185 828 1255; x_wconf 88' lang='lat' dir='ltr'><strong>etiam</strong></span> <span class='ocrx_word' id='word_1_103' title='bbox 853 1183 1053 1254; x_wconf 87' lang='lat' dir='ltr'><strong>invocatio-</strong></span> <span class='ocrx_word' id='word_1_104' title='bbox 1104 1178 1401 1266; x_wconf 79' lang='lat' dir='ltr'><strong>gubernatoribus</strong></span> <span class='ocrx_word' id='word_1_105' title='bbox 1417 1183 1583 1254; x_wconf 88' lang='lat' dir='ltr'><strong>omnibns</strong></span> <span class='ocrx_word' id='word_1_106' title='bbox 1598 1207 1660 1256; x_wconf 90' lang='lat' dir='ltr'><strong>seu</strong></span> <span class='ocrx_word' id='word_1_107' title='bbox 1676 1188 1843 1274; x_wconf 89' lang='lat' dir='ltr'><strong>summis,</strong></span> <span class='ocrx_word' id='word_1_108' title='bbox 1869 1211 1930 1260; x_wconf 84' lang='lat' dir='ltr'><strong>seu</strong></span> <span class='ocrx_word' id='word_1_109' title='bbox 1943 1191 2081 1261; x_wconf 88' lang='lat' dir='ltr'><strong>medio·</strong></span> 
     </span>
     <span class='ocr_line' id='line_1_10' title="bbox 60 1278 2083 1374; baseline 0.009 -33"><span class='ocrx_word' id='word_1_110' title='bbox 60 1311 146 1358; x_wconf 54' lang='grc' dir='ltr'><strong>ηοω</strong></span> <span class='ocrx_word' id='word_1_111' title='bbox 174 1281 244 1357; x_wconf 69' lang='lat' dir='ltr'><strong>Dei</strong></span> <span class='ocrx_word' id='word_1_112' title='bbox 274 1282 485 1374; x_wconf 73' lang='lat' dir='ltr'><strong>impediant,</strong></span> <span class='ocrx_word' id='word_1_113' title='bbox 544 1281 586 1353; x_wconf 79' lang='lat' dir='ltr'><strong>ln</strong></span> <span class='ocrx_word' id='word_1_114' title='bbox 621 1281 687 1354; x_wconf 75' lang='lat' dir='ltr'><strong>hac</strong></span> <span class='ocrx_word' id='word_1_115' title='bbox 719 1309 758 1354; x_wconf 72' lang='lat' dir='ltr'><strong>re</strong></span> <span class='ocrx_word' id='word_1_116' title='bbox 782 1285 914 1355; x_wconf 78' lang='lat' dir='ltr'><strong>multos</strong></span> <span class='ocrx_word' id='word_1_117' title='bbox 938 1305 1053 1353; x_wconf 83' lang='lat' dir='ltr'><strong>annos</strong></span> <span class='ocrx_word' id='word_1_118' title='bbox 1102 1278 1222 1348; x_wconf 86' lang='lat' dir='ltr'><strong>eribus</strong></span> <span class='ocrx_word' id='word_1_119' title='bbox 1244 1301 1333 1370; x_wconf 90' lang='lat' dir='ltr'><strong>opus</strong></span> <span class='ocrx_word' id='word_1_120' title='bbox 1353 1295 1405 1352; x_wconf 89' lang='lat' dir='ltr'><strong>cst</strong></span> <span class='ocrx_word' id='word_1_121' title='bbox 1425 1282 1528 1353; x_wconf 88' lang='lat' dir='ltr'><strong>sociis</strong></span> <span class='ocrx_word' id='word_1_122' title='bbox 1550 1298 1585 1355; x_wconf 87' lang='lat' dir='ltr'><strong>et</strong></span> <span class='ocrx_word' id='word_1_123' title='bbox 1606 1289 1836 1360; x_wconf 89' lang='lat' dir='ltr'><strong>consiliorum</strong></span> <span class='ocrx_word' id='word_1_124' title='bbox 1859 1290 2083 1368; x_wconf 77' lang='lat' dir='ltr'><strong>elleborum.</strong></span> 
     </span>
     <span class='ocr_line' id='line_1_11' title="bbox 59 1375 2081 1483; baseline 0.002 -25"><span class='ocrx_word' id='word_1_125' title='bbox 59 1388 266 1459; x_wconf 89' lang='lat' dir='ltr'><strong>adiutorem</strong></span> <span class='ocrx_word' id='word_1_126' title='bbox 294 1378 421 1452; x_wconf 90' lang='lat' dir='ltr'><strong>hahuit</strong></span> <span class='ocrx_word' id='word_1_127' title='bbox 445 1383 670 1454; x_wconf 83' lang='lat' dir='ltr'><strong>excellentem</strong></span> <span class='ocrx_word' id='word_1_128' title='bbox 693 1385 809 1455; x_wconf 89' lang='lat' dir='ltr'><strong>virum</strong></span> <span class='ocrx_word' id='word_1_129' title='bbox 831 1383 1002 1476; x_wconf 83' lang='lat' dir='ltr'><strong>sapientia</strong></span> <span class='ocrx_word' id='word_1_130' title='bbox 1018 1395 1052 1454; x_wconf 89' lang='lat' dir='ltr'><strong>et</strong></span> <span class='ocrx_word' id='word_1_131' title='bbox 1100 1375 1174 1448; x_wconf 86' lang='lat' dir='ltr'><strong>Nec</strong></span> <span class='ocrx_word' id='word_1_132' title='bbox 1187 1399 1282 1449; x_wconf 89' lang='lat' dir='ltr'><strong>unns</strong></span> <span class='ocrx_word' id='word_1_133' title='bbox 1296 1393 1358 1452; x_wconf 88' lang='lat' dir='ltr'><strong>aut</strong></span> <span class='ocrx_word' id='word_1_134' title='bbox 1373 1383 1493 1454; x_wconf 84' lang='lat' dir='ltr'><strong>videre</strong></span> <span class='ocrx_word' id='word_1_135' title='bbox 1517 1387 1658 1474; x_wconf 91' lang='lat' dir='ltr'><strong>omnio,</strong></span> <span class='ocrx_word' id='word_1_136' title='bbox 1681 1401 1742 1460; x_wconf 88' lang='lat' dir='ltr'><strong>aut</strong></span> <span class='ocrx_word' id='word_1_137' title='bbox 1762 1411 1864 1478; x_wconf 87' lang='lat' dir='ltr'><strong>agere</strong></span> <span class='ocrx_word' id='word_1_138' title='bbox 1884 1403 2016 1483; x_wconf 90' lang='lat' dir='ltr'><strong>potest,</strong></span> <span class='ocrx_word' id='word_1_139' title='bbox 2039 1404 2081 1463; x_wconf 86' lang='lat' dir='ltr'><strong>ut</strong></span> 
     </span>
     <span class='ocr_line' id='line_1_12' title="bbox 59 1477 2083 1588; baseline 0.003 -29"><span class='ocrx_word' id='word_1_140' title='bbox 59 1485 207 1559; x_wconf 89' lang='lat' dir='ltr'><strong>iusticia</strong></span> <span class='ocrx_word' id='word_1_141' title='bbox 238 1495 493 1576; x_wconf 82' lang='lat' dir='ltr'><strong>praestantem,</strong></span> <span class='ocrx_word' id='word_1_142' title='bbox 534 1484 656 1554; x_wconf 90' lang='lat' dir='ltr'><strong>multis</strong></span> <span class='ocrx_word' id='word_1_143' title='bbox 685 1484 792 1553; x_wconf 91' lang='lat' dir='ltr'><strong>bonis</strong></span> <span class='ocrx_word' id='word_1_144' title='bbox 820 1483 1052 1576; x_wconf 83' lang='lat' dir='ltr'><strong>Principibus</strong></span> <span class='ocrx_word' id='word_1_145' title='bbox 1100 1477 1281 1549; x_wconf 71' lang='lat' dir='ltr'><strong>verissime</strong></span> <span class='ocrx_word' id='word_1_146' title='bbox 1303 1481 1436 1552; x_wconf 84' lang='lat' dir='ltr'><strong>dietum</strong></span> <span class='ocrx_word' id='word_1_147' title='bbox 1466 1497 1533 1556; x_wconf 85' lang='lat' dir='ltr'><strong>est:</strong></span> <span class='ocrx_word' id='word_1_148' title='bbox 1563 1491 1652 1580; x_wconf 75' lang='grc' dir='ltr'><strong>μιᾶς</strong></span> <span class='ocrx_word' id='word_1_149' title='bbox 1678 1485 1753 1588; x_wconf 73' lang='grc' dir='ltr'><strong>γὰρ</strong></span> <span class='ocrx_word' id='word_1_150' title='bbox 1770 1493 1896 1588; x_wconf 72' lang='grc' dir='ltr'><strong><em>χοῖρος</em></strong></span> <span class='ocrx_word' id='word_1_151' title='bbox 1917 1486 2083 1584; x_wconf 75' lang='grc' dir='ltr'><strong>ἀσθενὴς</strong></span> 
     </span>
     <span class='ocr_line' id='line_1_13' title="bbox 59 1571 2081 1684; baseline 0.002 -26"><span class='ocrx_word' id='word_1_152' title='bbox 59 1583 232 1672; x_wconf 89' lang='lat' dir='ltr'><strong>charum,</strong></span> <span class='ocrx_word' id='word_1_153' title='bbox 276 1578 524 1653; x_wconf 87' lang='lat' dir='ltr'><strong>Balthasarum</strong></span> <span class='ocrx_word' id='word_1_154' title='bbox 561 1579 742 1654; x_wconf 89' lang='lat' dir='ltr'><strong>Clammer</strong></span> <span class='ocrx_word' id='word_1_155' title='bbox 777 1581 1051 1658; x_wconf 87' lang='lat' dir='ltr'><strong>Cancellarinm.</strong></span> <span class='ocrx_word' id='word_1_156' title='bbox 1100 1571 1215 1672; x_wconf 78' lang='grc' dir='ltr'><strong><em>μάχη.</em></strong></span> <span class='ocrx_word' id='word_1_157' title='bbox 1267 1579 1466 1669; x_wconf 72' lang='lat' dir='ltr'><strong>Singularis</strong></span> <span class='ocrx_word' id='word_1_158' title='bbox 1501 1585 1611 1675; x_wconf 92' lang='lat' dir='ltr'><strong>igitnr</strong></span> <span class='ocrx_word' id='word_1_159' title='bbox 1642 1590 1813 1662; x_wconf 79' lang='lat' dir='ltr'><strong>foelicitas</strong></span> <span class='ocrx_word' id='word_1_160' title='bbox 1845 1591 2081 1684; x_wconf 83' lang='lat' dir='ltr'><strong>Reipublicae</strong></span> 
     </span>
     <span class='ocr_line' id='line_1_14' title="bbox 59 1680 2080 1783; baseline 0.002 -25"><span class='ocrx_word' id='word_1_161' title='bbox 59 1687 163 1761; x_wconf 84' lang='lat' dir='ltr'><strong>Utile</strong></span> <span class='ocrx_word' id='word_1_162' title='bbox 188 1695 307 1754; x_wconf 86' lang='lat' dir='ltr'><strong>autem</strong></span> <span class='ocrx_word' id='word_1_163' title='bbox 333 1705 408 1752; x_wconf 87' lang='lat' dir='ltr'><strong>essa</strong></span> <span class='ocrx_word' id='word_1_164' title='bbox 432 1683 478 1751; x_wconf 90' lang='lat' dir='ltr'><strong>ad</strong></span> <span class='ocrx_word' id='word_1_165' title='bbox 496 1685 871 1757; x_wconf 86' lang='lat' dir='ltr'><strong>commonefactionem</strong></span> <span class='ocrx_word' id='word_1_166' title='bbox 895 1686 1049 1756; x_wconf 87' lang='lat' dir='ltr'><strong>aliorum</strong></span> <span class='ocrx_word' id='word_1_167' title='bbox 1100 1694 1169 1765; x_wconf 85' lang='lat' dir='ltr'><strong>est,</strong></span> <span class='ocrx_word' id='word_1_168' title='bbox 1192 1701 1274 1750; x_wconf 90' lang='lat' dir='ltr'><strong>curn</strong></span> <span class='ocrx_word' id='word_1_169' title='bbox 1292 1680 1460 1777; x_wconf 84' lang='lat' dir='ltr'><strong>Princeps</strong></span> <span class='ocrx_word' id='word_1_170' title='bbox 1475 1681 1579 1760; x_wconf 88' lang='lat' dir='ltr'><strong>habet</strong></span> <span class='ocrx_word' id='word_1_171' title='bbox 1599 1689 1731 1761; x_wconf 88' lang='lat' dir='ltr'><strong>amicus</strong></span> <span class='ocrx_word' id='word_1_172' title='bbox 1744 1692 1935 1783; x_wconf 87' lang='lat' dir='ltr'><strong>sapientes,</strong></span> <span class='ocrx_word' id='word_1_173' title='bbox 1957 1693 2080 1780; x_wconf 88' lang='lat' dir='ltr'><strong>iustus,</strong></span> 
     </span>
     <span class='ocr_line' id='line_1_15' title="bbox 58 1775 2080 1879; baseline 0.001 -20"><span class='ocrx_word' id='word_1_174' title='bbox 58 1787 214 1859; x_wconf 87' lang='lat' dir='ltr'><strong>recitare</strong></span> <span class='ocrx_word' id='word_1_175' title='bbox 232 1785 401 1876; x_wconf 83' lang='lat' dir='ltr'><strong>quasdam</strong></span> <span class='ocrx_word' id='word_1_176' title='bbox 426 1781 538 1874; x_wconf 91' lang='lat' dir='ltr'><strong>ipsius</strong></span> <span class='ocrx_word' id='word_1_177' title='bbox 554 1785 736 1875; x_wconf 68' lang='lat' dir='ltr'><strong>,sapienter</strong></span> <span class='ocrx_word' id='word_1_178' title='bbox 749 1785 917 1876; x_wconf 83' lang='lat' dir='ltr'><strong>cogitatas</strong></span> <span class='ocrx_word' id='word_1_179' title='bbox 929 1775 1050 1856; x_wconf 71' lang='lat' dir='ltr'><strong>trans-⁴</strong></span> <span class='ocrx_word' id='word_1_180' title='bbox 1099 1781 1361 1869; x_wconf 86' lang='lat' dir='ltr'><strong>magnanimos,</strong></span> <span class='ocrx_word' id='word_1_181' title='bbox 1387 1786 1448 1878; x_wconf 91' lang='lat' dir='ltr'><strong>qui</strong></span> <span class='ocrx_word' id='word_1_182' title='bbox 1471 1801 1506 1857; x_wconf 89' lang='lat' dir='ltr'><strong>et</strong></span> <span class='ocrx_word' id='word_1_183' title='bbox 1525 1787 1641 1879; x_wconf 92' lang='lat' dir='ltr'><strong>ipsum</strong></span> <span class='ocrx_word' id='word_1_184' title='bbox 1664 1792 1702 1860; x_wconf 90' lang='lat' dir='ltr'><strong>in</strong></span> <span class='ocrx_word' id='word_1_185' title='bbox 1722 1791 1879 1863; x_wconf 88' lang='lat' dir='ltr'><strong>consiliis</strong></span> <span class='ocrx_word' id='word_1_186' title='bbox 1892 1793 2003 1864; x_wconf 92' lang='lat' dir='ltr'><strong>multa</strong></span> <span class='ocrx_word' id='word_1_187' title='bbox 2020 1817 2080 1862; x_wconf 84' lang='lat' dir='ltr'><strong>rc·</strong></span> 
     </span>
     <span class='ocr_line' id='line_1_16' title="bbox 58 1883 2092 1984; baseline 0.001 -24"><span class='ocrx_word' id='word_1_188' title='bbox 58 1889 240 1968; x_wconf 86' lang='lat' dir='ltr'><strong>actiones,</strong></span> <span class='ocrx_word' id='word_1_189' title='bbox 273 1885 333 1953; x_wconf 89' lang='lat' dir='ltr'><strong>scd</strong></span> <span class='ocrx_word' id='word_1_190' title='bbox 352 1883 524 1955; x_wconf 88' lang='lat' dir='ltr'><strong>brevitate</strong></span> <span class='ocrx_word' id='word_1_191' title='bbox 545 1886 716 1975; x_wconf 91' lang='lat' dir='ltr'><strong>temporis</strong></span> <span class='ocrx_word' id='word_1_192' title='bbox 737 1885 930 1978; x_wconf 90' lang='lat' dir='ltr'><strong>impedior,</strong></span> <span class='ocrx_word' id='word_1_193' title='bbox 963 1888 1049 1956; x_wconf 89' lang='lat' dir='ltr'><strong>uni·</strong></span> <span class='ocrx_word' id='word_1_194' title='bbox 1099 1892 1153 1949; x_wconf 80' lang='lat' dir='ltr'><strong>cle</strong></span> <span class='ocrx_word' id='word_1_195' title='bbox 1168 1897 1357 1969; x_wconf 81' lang='lat' dir='ltr'><strong>moueant,</strong></span> <span class='ocrx_word' id='word_1_196' title='bbox 1381 1902 1415 1958; x_wconf 91' lang='lat' dir='ltr'><strong>et</strong></span> <span class='ocrx_word' id='word_1_197' title='bbox 1429 1890 1652 1962; x_wconf 79' lang='lat' dir='ltr'><strong>autoritatem</strong></span> <span class='ocrx_word' id='word_1_198' title='bbox 1668 1892 1701 1962; x_wconf 89' lang='lat' dir='ltr'><strong>ei</strong></span> <span class='ocrx_word' id='word_1_199' title='bbox 1716 1893 1755 1962; x_wconf 89' lang='lat' dir='ltr'><strong>iu</strong></span> <span class='ocrx_word' id='word_1_200' title='bbox 1769 1894 1902 1984; x_wconf 89' lang='lat' dir='ltr'><strong>populu</strong></span> <span class='ocrx_word' id='word_1_201' title='bbox 1917 1887 2092 1983; x_wconf 74' lang='lat' dir='ltr'><strong>augeant,</strong></span> 
     </span>
     <span class='ocr_line' id='line_1_17' title="bbox 61 1977 2080 2083; baseline 0.002 -25"><span class='ocrx_word' id='word_1_202' title='bbox 61 2011 141 2058; x_wconf 89' lang='lat' dir='ltr'><strong>cam</strong></span> <span class='ocrx_word' id='word_1_203' title='bbox 174 1997 316 2058; x_wconf 89' lang='lat' dir='ltr'><strong>tantum</strong></span> <span class='ocrx_word' id='word_1_204' title='bbox 340 1977 525 2054; x_wconf 84' lang='lat' dir='ltr'><strong>historiam</strong></span> <span class='ocrx_word' id='word_1_205' title='bbox 556 1984 737 2068; x_wconf 88' lang='lat' dir='ltr'><strong>adiiciam,</strong></span> <span class='ocrx_word' id='word_1_206' title='bbox 770 2010 877 2079; x_wconf 86' lang='lat' dir='ltr'><strong>quam</strong></span> <span class='ocrx_word' id='word_1_207' title='bbox 902 1987 1048 2057; x_wconf 87' lang='lat' dir='ltr'><strong>audivc-</strong></span> <span class='ocrx_word' id='word_1_208' title='bbox 1098 1981 1361 2076; x_wconf 82' lang='lat' dir='ltr'><strong>aeplemmquc</strong></span> <span class='ocrx_word' id='word_1_209' title='bbox 1375 1988 1498 2080; x_wconf 84' lang='lat' dir='ltr'><strong>quales</strong></span> <span class='ocrx_word' id='word_1_210' title='bbox 1513 2003 1598 2062; x_wconf 89' lang='lat' dir='ltr'><strong>sunt</strong></span> <span class='ocrx_word' id='word_1_211' title='bbox 1611 1992 1725 2078; x_wconf 89' lang='lat' dir='ltr'><strong>amici,</strong></span> <span class='ocrx_word' id='word_1_212' title='bbox 1740 1994 1819 2064; x_wconf 88' lang='lat' dir='ltr'><strong>talis</strong></span> <span class='ocrx_word' id='word_1_213' title='bbox 1833 2008 1885 2064; x_wconf 89' lang='lat' dir='ltr'><strong>est</strong></span> <span class='ocrx_word' id='word_1_214' title='bbox 1896 1993 2080 2083; x_wconf 88' lang='lat' dir='ltr'><strong>Princeps,</strong></span> 
     </span>
     <span class='ocr_line' id='line_1_18' title="bbox 58 2080 2077 2188; baseline 0.004 -31"><span class='ocrx_word' id='word_1_215' title='bbox 58 2102 145 2160; x_wconf 91' lang='lat' dir='ltr'><strong>runt</strong></span> <span class='ocrx_word' id='word_1_216' title='bbox 160 2083 272 2156; x_wconf 89' lang='lat' dir='ltr'><strong>multi</strong></span> <span class='ocrx_word' id='word_1_217' title='bbox 289 2105 331 2151; x_wconf 79' lang='lat' dir='ltr'><strong>ex</strong></span> <span class='ocrx_word' id='word_1_218' title='bbox 347 2084 437 2174; x_wconf 88' lang='lat' dir='ltr'><strong>ipso.</strong></span> <span class='ocrx_word' id='word_1_219' title='bbox 470 2082 659 2156; x_wconf 85' lang='lat' dir='ltr'><strong>Praedium</strong></span> <span class='ocrx_word' id='word_1_220' title='bbox 675 2102 726 2156; x_wconf 92' lang='lat' dir='ltr'><strong>est</strong></span> <span class='ocrx_word' id='word_1_221' title='bbox 743 2087 901 2157; x_wconf 89' lang='lat' dir='ltr'><strong>vicinum</strong></span> <span class='ocrx_word' id='word_1_222' title='bbox 914 2087 1046 2178; x_wconf 92' lang='lat' dir='ltr'><strong>oppido</strong></span> <span class='ocrx_word' id='word_1_223' title='bbox 1097 2093 1137 2150; x_wconf 89' lang='lat' dir='ltr'><strong>ut</strong></span> <span class='ocrx_word' id='word_1_224' title='bbox 1152 2080 1214 2150; x_wconf 87' lang='lat' dir='ltr'><strong>illa</strong></span> <span class='ocrx_word' id='word_1_225' title='bbox 1228 2085 1462 2156; x_wconf 87' lang='lat' dir='ltr'><strong>vetustissima</strong></span> <span class='ocrx_word' id='word_1_226' title='bbox 1472 2089 1566 2161; x_wconf 86' lang='lat' dir='ltr'><strong>dicta</strong></span> <span class='ocrx_word' id='word_1_227' title='bbox 1579 2083 1791 2182; x_wconf 73' lang='lat' dir='ltr'><strong>significant:</strong></span> <span class='ocrx_word' id='word_1_228' title='bbox 1813 2089 1944 2186; x_wconf 77' lang='grc' dir='ltr'>ὅμοιον</span> <span class='ocrx_word' id='word_1_229' title='bbox 1958 2089 2077 2188; x_wconf 80' lang='grc' dir='ltr'>ὁμοίῳ</span> 
     </span>
     <span class='ocr_line' id='line_1_19' title="bbox 58 2176 2078 2291; baseline 0.016 -59"><span class='ocrx_word' id='word_1_230' title='bbox 58 2187 200 2270; x_wconf 55' lang='lat' dir='ltr'>Cellae,</span> <span class='ocrx_word' id='word_1_231' title='bbox 224 2179 771 2278; x_wconf 60' lang='lat' dir='ltr'><strong>qu0dn0m1naiurLugh0110h‚</strong></span> <span class='ocrx_word' id='word_1_232' title='bbox 796 2189 894 2281; x_wconf 72' lang='lat' dir='ltr'><strong>quod</strong></span> <span class='ocrx_word' id='word_1_233' title='bbox 921 2209 1047 2280; x_wconf 71' lang='lat' dir='ltr'><strong>perpe·</strong></span> <span class='ocrx_word' id='word_1_234' title='bbox 1128 2176 1220 2266; x_wconf 68' lang='lat' dir='ltr'><strong>iios,</strong></span> <span class='ocrx_word' id='word_1_235' title='bbox 1235 2195 1268 2252; x_wconf 89' lang='lat' dir='ltr'><strong>et</strong></span> <span class='ocrx_word' id='word_1_236' title='bbox 1282 2179 1406 2258; x_wconf 82' lang='grc' dir='ltr'><em>ὁποῖαι</em></span> <span class='ocrx_word' id='word_1_237' title='bbox 1418 2183 1608 2264; x_wconf 77' lang='grc' dir='ltr'><em>δέσποιναι</em></span> <span class='ocrx_word' id='word_1_238' title='bbox 1620 2193 1718 2264; x_wconf 78' lang='grc' dir='ltr'><strong><em>τοῖαι</em></strong></span> <span class='ocrx_word' id='word_1_239' title='bbox 1726 2188 1790 2266; x_wconf 81' lang='grc' dir='ltr'><strong>καὶ</strong></span> <span class='ocrx_word' id='word_1_240' title='bbox 1801 2189 2078 2291; x_wconf 73' lang='grc' dir='ltr'><strong><em>θεραπαινίδες.</em></strong></span> 
     </span>
     <span class='ocr_line' id='line_1_20' title="bbox 56 2203 2077 2384; baseline 0.002 -26"><span class='ocrx_word' id='word_1_241' title='bbox 56 2303 157 2360; x_wconf 89' lang='lat' dir='ltr'><strong>tuam</strong></span> <span class='ocrx_word' id='word_1_242' title='bbox 176 2281 302 2356; x_wconf 89' lang='lat' dir='ltr'><strong>habuit</strong></span> <span class='ocrx_word' id='word_1_243' title='bbox 314 2284 585 2360; x_wconf 86' lang='lat' dir='ltr'><strong>immunitatem.</strong></span> <span class='ocrx_word' id='word_1_244' title='bbox 1006 2349 1011 2360; x_wconf 83' lang='grc'><em>,</em></span> <span class='ocrx_word' id='word_1_245' title='bbox 1096 2203 1183 2351; x_wconf 58' lang='grc' dir='ltr'><strong>ἔω</strong></span> <span class='ocrx_word' id='word_1_246' title='bbox 1201 2283 1362 2372; x_wconf 86' lang='lat' dir='ltr'><strong>sapiente</strong></span> <span class='ocrx_word' id='word_1_247' title='bbox 1373 2301 1408 2360; x_wconf 91' lang='lat' dir='ltr'><strong>et</strong></span> <span class='ocrx_word' id='word_1_248' title='bbox 1420 2312 1548 2380; x_wconf 76' lang='lat' dir='ltr'><strong>niagno</strong></span> <span class='ocrx_word' id='word_1_249' title='bbox 1563 2291 1663 2383; x_wconf 86' lang='lat' dir='ltr'><strong>Rege</strong></span> <span class='ocrx_word' id='word_1_250' title='bbox 1680 2293 1809 2384; x_wconf 87' lang='lat' dir='ltr'><strong>diguus</strong></span> <span class='ocrx_word' id='word_1_251' title='bbox 1823 2293 1975 2367; x_wconf 89' lang='lat' dir='ltr'><strong>Senatus</strong></span> <span class='ocrx_word' id='word_1_252' title='bbox 1994 2315 2077 2364; x_wconf 89' lang='lat' dir='ltr'><strong>eum</strong></span> 
     </span>
     <span class='ocr_line' id='line_1_21' title="bbox 134 2383 2078 2484; baseline 0.003 -26"><span class='ocrx_word' id='word_1_253' title='bbox 134 2385 233 2458; x_wconf 92' lang='lat' dir='ltr'><strong>Cum</strong></span> <span class='ocrx_word' id='word_1_254' title='bbox 247 2399 366 2457; x_wconf 87' lang='lat' dir='ltr'><strong>autem</strong></span> <span class='ocrx_word' id='word_1_255' title='bbox 383 2398 547 2478; x_wconf 85' lang='lat' dir='ltr'><strong>quaestor</strong></span> <span class='ocrx_word' id='word_1_256' title='bbox 564 2387 668 2458; x_wconf 89' lang='lat' dir='ltr'><strong>illum</strong></span> <span class='ocrx_word' id='word_1_257' title='bbox 681 2388 834 2461; x_wconf 85' lang='lat' dir='ltr'><strong>fundum</strong></span> <span class='ocrx_word' id='word_1_258' title='bbox 847 2410 942 2459; x_wconf 89' lang='lat' dir='ltr'><strong>nova</strong></span> <span class='ocrx_word' id='word_1_259' title='bbox 958 2411 1048 2480; x_wconf 92' lang='lat' dir='ltr'><strong>pen·</strong></span> <span class='ocrx_word' id='word_1_260' title='bbox 1097 2383 1328 2454; x_wconf 69' lang='lat' dir='ltr'><strong>consederent</strong></span> <span class='ocrx_word' id='word_1_261' title='bbox 1357 2385 1545 2484; x_wconf 83' lang='lat' dir='ltr'><strong>Princeps,</strong></span> <span class='ocrx_word' id='word_1_262' title='bbox 1584 2391 1759 2466; x_wconf 77' lang='lat' dir='ltr'><strong>Ascanius</strong></span> <span class='ocrx_word' id='word_1_263' title='bbox 1784 2393 1950 2467; x_wconf 83' lang='lat' dir='ltr'><strong>Cremius</strong></span> <span class='ocrx_word' id='word_1_264' title='bbox 1982 2396 2078 2466; x_wconf 88' lang='lat' dir='ltr'><strong>inter</strong></span> 
     </span>
     <span class='ocr_line' id='line_1_22' title="bbox 57 2483 2079 2590; baseline 0.001 -29"><span class='ocrx_word' id='word_1_265' title='bbox 57 2491 162 2562; x_wconf 90' lang='lat' dir='ltr'><strong>sione</strong></span> <span class='ocrx_word' id='word_1_266' title='bbox 183 2499 397 2556; x_wconf 83' lang='lat' dir='ltr'><strong>oneraturos</strong></span> <span class='ocrx_word' id='word_1_267' title='bbox 418 2500 524 2573; x_wconf 90' lang='lat' dir='ltr'><strong>esset,</strong></span> <span class='ocrx_word' id='word_1_268' title='bbox 550 2490 682 2562; x_wconf 87' lang='lat' dir='ltr'><strong>accedit</strong></span> <span class='ocrx_word' id='word_1_269' title='bbox 704 2490 852 2560; x_wconf 90' lang='lat' dir='ltr'><strong>colonus</strong></span> <span class='ocrx_word' id='word_1_270' title='bbox 876 2491 921 2560; x_wconf 89' lang='lat' dir='ltr'><strong>ad</strong></span> <span class='ocrx_word' id='word_1_271' title='bbox 936 2486 1045 2559; x_wconf 90' lang='lat' dir='ltr'><strong>Prin·</strong></span> <span class='ocrx_word' id='word_1_272' title='bbox 1096 2483 1261 2553; x_wconf 86' lang='lat' dir='ltr'><strong>ductores</strong></span> <span class='ocrx_word' id='word_1_273' title='bbox 1274 2487 1490 2558; x_wconf 84' lang='lat' dir='ltr'><strong>exercituum</strong></span> <span class='ocrx_word' id='word_1_274' title='bbox 1505 2491 1546 2560; x_wconf 90' lang='lat' dir='ltr'><strong>in</strong></span> <span class='ocrx_word' id='word_1_275' title='bbox 1561 2490 1766 2577; x_wconf 73' lang='lat' dir='ltr'><strong>(immanis,</strong></span> <span class='ocrx_word' id='word_1_276' title='bbox 1780 2497 1990 2590; x_wconf 85' lang='lat' dir='ltr'><strong>praecipuus</strong></span> <span class='ocrx_word' id='word_1_277' title='bbox 2003 2495 2079 2564; x_wconf 85' lang='lat' dir='ltr'><strong>vir·</strong></span> 
     </span>
     <span class='ocr_line' id='line_1_23' title="bbox 56 2585 2076 2688; baseline 0.011 -30"><span class='ocrx_word' id='word_1_278' title='bbox 56 2592 196 2682; x_wconf 89' lang='lat' dir='ltr'><strong>cipcm,</strong></span> <span class='ocrx_word' id='word_1_279' title='bbox 220 2599 342 2656; x_wconf 88' lang='lat' dir='ltr'><strong>narrat</strong></span> <span class='ocrx_word' id='word_1_280' title='bbox 356 2585 463 2655; x_wconf 84' lang='lat' dir='ltr'><strong>luisse</strong></span> <span class='ocrx_word' id='word_1_281' title='bbox 481 2602 685 2679; x_wconf 91' lang='lat' dir='ltr'><strong>perpetuam</strong></span> <span class='ocrx_word' id='word_1_282' title='bbox 708 2588 986 2669; x_wconf 88' lang='lat' dir='ltr'><strong>immunitatem,</strong></span> <span class='ocrx_word' id='word_1_283' title='bbox 1011 2602 1046 2658; x_wconf 90' lang='lat' dir='ltr'><strong>et</strong></span> <span class='ocrx_word' id='word_1_284' title='bbox 1095 2594 1171 2652; x_wconf 73' lang='lat' dir='ltr'><strong>iuis</strong></span> <span class='ocrx_word' id='word_1_285' title='bbox 1189 2593 1225 2656; x_wconf 81' lang='lat' dir='ltr'><strong>ct</strong></span> <span class='ocrx_word' id='word_1_286' title='bbox 1250 2589 1459 2674; x_wconf 75' lang='lat' dir='ltr'><strong>autoritate,</strong></span> <span class='ocrx_word' id='word_1_287' title='bbox 1484 2593 1602 2662; x_wconf 83' lang='lat' dir='ltr'><strong>etalii</strong></span> <span class='ocrx_word' id='word_1_288' title='bbox 1627 2593 1696 2662; x_wconf 78' lang='lat' dir='ltr'><strong>siri</strong></span> <span class='ocrx_word' id='word_1_289' title='bbox 1715 2595 1824 2667; x_wconf 82' lang='lat' dir='ltr'><strong>fortes</strong></span> <span class='ocrx_word' id='word_1_290' title='bbox 1842 2594 2017 2688; x_wconf 76' lang='lat' dir='ltr'><strong>sepositi,</strong></span> <span class='ocrx_word' id='word_1_291' title='bbox 2041 2608 2076 2666; x_wconf 65' lang='lat' dir='ltr'><strong>‘i</strong></span> 
     </span>
     <span class='ocr_line' id='line_1_24' title="bbox 57 2677 2074 2778; baseline 0.002 -18"><span class='ocrx_word' id='word_1_292' title='bbox 57 2711 202 2762; x_wconf 80' lang='lat' dir='ltr'><strong>causam</strong></span> <span class='ocrx_word' id='word_1_293' title='bbox 216 2686 476 2778; x_wconf 63' lang='lat' dir='ltr'><strong>additquiain</strong></span> <span class='ocrx_word' id='word_1_294' title='bbox 492 2689 661 2758; x_wconf 79' lang='lat' dir='ltr'><strong>cubando</strong></span> <span class='ocrx_word' id='word_1_295' title='bbox 679 2684 1047 2760; x_wconf 88' lang='lat' dir='ltr'><strong>natussitLotharius</strong></span> <span class='ocrx_word' id='word_1_296' title='bbox 1096 2677 1267 2753; x_wconf 86' lang='lat' dir='ltr'><strong>Oratores</strong></span> <span class='ocrx_word' id='word_1_297' title='bbox 1282 2688 1456 2777; x_wconf 88' lang='lat' dir='ltr'><strong>sapientes</strong></span> <span class='ocrx_word' id='word_1_298' title='bbox 1466 2689 1655 2763; x_wconf 80' lang='lat' dir='ltr'><strong>Fnrsterus</strong></span> <span class='ocrx_word' id='word_1_299' title='bbox 1666 2705 1702 2765; x_wconf 93' lang='lat' dir='ltr'><strong>et</strong></span> <span class='ocrx_word' id='word_1_300' title='bbox 1715 2693 1949 2766; x_wconf 76' lang='lat' dir='ltr'><strong>Clammcrus·</strong></span> <span class='ocrx_word' id='word_1_301' title='bbox 1994 2691 2074 2765; x_wconf 88' lang='lat' dir='ltr'><strong>Hoc</strong></span> 
     </span>
     <span class='ocr_line' id='line_1_25' title="bbox 58 2785 2075 2888; baseline 0.003 -28"><span class='ocrx_word' id='word_1_302' title='bbox 58 2789 273 2882; x_wconf 85' lang='lat' dir='ltr'><strong>Imperator,</strong></span> <span class='ocrx_word' id='word_1_303' title='bbox 296 2799 419 2857; x_wconf 86' lang='lat' dir='ltr'><strong>narrat</strong></span> <span class='ocrx_word' id='word_1_304' title='bbox 434 2788 550 2873; x_wconf 90' lang='lat' dir='ltr'><strong>etiam,</strong></span> <span class='ocrx_word' id='word_1_305' title='bbox 566 2809 602 2858; x_wconf 88' lang='lat' dir='ltr'><strong>sc</strong></span> <span class='ocrx_word' id='word_1_306' title='bbox 618 2801 653 2859; x_wconf 93' lang='lat' dir='ltr'><strong>et</strong></span> <span class='ocrx_word' id='word_1_307' title='bbox 665 2789 815 2858; x_wconf 89' lang='lat' dir='ltr'><strong>maiores</strong></span> <span class='ocrx_word' id='word_1_308' title='bbox 828 2809 910 2858; x_wconf 89' lang='lat' dir='ltr'><strong>suos</strong></span> <span class='ocrx_word' id='word_1_309' title='bbox 925 2787 1046 2857; x_wconf 90' lang='lat' dir='ltr'><strong>multis</strong></span> <span class='ocrx_word' id='word_1_310' title='bbox 1095 2794 1211 2852; x_wconf 84' lang='lat' dir='ltr'><strong>tantos</strong></span> <span class='ocrx_word' id='word_1_311' title='bbox 1227 2785 1324 2856; x_wconf 85' lang='lat' dir='ltr'><strong>viros</strong></span> <span class='ocrx_word' id='word_1_312' title='bbox 1339 2791 1554 2863; x_wconf 87' lang='lat' dir='ltr'><strong>verebantur</strong></span> <span class='ocrx_word' id='word_1_313' title='bbox 1566 2793 1694 2878; x_wconf 86' lang='lat' dir='ltr'><strong>etiam,</strong></span> <span class='ocrx_word' id='word_1_314' title='bbox 1713 2796 1743 2864; x_wconf 88' lang='lat' dir='ltr'><strong>si</strong></span> <span class='ocrx_word' id='word_1_315' title='bbox 1759 2797 1821 2888; x_wconf 88' lang='lat' dir='ltr'><strong>qui</strong></span> <span class='ocrx_word' id='word_1_316' title='bbox 1843 2809 1943 2868; x_wconf 91' lang='lat' dir='ltr'><strong>erant</strong></span> <span class='ocrx_word' id='word_1_317' title='bbox 1964 2791 2075 2866; x_wconf 75' lang='lat' dir='ltr'><strong>efferi.</strong></span> 
     </span>
     <span class='ocr_line' id='line_1_26' title="bbox 57 2877 2076 2987; baseline 0.004 -29"><span class='ocrx_word' id='word_1_318' title='bbox 57 2890 187 2962; x_wconf 83' lang='lat' dir='ltr'><strong>seculis</strong></span> <span class='ocrx_word' id='word_1_319' title='bbox 201 2887 358 2959; x_wconf 88' lang='lat' dir='ltr'><strong>tenuisse</strong></span> <span class='ocrx_word' id='word_1_320' title='bbox 371 2882 466 2957; x_wconf 91' lang='lat' dir='ltr'><strong>hunc</strong></span> <span class='ocrx_word' id='word_1_321' title='bbox 478 2887 645 2974; x_wconf 85' lang='lat' dir='ltr'><strong>fundum,</strong></span> <span class='ocrx_word' id='word_1_322' title='bbox 670 2899 703 2959; x_wconf 91' lang='lat' dir='ltr'><strong>ct</strong></span> <span class='ocrx_word' id='word_1_323' title='bbox 717 2887 958 2958; x_wconf 87' lang='lat' dir='ltr'><strong>narrationem</strong></span> <span class='ocrx_word' id='word_1_324' title='bbox 971 2900 1046 2957; x_wconf 89' lang='lat' dir='ltr'><strong>tra·</strong></span> <span class='ocrx_word' id='word_1_325' title='bbox 1096 2879 1139 2949; x_wconf 90' lang='lat' dir='ltr'><strong>lu</strong></span> <span class='ocrx_word' id='word_1_326' title='bbox 1158 2877 1224 2952; x_wconf 86' lang='lat' dir='ltr'><strong>hac</strong></span> <span class='ocrx_word' id='word_1_327' title='bbox 1239 2892 1572 2962; x_wconf 84' lang='lat' dir='ltr'><strong>commemoratione</strong></span> <span class='ocrx_word' id='word_1_328' title='bbox 1584 2893 1727 2982; x_wconf 78' lang='lat' dir='ltr'><strong>longior</strong></span> <span class='ocrx_word' id='word_1_329' title='bbox 1742 2919 1872 2980; x_wconf 89' lang='lat' dir='ltr'><strong>essem,</strong></span> <span class='ocrx_word' id='word_1_330' title='bbox 1893 2897 1923 2966; x_wconf 93' lang='lat' dir='ltr'><strong>si</strong></span> <span class='ocrx_word' id='word_1_331' title='bbox 1938 2908 2076 2987; x_wconf 83' lang='lat' dir='ltr'><strong>tempus</strong></span> 
     </span>
     <span class='ocr_line' id='line_1_27' title="bbox 58 2983 2073 3086; baseline 0.002 -24"><span class='ocrx_word' id='word_1_332' title='bbox 58 2991 169 3062; x_wconf 88' lang='lat' dir='ltr'><strong>ditam</strong></span> <span class='ocrx_word' id='word_1_333' title='bbox 184 3009 259 3058; x_wconf 88' lang='lat' dir='ltr'><strong>esse</strong></span> <span class='ocrx_word' id='word_1_334' title='bbox 275 3010 294 3057; x_wconf 90' lang='lat' dir='ltr'><strong>a</strong></span> <span class='ocrx_word' id='word_1_335' title='bbox 309 2987 520 3068; x_wconf 88' lang='lat' dir='ltr'><strong>maioribus,</strong></span> <span class='ocrx_word' id='word_1_336' title='bbox 541 2990 587 3058; x_wconf 90' lang='lat' dir='ltr'><strong>ab</strong></span> <span class='ocrx_word' id='word_1_337' title='bbox 601 2991 723 3060; x_wconf 89' lang='lat' dir='ltr'><strong>eadem</strong></span> <span class='ocrx_word' id='word_1_338' title='bbox 735 2989 844 3081; x_wconf 90' lang='lat' dir='ltr'><strong>stirpe</strong></span> <span class='ocrx_word' id='word_1_339' title='bbox 863 3000 897 3058; x_wconf 86' lang='lat' dir='ltr'><strong>et</strong></span> <span class='ocrx_word' id='word_1_340' title='bbox 911 2983 1043 3058; x_wconf 85' lang='lat' dir='ltr'><strong>Letha-</strong></span> <span class='ocrx_word' id='word_1_341' title='bbox 1095 2985 1313 3056; x_wconf 87' lang='lat' dir='ltr'><strong>concederet.</strong></span> <span class='ocrx_word' id='word_1_342' title='bbox 1362 2985 1488 3059; x_wconf 85' lang='lat' dir='ltr'><strong>Dicam</strong></span> <span class='ocrx_word' id='word_1_343' title='bbox 1504 2992 1614 3082; x_wconf 87' lang='lat' dir='ltr'><strong>igitur</strong></span> <span class='ocrx_word' id='word_1_344' title='bbox 1627 3015 1738 3086; x_wconf 88' lang='lat' dir='ltr'><strong>pauca</strong></span> <span class='ocrx_word' id='word_1_345' title='bbox 1753 2997 1798 3065; x_wconf 89' lang='lat' dir='ltr'><strong>de</strong></span> <span class='ocrx_word' id='word_1_346' title='bbox 1814 2995 1986 3066; x_wconf 88' lang='lat' dir='ltr'><strong>interiore</strong></span> <span class='ocrx_word' id='word_1_347' title='bbox 2000 2995 2073 3066; x_wconf 87' lang='lat' dir='ltr'><strong>vita</strong></span> 
     </span>
     <span class='ocr_line' id='line_1_28' title="bbox 57 3083 2075 3190; baseline 0.003 -29"><span class='ocrx_word' id='word_1_348' title='bbox 57 3093 149 3162; x_wconf 91' lang='lat' dir='ltr'><strong>rium</strong></span> <span class='ocrx_word' id='word_1_349' title='bbox 179 3103 215 3160; x_wconf 86' lang='lat' dir='ltr'><strong>et</strong></span> <span class='ocrx_word' id='word_1_350' title='bbox 243 3088 417 3157; x_wconf 79' lang='lat' dir='ltr'><strong>familiam</strong></span> <span class='ocrx_word' id='word_1_351' title='bbox 441 3109 541 3157; x_wconf 89' lang='lat' dir='ltr'><strong>suam</strong></span> <span class='ocrx_word' id='word_1_352' title='bbox 562 3101 659 3160; x_wconf 89' lang='lat' dir='ltr'><strong>ortos</strong></span> <span class='ocrx_word' id='word_1_353' title='bbox 683 3111 773 3184; x_wconf 80' lang='lat' dir='ltr'><strong>csse,</strong></span> <span class='ocrx_word' id='word_1_354' title='bbox 810 3111 850 3158; x_wconf 91' lang='lat' dir='ltr'><strong>ac</strong></span> <span class='ocrx_word' id='word_1_355' title='bbox 872 3099 969 3174; x_wconf 87' lang='lat' dir='ltr'><strong>orat,</strong></span> <span class='ocrx_word' id='word_1_356' title='bbox 1003 3101 1043 3159; x_wconf 86' lang='lat' dir='ltr'><strong>ut</strong></span> <span class='ocrx_word' id='word_1_357' title='bbox 1094 3095 1129 3153; x_wconf 90' lang='lat' dir='ltr'><strong>et</strong></span> <span class='ocrx_word' id='word_1_358' title='bbox 1148 3083 1339 3157; x_wconf 83' lang='lat' dir='ltr'><strong>domestica</strong></span> <span class='ocrx_word' id='word_1_359' title='bbox 1360 3093 1634 3181; x_wconf 84' lang='lat' dir='ltr'><strong>consuetudine,</strong></span> <span class='ocrx_word' id='word_1_360' title='bbox 1665 3095 1705 3164; x_wconf 90' lang='lat' dir='ltr'><strong>in</strong></span> <span class='ocrx_word' id='word_1_361' title='bbox 1727 3116 1798 3190; x_wconf 81' lang='lat' dir='ltr'><strong>qua</strong></span> <span class='ocrx_word' id='word_1_362' title='bbox 1829 3095 1951 3168; x_wconf 88' lang='lat' dir='ltr'><strong>nullae</strong></span> <span class='ocrx_word' id='word_1_363' title='bbox 1971 3109 2075 3168; x_wconf 83' lang='lat' dir='ltr'><strong>eraut</strong></span> 
     </span>
     <span class='ocr_line' id='line_1_29' title="bbox 57 3183 2075 3284; baseline 0.002 -22"><span class='ocrx_word' id='word_1_364' title='bbox 57 3184 377 3284; x_wconf 82' lang='lat' dir='ltr'><strong>propterLotharii</strong></span> <span class='ocrx_word' id='word_1_365' title='bbox 391 3189 600 3259; x_wconf 85' lang='lat' dir='ltr'><strong>memoriam</strong></span> <span class='ocrx_word' id='word_1_366' title='bbox 613 3201 765 3260; x_wconf 87' lang='lat' dir='ltr'><strong>veterem</strong></span> <span class='ocrx_word' id='word_1_367' title='bbox 782 3188 1042 3260; x_wconf 84' lang='lat' dir='ltr'><strong>immunitatem</strong></span> <span class='ocrx_word' id='word_1_368' title='bbox 1093 3184 1267 3270; x_wconf 89' lang='lat' dir='ltr'><strong>latebrae,</strong></span> <span class='ocrx_word' id='word_1_369' title='bbox 1291 3183 1412 3260; x_wconf 88' lang='lat' dir='ltr'><strong>nullae</strong></span> <span class='ocrx_word' id='word_1_370' title='bbox 1426 3191 1687 3282; x_wconf 83' lang='lat' dir='ltr'><strong>occultationes,</strong></span> <span class='ocrx_word' id='word_1_371' title='bbox 1711 3198 1851 3268; x_wconf 87' lang='lat' dir='ltr'><strong>vivebat</strong></span> <span class='ocrx_word' id='word_1_372' title='bbox 1866 3197 1905 3268; x_wconf 93' lang='lat' dir='ltr'><strong>in</strong></span> <span class='ocrx_word' id='word_1_373' title='bbox 1923 3198 2012 3281; x_wconf 88' lang='lat' dir='ltr'><strong>lucc,</strong></span> <span class='ocrx_word' id='word_1_374' title='bbox 2035 3197 2075 3266; x_wconf 93' lang='lat' dir='ltr'><strong>in</strong></span> 
     </span>
     <span class='ocr_line' id='line_1_30' title="bbox 57 3283 2075 3382; baseline 0.002 -20"><span class='ocrx_word' id='word_1_375' title='bbox 57 3294 158 3363; x_wconf 89' lang='lat' dir='ltr'><strong>lucus</strong></span> <span class='ocrx_word' id='word_1_376' title='bbox 174 3291 252 3359; x_wconf 88' lang='lat' dir='ltr'><strong>eius</strong></span> <span class='ocrx_word' id='word_1_377' title='bbox 271 3289 399 3360; x_wconf 88' lang='lat' dir='ltr'><strong>natalis</strong></span> <span class='ocrx_word' id='word_1_378' title='bbox 412 3287 571 3360; x_wconf 87' lang='lat' dir='ltr'><strong>retineat.</strong></span> <span class='ocrx_word' id='word_1_379' title='bbox 621 3290 822 3362; x_wconf 87' lang='lat' dir='ltr'><strong>Delectatus</strong></span> <span class='ocrx_word' id='word_1_380' title='bbox 838 3285 904 3359; x_wconf 86' lang='lat' dir='ltr'><strong>hac</strong></span> <span class='ocrx_word' id='word_1_381' title='bbox 919 3313 1044 3360; x_wconf 82' lang='lat' dir='ltr'><strong>narra·</strong></span> <span class='ocrx_word' id='word_1_382' title='bbox 1094 3284 1208 3354; x_wconf 89' lang='lat' dir='ltr'><strong>oculis</strong></span> <span class='ocrx_word' id='word_1_383' title='bbox 1222 3287 1400 3376; x_wconf 88' lang='lat' dir='ltr'><strong>omnium,</strong></span> <span class='ocrx_word' id='word_1_384' title='bbox 1424 3295 1592 3382; x_wconf 86' lang='lat' dir='ltr'><strong>patebant</strong></span> <span class='ocrx_word' id='word_1_385' title='bbox 1606 3298 1651 3365; x_wconf 89' lang='lat' dir='ltr'><strong>ad</strong></span> <span class='ocrx_word' id='word_1_386' title='bbox 1674 3283 1756 3368; x_wconf 87' lang='lat' dir='ltr'><strong>eum</strong></span> <span class='ocrx_word' id='word_1_387' title='bbox 1778 3296 1896 3368; x_wconf 89' lang='lat' dir='ltr'><strong>aditus</strong></span> <span class='ocrx_word' id='word_1_388' title='bbox 1916 3293 2075 3368; x_wconf 89' lang='lat' dir='ltr'><strong>honestis</strong></span> 
     </span>
     <span class='ocr_line' id='line_1_31' title="bbox 56 3381 2074 3484; baseline 0.001 -20"><span class='ocrx_word' id='word_1_389' title='bbox 56 3395 159 3464; x_wconf 86' lang='lat' dir='ltr'><strong>tione</strong></span> <span class='ocrx_word' id='word_1_390' title='bbox 183 3389 372 3481; x_wconf 84' lang='lat' dir='ltr'><strong>Princeps,</strong></span> <span class='ocrx_word' id='word_1_391' title='bbox 397 3389 481 3484; x_wconf 89' lang='lat' dir='ltr'><strong>qnia</strong></span> <span class='ocrx_word' id='word_1_392' title='bbox 504 3381 714 3460; x_wconf 88' lang='lat' dir='ltr'><strong>Lutharium</strong></span> <span class='ocrx_word' id='word_1_393' title='bbox 736 3403 881 3482; x_wconf 88' lang='lat' dir='ltr'><strong>propter</strong></span> <span class='ocrx_word' id='word_1_394' title='bbox 901 3389 1042 3460; x_wconf 84' lang='lat' dir='ltr'><strong>virtutis</strong></span> <span class='ocrx_word' id='word_1_395' title='bbox 1093 3385 1262 3454; x_wconf 89' lang='lat' dir='ltr'><strong>omnihus</strong></span> <span class='ocrx_word' id='word_1_396' title='bbox 1278 3391 1450 3480; x_wconf 83' lang='lat' dir='ltr'><strong>qnotidie.</strong></span> <span class='ocrx_word' id='word_1_397' title='bbox 1500 3389 1588 3467; x_wconf 82' lang='lat' dir='ltr'><strong>Erat</strong></span> <span class='ocrx_word' id='word_1_398' title='bbox 1608 3397 1705 3466; x_wconf 89' lang='lat' dir='ltr'><strong>enim</strong></span> <span class='ocrx_word' id='word_1_399' title='bbox 1728 3411 1764 3468; x_wconf 90' lang='lat' dir='ltr'><strong>et</strong></span> <span class='ocrx_word' id='word_1_400' title='bbox 1778 3399 1967 3468; x_wconf 88' lang='lat' dir='ltr'><strong>domestica</strong></span> <span class='ocrx_word' id='word_1_401' title='bbox 1983 3419 2074 3466; x_wconf 87' lang='lat' dir='ltr'><strong>cun·</strong></span> 
     </span>
     <span class='ocr_line' id='line_1_32' title="bbox 56 3485 2074 3590; baseline 0 -26"><span class='ocrx_word' id='word_1_402' title='bbox 56 3490 312 3586; x_wconf 80' lang='lat' dir='ltr'><strong>praestantiam</strong></span> <span class='ocrx_word' id='word_1_403' title='bbox 326 3503 363 3561; x_wconf 89' lang='lat' dir='ltr'><strong>et</strong></span> <span class='ocrx_word' id='word_1_404' title='bbox 376 3489 496 3582; x_wconf 90' lang='lat' dir='ltr'><strong>stirpis</strong></span> <span class='ocrx_word' id='word_1_405' title='bbox 510 3490 617 3560; x_wconf 86' lang='lat' dir='ltr'><strong>decus</strong></span> <span class='ocrx_word' id='word_1_406' title='bbox 633 3513 735 3582; x_wconf 88' lang='lat' dir='ltr'><strong>saepe</strong></span> <span class='ocrx_word' id='word_1_407' title='bbox 749 3490 958 3572; x_wconf 90' lang='lat' dir='ltr'><strong>celebrabat,</strong></span> <span class='ocrx_word' id='word_1_408' title='bbox 985 3514 1042 3559; x_wconf 92' lang='lat' dir='ltr'><strong>ac·</strong></span> <span class='ocrx_word' id='word_1_409' title='bbox 1092 3485 1242 3554; x_wconf 87' lang='lat' dir='ltr'><strong>suetudo</strong></span> <span class='ocrx_word' id='word_1_410' title='bbox 1259 3488 1362 3579; x_wconf 89' lang='lat' dir='ltr'><strong>plena</strong></span> <span class='ocrx_word' id='word_1_411' title='bbox 1374 3493 1590 3582; x_wconf 87' lang='lat' dir='ltr'><strong>optimorum</strong></span> <span class='ocrx_word' id='word_1_412' title='bbox 1604 3499 1855 3590; x_wconf 81' lang='lat' dir='ltr'><strong>exemplorum.</strong></span> <span class='ocrx_word' id='word_1_413' title='bbox 1880 3493 1970 3568; x_wconf 83' lang='lat' dir='ltr'><strong>Erat</strong></span> <span class='ocrx_word' id='word_1_414' title='bbox 1983 3509 2074 3568; x_wconf 89' lang='lat' dir='ltr'><strong>tem-</strong></span> 
     </span>
     <span class='ocr_line' id='line_1_33' title="bbox 56 3588 2074 3694; baseline 0.005 -29"><span class='ocrx_word' id='word_1_415' title='bbox 56 3593 163 3665; x_wconf 83' lang='lat' dir='ltr'><strong>tersit</strong></span> <span class='ocrx_word' id='word_1_416' title='bbox 181 3606 422 3685; x_wconf 87' lang='lat' dir='ltr'><strong>quaestorem,</strong></span> <span class='ocrx_word' id='word_1_417' title='bbox 447 3589 642 3680; x_wconf 87' lang='lat' dir='ltr'><strong>interrogat</strong></span> <span class='ocrx_word' id='word_1_418' title='bbox 656 3593 701 3661; x_wconf 92' lang='lat' dir='ltr'><strong>de</strong></span> <span class='ocrx_word' id='word_1_419' title='bbox 716 3590 943 3660; x_wconf 88' lang='lat' dir='ltr'><strong>immunitate</strong></span> <span class='ocrx_word' id='word_1_420' title='bbox 956 3588 1042 3660; x_wconf 83' lang='lat' dir='ltr'><strong>suu·</strong></span> <span class='ocrx_word' id='word_1_421' title='bbox 1092 3606 1240 3676; x_wconf 66' lang='lat' dir='ltr'><strong>petoni,</strong></span> <span class='ocrx_word' id='word_1_422' title='bbox 1270 3603 1404 3672; x_wconf 67' lang='lat' dir='ltr'><strong>mima</strong></span> <span class='ocrx_word' id='word_1_423' title='bbox 1447 3594 1607 3681; x_wconf 70' lang='lat' dir='ltr'><strong>wbriut,</strong></span> <span class='ocrx_word' id='word_1_424' title='bbox 1640 3595 1901 3694; x_wconf 73' lang='grc' dir='ltr'><strong><em>φιλόστοργος,</em></strong></span> <span class='ocrx_word' id='word_1_425' title='bbox 1935 3611 1972 3669; x_wconf 76' lang='lat' dir='ltr'><strong>et</strong></span> <span class='ocrx_word' id='word_1_426' title='bbox 1998 3609 2074 3666; x_wconf 69' lang='lat' dir='ltr'><strong>erui</strong></span> 
     </span>
     <span class='ocr_line' id='line_1_34' title="bbox 55 3687 2071 3785; baseline 0 -20"><span class='ocrx_word' id='word_1_427' title='bbox 55 3696 111 3782; x_wconf 90' lang='lat' dir='ltr'><strong>di,</strong></span> <span class='ocrx_word' id='word_1_428' title='bbox 134 3693 240 3764; x_wconf 89' lang='lat' dir='ltr'><strong>inbet</strong></span> <span class='ocrx_word' id='word_1_429' title='bbox 261 3703 297 3763; x_wconf 86' lang='lat' dir='ltr'><strong>et</strong></span> <span class='ocrx_word' id='word_1_430' title='bbox 318 3689 437 3762; x_wconf 85' lang='lat' dir='ltr'><strong>vocari</strong></span> <span class='ocrx_word' id='word_1_431' title='bbox 459 3711 559 3760; x_wconf 93' lang='lat' dir='ltr'><strong>senes</strong></span> <span class='ocrx_word' id='word_1_432' title='bbox 581 3691 736 3776; x_wconf 76' lang='lat' dir='ltr'><strong>vidum,</strong></span> <span class='ocrx_word' id='word_1_433' title='bbox 761 3713 851 3785; x_wconf 88' lang='lat' dir='ltr'><strong>quos</strong></span> <span class='ocrx_word' id='word_1_434' title='bbox 864 3703 899 3761; x_wconf 93' lang='lat' dir='ltr'><strong>et</strong></span> <span class='ocrx_word' id='word_1_435' title='bbox 913 3691 957 3759; x_wconf 88' lang='lat' dir='ltr'><strong>de</strong></span> <span class='ocrx_word' id='word_1_436' title='bbox 971 3691 1043 3758; x_wconf 88' lang='lat' dir='ltr'><strong>im·</strong></span> <span class='ocrx_word' id='word_1_437' title='bbox 1092 3687 1255 3775; x_wconf 84' lang='lat' dir='ltr'><strong>gravitati</strong></span> <span class='ocrx_word' id='word_1_438' title='bbox 1268 3689 1377 3761; x_wconf 86' lang='lat' dir='ltr'><strong>mixta</strong></span> <span class='ocrx_word' id='word_1_439' title='bbox 1393 3695 1558 3766; x_wconf 62' lang='lat' dir='ltr'><strong>mantas.</strong></span> <span class='ocrx_word' id='word_1_440' title='bbox 1608 3698 1690 3768; x_wconf 82' lang='lat' dir='ltr'><strong>Erat</strong></span> <span class='ocrx_word' id='word_1_441' title='bbox 1709 3721 1832 3768; x_wconf 88' lang='lat' dir='ltr'><strong>amans</strong></span> <span class='ocrx_word' id='word_1_442' title='bbox 1852 3697 2011 3781; x_wconf 90' lang='lat' dir='ltr'><strong>ordinis,</strong></span> <span class='ocrx_word' id='word_1_443' title='bbox 2036 3709 2071 3767; x_wconf 92' lang='lat' dir='ltr'><strong>ct</strong></span> 
     </span>
     <span class='ocr_line' id='line_1_35' title="bbox 55 3787 2072 3891; baseline 0.001 -25"><span class='ocrx_word' id='word_1_444' title='bbox 55 3795 253 3878; x_wconf 90' lang='lat' dir='ltr'><strong>munitate,</strong></span> <span class='ocrx_word' id='word_1_445' title='bbox 284 3791 384 3864; x_wconf 89' lang='lat' dir='ltr'><strong>etde</strong></span> <span class='ocrx_word' id='word_1_446' title='bbox 408 3791 527 3862; x_wconf 87' lang='lat' dir='ltr'><strong>coloni</strong></span> <span class='ocrx_word' id='word_1_447' title='bbox 550 3791 686 3864; x_wconf 85' lang='lat' dir='ltr'><strong>iamilia</strong></span> <span class='ocrx_word' id='word_1_448' title='bbox 708 3793 913 3880; x_wconf 85' lang='lat' dir='ltr'><strong>interrogat.</strong></span> <span class='ocrx_word' id='word_1_449' title='bbox 964 3787 1043 3862; x_wconf 85' lang='lat' dir='ltr'><strong>Ho-</strong></span> <span class='ocrx_word' id='word_1_450' title='bbox 1092 3799 1185 3856; x_wconf 87' lang='lat' dir='ltr'><strong>recte</strong></span> <span class='ocrx_word' id='word_1_451' title='bbox 1207 3798 1365 3880; x_wconf 85' lang='lat' dir='ltr'><strong>tempora</strong></span> <span class='ocrx_word' id='word_1_452' title='bbox 1388 3791 1622 3866; x_wconf 87' lang='lat' dir='ltr'><strong>distribuebat</strong></span> <span class='ocrx_word' id='word_1_453' title='bbox 1645 3798 1886 3888; x_wconf 86' lang='lat' dir='ltr'><strong>precationum</strong></span> <span class='ocrx_word' id='word_1_454' title='bbox 1910 3797 2072 3891; x_wconf 87' lang='lat' dir='ltr'><strong>publica-</strong></span> 
     </span>
     <span class='ocr_line' id='line_1_36' title="bbox 56 3889 2074 3990; baseline 0 -22"><span class='ocrx_word' id='word_1_455' title='bbox 56 3909 137 3968; x_wconf 86' lang='lat' dir='ltr'><strong>rum</strong></span> <span class='ocrx_word' id='word_1_456' title='bbox 148 3890 312 3964; x_wconf 84' lang='lat' dir='ltr'><strong>narratio</strong></span> <span class='ocrx_word' id='word_1_457' title='bbox 326 3915 405 3962; x_wconf 92' lang='lat' dir='ltr'><strong>cnm</strong></span> <span class='ocrx_word' id='word_1_458' title='bbox 422 3905 628 3983; x_wconf 82' lang='lat' dir='ltr'><strong>congrueret</strong></span> <span class='ocrx_word' id='word_1_459' title='bbox 644 3916 723 3966; x_wconf 88' lang='lat' dir='ltr'><strong>cnm</strong></span> <span class='ocrx_word' id='word_1_460' title='bbox 749 3891 870 3962; x_wconf 91' lang='lat' dir='ltr'><strong>coloni</strong></span> <span class='ocrx_word' id='word_1_461' title='bbox 884 3912 1041 3962; x_wconf 89' lang='lat' dir='ltr'><strong>comme·</strong></span> <span class='ocrx_word' id='word_1_462' title='bbox 1092 3909 1173 3956; x_wconf 88' lang='lat' dir='ltr'><strong>rum</strong></span> <span class='ocrx_word' id='word_1_463' title='bbox 1185 3900 1225 3957; x_wconf 89' lang='lat' dir='ltr'><strong>et·</strong></span> <span class='ocrx_word' id='word_1_464' title='bbox 1236 3889 1520 3982; x_wconf 87' lang='lat' dir='ltr'><strong>domesticarum,</strong></span> <span class='ocrx_word' id='word_1_465' title='bbox 1539 3897 1730 3969; x_wconf 89' lang='lat' dir='ltr'><strong>lectionum</strong></span> <span class='ocrx_word' id='word_1_466' title='bbox 1746 3900 1972 3990; x_wconf 85' lang='lat' dir='ltr'><strong>privatarum,</strong></span> <span class='ocrx_word' id='word_1_467' title='bbox 1985 3921 2074 3972; x_wconf 71' lang='lat' dir='ltr'><strong>con-</strong></span> 
     </span>
     <span class='ocr_line' id='line_1_37' title="bbox 55 3987 2071 4088; baseline 0 -21"><span class='ocrx_word' id='word_1_468' title='bbox 55 3996 278 4074; x_wconf 84' lang='lat' dir='ltr'><strong>moratione,</strong></span> <span class='ocrx_word' id='word_1_469' title='bbox 302 3990 479 4084; x_wconf 85' lang='lat' dir='ltr'><strong>¹Princeps</strong></span> <span class='ocrx_word' id='word_1_470' title='bbox 507 3994 638 4074; x_wconf 88' lang='lat' dir='ltr'><strong>laetus,</strong></span> <span class='ocrx_word' id='word_1_471' title='bbox 669 3993 764 4088; x_wconf 87' lang='lat' dir='ltr'><strong>quod</strong></span> <span class='ocrx_word' id='word_1_472' title='bbox 788 3993 886 4063; x_wconf 92' lang='lat' dir='ltr'><strong>locus</strong></span> <span class='ocrx_word' id='word_1_473' title='bbox 911 3993 1041 4063; x_wconf 86' lang='lat' dir='ltr'><strong>natalis</strong></span> <span class='ocrx_word' id='word_1_474' title='bbox 1092 3987 1253 4056; x_wconf 84' lang='lat' dir='ltr'><strong>siliornm</strong></span> <span class='ocrx_word' id='word_1_475' title='bbox 1286 3992 1527 4080; x_wconf 88' lang='lat' dir='ltr'><strong>publicorum,</strong></span> <span class='ocrx_word' id='word_1_476' title='bbox 1566 4000 1816 4088; x_wconf 88' lang='lat' dir='ltr'><strong>prandiorum,</strong></span> <span class='ocrx_word' id='word_1_477' title='bbox 1859 4022 2071 4083; x_wconf 87' lang='lat' dir='ltr'><strong>coenarum,</strong></span> 
     </span>
     <span class='ocr_line' id='line_1_38' title="bbox 54 4088 2072 4189; baseline -0.001 -20"><span class='ocrx_word' id='word_1_478' title='bbox 54 4093 221 4169; x_wconf 81' lang='lat' dir='ltr'><strong>hotharii</strong></span> <span class='ocrx_word' id='word_1_479' title='bbox 232 4091 467 4185; x_wconf 85' lang='lat' dir='ltr'><strong>lmpcratoris</strong></span> <span class='ocrx_word' id='word_1_480' title='bbox 479 4093 649 4189; x_wconf 86' lang='lat' dir='ltr'><strong>sapientia</strong></span> <span class='ocrx_word' id='word_1_481' title='bbox 662 4106 698 4164; x_wconf 91' lang='lat' dir='ltr'><strong>et</strong></span> <span class='ocrx_word' id='word_1_482' title='bbox 713 4093 844 4165; x_wconf 84' lang='lat' dir='ltr'><strong>virtute</strong></span> <span class='ocrx_word' id='word_1_483' title='bbox 861 4107 1042 4186; x_wconf 82' lang='lat' dir='ltr'><strong>praestan·</strong></span> <span class='ocrx_word' id='word_1_484' title='bbox 1092 4088 1226 4174; x_wconf 90' lang='lat' dir='ltr'><strong>somni,</strong></span> <span class='ocrx_word' id='word_1_485' title='bbox 1251 4091 1492 4168; x_wconf 86' lang='lat' dir='ltr'><strong>venationum.</strong></span> <span class='ocrx_word' id='word_1_486' title='bbox 1520 4095 1715 4187; x_wconf 86' lang='lat' dir='ltr'><strong>Coniugem</strong></span> <span class='ocrx_word' id='word_1_487' title='bbox 1731 4094 1856 4172; x_wconf 88' lang='lat' dir='ltr'><strong>hahuit</strong></span> <span class='ocrx_word' id='word_1_488' title='bbox 1872 4089 2072 4170; x_wconf 82' lang='lat' dir='ltr'><strong>matronam</strong></span> 
     </span>
     <span class='ocr_line' id='line_1_39' title="bbox 55 4184 2073 4291; baseline 0 -22"><span class='ocrx_word' id='word_1_489' title='bbox 55 4198 99 4269; x_wconf 88' lang='lat' dir='ltr'><strong>tis</strong></span> <span class='ocrx_word' id='word_1_490' title='bbox 113 4197 188 4268; x_wconf 88' lang='lat' dir='ltr'><strong>sibi</strong></span> <span class='ocrx_word' id='word_1_491' title='bbox 200 4205 416 4266; x_wconf 88' lang='lat' dir='ltr'><strong>monstratus</strong></span> <span class='ocrx_word' id='word_1_492' title='bbox 431 4207 522 4280; x_wconf 87' lang='lat' dir='ltr'><strong>erat,</strong></span> <span class='ocrx_word' id='word_1_493' title='bbox 546 4207 581 4265; x_wconf 88' lang='lat' dir='ltr'><strong>et</strong></span> <span class='ocrx_word' id='word_1_494' title='bbox 601 4196 697 4288; x_wconf 88' lang='lat' dir='ltr'><strong>quod</strong></span> <span class='ocrx_word' id='word_1_495' title='bbox 712 4188 860 4272; x_wconf 60' lang='lat' dir='ltr'><strong>ffvicinus</strong></span> <span class='ocrx_word' id='word_1_496' title='bbox 872 4208 960 4265; x_wconf 87' lang='lat' dir='ltr'><strong>essct</strong></span> <span class='ocrx_word' id='word_1_497' title='bbox 976 4217 1040 4264; x_wconf 91' lang='lat' dir='ltr'><strong>suo</strong></span> <span class='ocrx_word' id='word_1_498' title='bbox 1092 4184 1385 4277; x_wconf 84' lang='lat' dir='ltr'><strong>honestissimam,</strong></span> <span class='ocrx_word' id='word_1_499' title='bbox 1409 4194 1518 4264; x_wconf 88' lang='lat' dir='ltr'><strong>tiliam</strong></span> <span class='ocrx_word' id='word_1_500' title='bbox 1533 4195 1956 4291; x_wconf 84' lang='lat' dir='ltr'><strong>DucisMcgalburgcnsis</strong></span> <span class='ocrx_word' id='word_1_501' title='bbox 1969 4197 2073 4269; x_wconf 82' lang='lat' dir='ltr'><strong>Hen-</strong></span> 
     </span>
     <span class='ocr_line' id='line_1_40' title="bbox 57 4289 2072 4384; baseline -0.001 -16"><span class='ocrx_word' id='word_1_502' title='bbox 57 4295 261 4380; x_wconf 87' lang='lat' dir='ltr'><strong>domicilio,</strong></span> <span class='ocrx_word' id='word_1_503' title='bbox 283 4315 403 4366; x_wconf 82' lang='lat' dir='ltr'><strong>severe</strong></span> <span class='ocrx_word' id='word_1_504' title='bbox 417 4290 570 4366; x_wconf 82' lang='lat' dir='ltr'><strong>iubetin</strong></span> <span class='ocrx_word' id='word_1_505' title='bbox 583 4295 687 4365; x_wconf 90' lang='lat' dir='ltr'><strong>libris</strong></span> <span class='ocrx_word' id='word_1_506' title='bbox 701 4291 920 4384; x_wconf 85' lang='lat' dir='ltr'><strong>Quaesturae</strong></span> <span class='ocrx_word' id='word_1_507' title='bbox 933 4294 1042 4366; x_wconf 85' lang='lat' dir='ltr'><strong>scribi</strong></span> <span class='ocrx_word' id='word_1_508' title='bbox 1091 4289 1176 4374; x_wconf 84' lang='lat' dir='ltr'><strong>rici,</strong></span> <span class='ocrx_word' id='word_1_509' title='bbox 1248 4290 1263 4357; x_wconf 89' lang='lat' dir='ltr'><strong>i</strong></span> <span class='ocrx_word' id='word_1_510' title='bbox 1290 4292 1460 4383; x_wconf 84' lang='lat' dir='ltr'><strong>sapientia</strong></span> <span class='ocrx_word' id='word_1_511' title='bbox 1481 4297 1666 4384; x_wconf 82' lang='lat' dir='ltr'><strong>excelluit,</strong></span> <span class='ocrx_word' id='word_1_512' title='bbox 1690 4311 1810 4370; x_wconf 88' lang='lat' dir='ltr'><strong>natam</strong></span> <span class='ocrx_word' id='word_1_513' title='bbox 1833 4325 1875 4370; x_wconf 85' lang='lat' dir='ltr'><strong>cx</strong></span> <span class='ocrx_word' id='word_1_514' title='bbox 1897 4299 1967 4376; x_wconf 90' lang='lat' dir='ltr'><strong>lilia</strong></span> <span class='ocrx_word' id='word_1_515' title='bbox 1981 4293 2072 4367; x_wconf 90' lang='lat' dir='ltr'><strong>Phi·</strong></span> 
     </span>
     <span class='ocr_line' id='line_1_41' title="bbox 56 4315 2071 4492; baseline -0.002 -22"><span class='ocrx_word' id='word_1_516' title='bbox 56 4413 166 4470; x_wconf 85' lang='lat' dir='ltr'><strong>totam</strong></span> <span class='ocrx_word' id='word_1_517' title='bbox 182 4392 275 4466; x_wconf 90' lang='lat' dir='ltr'><strong>hanc</strong></span> <span class='ocrx_word' id='word_1_518' title='bbox 291 4395 546 4477; x_wconf 87' lang='lat' dir='ltr'><strong>narrationem,</strong></span> <span class='ocrx_word' id='word_1_519' title='bbox 573 4408 608 4466; x_wconf 92' lang='lat' dir='ltr'><strong>et</strong></span> <span class='ocrx_word' id='word_1_520' title='bbox 622 4395 734 4481; x_wconf 91' lang='lat' dir='ltr'><strong>addit,</strong></span> <span class='ocrx_word' id='word_1_521' title='bbox 754 4417 793 4465; x_wconf 90' lang='lat' dir='ltr'><strong>se</strong></span> <span class='ocrx_word' id='word_1_522' title='bbox 809 4395 918 4481; x_wconf 90' lang='lat' dir='ltr'><strong>velle,</strong></span> <span class='ocrx_word' id='word_1_523' title='bbox 940 4406 981 4466; x_wconf 91' lang='lat' dir='ltr'><strong>ut</strong></span> <span class='ocrx_word' id='word_1_524' title='bbox 995 4395 1040 4464; x_wconf 87' lang='lat' dir='ltr'><strong>ad</strong></span> <span class='ocrx_word' id='word_1_525' title='bbox 1091 4388 1179 4480; x_wconf 91' lang='lat' dir='ltr'><strong>lippi</strong></span> <span class='ocrx_word' id='word_1_526' title='bbox 1196 4315 1349 4460; x_wconf 55' lang='lat' dir='ltr'><strong>gaitanus</strong></span> <span class='ocrx_word' id='word_1_527' title='bbox 1368 4389 1556 4471; x_wconf 81' lang='lat' dir='ltr'><strong>Electoris.</strong></span> <span class='ocrx_word' id='word_1_528' title='bbox 1580 4483 1583 4492; x_wconf 20' lang='lat'><strong>³</strong></span> <span class='ocrx_word' id='word_1_529' title='bbox 1607 4396 1763 4492; x_wconf 85' lang='lat' dir='ltr'><strong>Fuitque</strong></span> <span class='ocrx_word' id='word_1_530' title='bbox 1783 4399 1987 4489; x_wconf 84' lang='lat' dir='ltr'><strong>coniugium</strong></span> <span class='ocrx_word' id='word_1_531' title='bbox 2009 4419 2071 4466; x_wconf 90' lang='lat' dir='ltr'><strong>ca·</strong></span> 
     </span>
     <span class='ocr_line' id='line_1_42' title="bbox 57 4491 2150 4593; baseline -0.003 -23"><span class='ocrx_word' id='word_1_532' title='bbox 57 4516 201 4570; x_wconf 87' lang='lat' dir='ltr'><strong>omnem</strong></span> <span class='ocrx_word' id='word_1_533' title='bbox 216 4495 456 4589; x_wconf 85' lang='lat' dir='ltr'><strong>posteritatem</strong></span> <span class='ocrx_word' id='word_1_534' title='bbox 469 4491 735 4568; x_wconf 84' lang='lat' dir='ltr'><strong>hiciundussit</strong></span> <span class='ocrx_word' id='word_1_535' title='bbox 753 4495 935 4580; x_wconf 89' lang='lat' dir='ltr'><strong>immunis,</strong></span> <span class='ocrx_word' id='word_1_536' title='bbox 955 4494 1039 4588; x_wconf 88' lang='lat' dir='ltr'><strong>quia</strong></span> <span class='ocrx_word' id='word_1_537' title='bbox 1091 4503 1206 4573; x_wconf 70' lang='lat' dir='ltr'><strong>mum,</strong></span> <span class='ocrx_word' id='word_1_538' title='bbox 1235 4491 1356 4572; x_wconf 88' lang='lat' dir='ltr'><strong>dulce,</strong></span> <span class='ocrx_word' id='word_1_539' title='bbox 1386 4495 1620 4583; x_wconf 78' lang='lat' dir='ltr'><strong>foecundum,</strong></span> <span class='ocrx_word' id='word_1_540' title='bbox 1649 4512 1684 4568; x_wconf 90' lang='lat' dir='ltr'><strong>et</strong></span> <span class='ocrx_word' id='word_1_541' title='bbox 1697 4499 1790 4569; x_wconf 90' lang='lat' dir='ltr'><strong>lilios</strong></span> <span class='ocrx_word' id='word_1_542' title='bbox 1811 4513 1846 4571; x_wconf 90' lang='lat' dir='ltr'><strong>et</strong></span> <span class='ocrx_word' id='word_1_543' title='bbox 1866 4499 1957 4569; x_wconf 82' lang='lat' dir='ltr'><strong>filias</strong></span> <span class='ocrx_word' id='word_1_544' title='bbox 1976 4510 2099 4593; x_wconf 13' lang='lat' dir='ltr'><strong>recte*-</strong></span> <span class='ocrx_word' id='word_1_545' title='bbox 2134 4526 2150 4550; x_wconf 60' lang='grc'><strong>»-</strong></span> 
     </span>
     <span class='ocr_line' id='line_1_43' title="bbox 59 4587 2069 4688; baseline -0.002 -18"><span class='ocrx_word' id='word_1_546' title='bbox 59 4601 102 4673; x_wconf 86' lang='lat' dir='ltr'><strong>sit</strong></span> <span class='ocrx_word' id='word_1_547' title='bbox 123 4602 226 4670; x_wconf 88' lang='lat' dir='ltr'><strong>locus</strong></span> <span class='ocrx_word' id='word_1_548' title='bbox 248 4597 376 4668; x_wconf 86' lang='lat' dir='ltr'><strong>natalis</strong></span> <span class='ocrx_word' id='word_1_549' title='bbox 392 4592 809 4688; x_wconf 83' lang='lat' dir='ltr'><strong>Lothariilmperatoris.</strong></span> <span class='ocrx_word' id='word_1_550' title='bbox 861 4591 1040 4667; x_wconf 90' lang='lat' dir='ltr'><strong>Colonum</strong></span> <span class='ocrx_word' id='word_1_551' title='bbox 1090 4589 1223 4660; x_wconf 88' lang='lat' dir='ltr'><strong>erudiri</strong></span> <span class='ocrx_word' id='word_1_552' title='bbox 1247 4591 1291 4660; x_wconf 92' lang='lat' dir='ltr'><strong>de</strong></span> <span class='ocrx_word' id='word_1_553' title='bbox 1314 4587 1418 4677; x_wconf 64' lang='lat' dir='ltr'><strong>Deo,</strong></span> <span class='ocrx_word' id='word_1_554' title='bbox 1440 4608 1476 4665; x_wconf 90' lang='lat' dir='ltr'><strong>et</strong></span> <span class='ocrx_word' id='word_1_555' title='bbox 1497 4598 1542 4666; x_wconf 90' lang='lat' dir='ltr'><strong>de</strong></span> <span class='ocrx_word' id='word_1_556' title='bbox 1566 4599 1733 4670; x_wconf 89' lang='lat' dir='ltr'><strong>omnibus</strong></span> <span class='ocrx_word' id='word_1_557' title='bbox 1763 4596 1922 4670; x_wconf 86' lang='lat' dir='ltr'><strong>honestis</strong></span> <span class='ocrx_word' id='word_1_558' title='bbox 1942 4597 2069 4668; x_wconf 85' lang='lat' dir='ltr'><strong>ciliciis</strong></span> 
     </span>
     <span class='ocr_line' id='line_1_44' title="bbox 58 4693 2068 4792; baseline -0.002 -20"><span class='ocrx_word' id='word_1_559' title='bbox 58 4703 164 4772; x_wconf 66' lang='lat' dir='ltr'><strong>mam</strong></span> <span class='ocrx_word' id='word_1_560' title='bbox 178 4699 279 4769; x_wconf 88' lang='lat' dir='ltr'><strong>iubet</strong></span> <span class='ocrx_word' id='word_1_561' title='bbox 293 4719 409 4768; x_wconf 85' lang='lat' dir='ltr'><strong>secum</strong></span> <span class='ocrx_word' id='word_1_562' title='bbox 423 4699 619 4788; x_wconf 88' lang='lat' dir='ltr'><strong>prandere,</strong></span> <span class='ocrx_word' id='word_1_563' title='bbox 648 4713 682 4770; x_wconf 89' lang='lat' dir='ltr'><strong>et</strong></span> <span class='ocrx_word' id='word_1_564' title='bbox 696 4693 878 4783; x_wconf 88' lang='lat' dir='ltr'><strong>hortatur,</strong></span> <span class='ocrx_word' id='word_1_565' title='bbox 902 4708 943 4767; x_wconf 92' lang='lat' dir='ltr'><strong>nt</strong></span> <span class='ocrx_word' id='word_1_566' title='bbox 959 4719 1041 4766; x_wconf 89' lang='lat' dir='ltr'><strong>cum</strong></span> <span class='ocrx_word' id='word_1_567' title='bbox 1072 4714 1074 4720; x_wconf 80' lang='grc'><strong>’</strong></span> <span class='ocrx_word' id='word_1_568' title='bbox 1089 4703 1189 4782; x_wconf 87' lang='lat' dir='ltr'><strong>pater</strong></span> <span class='ocrx_word' id='word_1_569' title='bbox 1202 4702 1236 4761; x_wconf 90' lang='lat' dir='ltr'><strong>et</strong></span> <span class='ocrx_word' id='word_1_570' title='bbox 1248 4703 1365 4790; x_wconf 12' lang='lat' dir='ltr'><strong>‘mater</strong></span> <span class='ocrx_word' id='word_1_571' title='bbox 1375 4711 1599 4777; x_wconf 75' lang='lat' dir='ltr'><strong>mutaverunt,</strong></span> <span class='ocrx_word' id='word_1_572' title='bbox 1615 4699 1776 4792; x_wconf 80' lang='lat' dir='ltr'><strong>quotidie</strong></span> <span class='ocrx_word' id='word_1_573' title='bbox 1788 4700 1892 4770; x_wconf 87' lang='lat' dir='ltr'><strong>etiam</strong></span> <span class='ocrx_word' id='word_1_574' title='bbox 1908 4699 1953 4767; x_wconf 90' lang='lat' dir='ltr'><strong>ad</strong></span> <span class='ocrx_word' id='word_1_575' title='bbox 1966 4721 2068 4768; x_wconf 87' lang='lat' dir='ltr'><strong>men·</strong></span> 
     </span>
     <span class='ocr_line' id='line_1_45' title="bbox 59 4789 2067 4892; baseline -0.002 -20"><span class='ocrx_word' id='word_1_576' title='bbox 59 4799 281 4892; x_wconf 86' lang='lat' dir='ltr'><strong>cognationis</strong></span> <span class='ocrx_word' id='word_1_577' title='bbox 295 4798 514 4868; x_wconf 85' lang='lat' dir='ltr'><strong>mentionem</strong></span> <span class='ocrx_word' id='word_1_578' title='bbox 530 4799 662 4884; x_wconf 86' lang='lat' dir='ltr'><strong>iecerit,</strong></span> <span class='ocrx_word' id='word_1_579' title='bbox 685 4799 777 4868; x_wconf 87' lang='lat' dir='ltr'><strong>lilios</strong></span> <span class='ocrx_word' id='word_1_580' title='bbox 791 4811 886 4870; x_wconf 90' lang='lat' dir='ltr'><strong>recte</strong></span> <span class='ocrx_word' id='word_1_581' title='bbox 901 4798 1040 4869; x_wconf 86' lang='lat' dir='ltr'><strong>erudiat</strong></span> <span class='ocrx_word' id='word_1_582' title='bbox 1090 4813 1164 4862; x_wconf 88' lang='lat' dir='ltr'><strong>sam</strong></span> <span class='ocrx_word' id='word_1_583' title='bbox 1185 4789 1251 4860; x_wconf 85' lang='lat' dir='ltr'><strong>iiiii</strong></span> <span class='ocrx_word' id='word_1_584' title='bbox 1275 4805 1308 4863; x_wconf 92' lang='lat' dir='ltr'><strong>et</strong></span> <span class='ocrx_word' id='word_1_585' title='bbox 1325 4793 1418 4863; x_wconf 75' lang='lat' dir='ltr'><strong>attae</strong></span> <span class='ocrx_word' id='word_1_586' title='bbox 1431 4819 1516 4865; x_wconf 82' lang='lat' dir='ltr'><strong>cum</strong></span> <span class='ocrx_word' id='word_1_587' title='bbox 1527 4800 1732 4890; x_wconf 83' lang='lat' dir='ltr'><strong>parentibus</strong></span> <span class='ocrx_word' id='word_1_588' title='bbox 1745 4799 1964 4892; x_wconf 87' lang='lat' dir='ltr'><strong>precationes</strong></span> <span class='ocrx_word' id='word_1_589' title='bbox 1977 4799 2067 4868; x_wconf 86' lang='lat' dir='ltr'><strong>reci·</strong></span> 
     </span>
     <span class='ocr_line' id='line_1_46' title="bbox 58 4891 2070 4989; baseline -0.002 -18"><span class='ocrx_word' id='word_1_590' title='bbox 58 4901 192 4973; x_wconf 87' lang='lat' dir='ltr'><strong>cheo</strong></span> <span class='ocrx_word' id='word_1_591' title='bbox 210 4913 246 4970; x_wconf 86' lang='lat' dir='ltr'><strong>et</strong></span> <span class='ocrx_word' id='word_1_592' title='bbox 268 4899 433 4970; x_wconf 87' lang='lat' dir='ltr'><strong>debonis</strong></span> <span class='ocrx_word' id='word_1_593' title='bbox 448 4899 625 4986; x_wconf 87' lang='lat' dir='ltr'><strong>moribus,</strong></span> <span class='ocrx_word' id='word_1_594' title='bbox 656 4911 691 4971; x_wconf 89' lang='lat' dir='ltr'><strong>et</strong></span> <span class='ocrx_word' id='word_1_595' title='bbox 712 4921 772 4970; x_wconf 90' lang='lat' dir='ltr'><strong>eos</strong></span> <span class='ocrx_word' id='word_1_596' title='bbox 795 4899 840 4968; x_wconf 92' lang='lat' dir='ltr'><strong>ad</strong></span> <span class='ocrx_word' id='word_1_597' title='bbox 871 4899 1038 4970; x_wconf 87' lang='lat' dir='ltr'><strong>virtutem</strong></span> <span class='ocrx_word' id='word_1_598' title='bbox 1089 4903 1220 4966; x_wconf 74' lang='lat' dir='ltr'><strong>terunt</strong></span> <span class='ocrx_word' id='word_1_599' title='bbox 1257 4891 1529 4986; x_wconf 87' lang='lat' dir='ltr'><strong>Praeceptorum</strong></span> <span class='ocrx_word' id='word_1_600' title='bbox 1544 4899 1628 4968; x_wconf 86' lang='lat' dir='ltr'><strong>filiis</strong></span> <span class='ocrx_word' id='word_1_601' title='bbox 1648 4913 1750 4989; x_wconf 86' lang='lat' dir='ltr'><strong>pater</strong></span> <span class='ocrx_word' id='word_1_602' title='bbox 1762 4900 1860 4969; x_wconf 83' lang='lat' dir='ltr'><strong>dedit</strong></span> <span class='ocrx_word' id='word_1_603' title='bbox 1872 4898 1991 4969; x_wconf 73' lang='lat' dir='ltr'><strong>tirum</strong></span> <span class='ocrx_word' id='word_1_604' title='bbox 2009 4899 2070 4967; x_wconf 78' lang='lat' dir='ltr'><strong>in-</strong></span> 
     </span>
     <span class='ocr_line' id='line_1_47' title="bbox 60 4992 2071 5093; baseline -0.002 -21"><span class='ocrx_word' id='word_1_605' title='bbox 60 4999 289 5086; x_wconf 85' lang='lat' dir='ltr'><strong>adsueiaciat,</strong></span> <span class='ocrx_word' id='word_1_606' title='bbox 314 5012 350 5072; x_wconf 89' lang='lat' dir='ltr'><strong>ct</strong></span> <span class='ocrx_word' id='word_1_607' title='bbox 373 5001 488 5072; x_wconf 87' lang='lat' dir='ltr'><strong>tradat</strong></span> <span class='ocrx_word' id='word_1_608' title='bbox 513 5001 665 5071; x_wconf 88' lang='lat' dir='ltr'><strong>fundum</strong></span> <span class='ocrx_word' id='word_1_609' title='bbox 687 4997 835 5091; x_wconf 86' lang='lat' dir='ltr'><strong>posteris</strong></span> <span class='ocrx_word' id='word_1_610' title='bbox 855 5001 1040 5086; x_wconf 86' lang='lat' dir='ltr'><strong>tuendum,</strong></span> <span class='ocrx_word' id='word_1_611' title='bbox 1089 5007 1244 5085; x_wconf 83' lang='lat' dir='ltr'><strong>tegrntst,</strong></span> <span class='ocrx_word' id='word_1_612' title='bbox 1272 4992 1507 5068; x_wconf 80' lang='lat' dir='ltr'><strong>Guilielmn‘m</strong></span> <span class='ocrx_word' id='word_1_613' title='bbox 1527 4995 1730 5087; x_wconf 84' lang='lat' dir='ltr'><strong>Megalum,</strong></span> <span class='ocrx_word' id='word_1_614' title='bbox 1754 5021 1859 5093; x_wconf 82' lang='lat' dir='ltr'><strong>quem</strong></span> <span class='ocrx_word' id='word_1_615' title='bbox 1881 4999 2071 5069; x_wconf 82' lang='lat' dir='ltr'><strong>familiari-</strong></span> 
     </span>
     <span class='ocr_line' id='line_1_48' title="bbox 59 5091 2068 5198; baseline -0.002 -26"><span class='ocrx_word' id='word_1_616' title='bbox 59 5125 94 5173; x_wconf 87' lang='lat' dir='ltr'><strong>se</strong></span> <span class='ocrx_word' id='word_1_617' title='bbox 107 5125 250 5198; x_wconf 81' lang='lat' dir='ltr'><strong>quoque</strong></span> <span class='ocrx_word' id='word_1_618' title='bbox 261 5101 293 5171; x_wconf 90' lang='lat' dir='ltr'><strong>si</strong></span> <span class='ocrx_word' id='word_1_619' title='bbox 307 5101 386 5195; x_wconf 88' lang='lat' dir='ltr'><strong>quis</strong></span> <span class='ocrx_word' id='word_1_620' title='bbox 403 5123 444 5171; x_wconf 85' lang='lat' dir='ltr'><strong>er</strong></span> <span class='ocrx_word' id='word_1_621' title='bbox 456 5100 539 5171; x_wconf 86' lang='lat' dir='ltr'><strong>liliis</strong></span> <span class='ocrx_word' id='word_1_622' title='bbox 555 5101 664 5172; x_wconf 88' lang='lat' dir='ltr'><strong>discet</strong></span> <span class='ocrx_word' id='word_1_623' title='bbox 677 5101 815 5186; x_wconf 87' lang='lat' dir='ltr'><strong>literas,</strong></span> <span class='ocrx_word' id='word_1_624' title='bbox 840 5099 873 5168; x_wconf 90' lang='lat' dir='ltr'><strong>ei</strong></span> <span class='ocrx_word' id='word_1_625' title='bbox 886 5122 962 5169; x_wconf 89' lang='lat' dir='ltr'><strong>nnn</strong></span> <span class='ocrx_word' id='word_1_626' title='bbox 977 5101 1041 5169; x_wconf 66' lang='lat' dir='ltr'><strong>de*</strong></span> <span class='ocrx_word' id='word_1_627' title='bbox 1089 5111 1144 5168; x_wconf 87' lang='lat' dir='ltr'><strong>ter</strong></span> <span class='ocrx_word' id='word_1_628' title='bbox 1156 5095 1288 5164; x_wconf 88' lang='lat' dir='ltr'><strong>emdiit</strong></span> <span class='ocrx_word' id='word_1_629' title='bbox 1299 5091 1501 5166; x_wconf 85' lang='lat' dir='ltr'><strong>Inachimus</strong></span> <span class='ocrx_word' id='word_1_630' title='bbox 1517 5097 1752 5185; x_wconf 85' lang='lat' dir='ltr'><strong>Camerarius,</strong></span> <span class='ocrx_word' id='word_1_631' title='bbox 1773 5101 1873 5171; x_wconf 88' lang='lat' dir='ltr'><strong>cuius</strong></span> <span class='ocrx_word' id='word_1_632' title='bbox 1888 5113 1939 5170; x_wconf 91' lang='lat' dir='ltr'><strong>est</strong></span> <span class='ocrx_word' id='word_1_633' title='bbox 1953 5091 2068 5172; x_wconf 80' lang='lat' dir='ltr'><strong>excel-</strong></span> 
     </span>
     <span class='ocr_line' id='line_1_49' title="bbox 58 5195 2068 5294; baseline -0.003 -20"><span class='ocrx_word' id='word_1_634' title='bbox 58 5204 220 5276; x_wconf 82' lang='lat' dir='ltr'><strong>tutorum</strong></span> <span class='ocrx_word' id='word_1_635' title='bbox 236 5224 310 5272; x_wconf 87' lang='lat' dir='ltr'><strong>esse</strong></span> <span class='ocrx_word' id='word_1_636' title='bbox 324 5203 500 5273; x_wconf 84' lang='lat' dir='ltr'><strong>adfirmat.</strong></span> <span class='ocrx_word' id='word_1_637' title='bbox 537 5199 678 5272; x_wconf 88' lang='lat' dir='ltr'><strong>Deinde</strong></span> <span class='ocrx_word' id='word_1_638' title='bbox 694 5200 888 5272; x_wconf 86' lang='lat' dir='ltr'><strong>discedenti</strong></span> <span class='ocrx_word' id='word_1_639' title='bbox 910 5200 1038 5270; x_wconf 90' lang='lat' dir='ltr'><strong>colono</strong></span> <span class='ocrx_word' id='word_1_640' title='bbox 1088 5199 1165 5267; x_wconf 91' lang='lat' dir='ltr'><strong>lens</strong></span> <span class='ocrx_word' id='word_1_641' title='bbox 1195 5196 1368 5283; x_wconf 70' lang='lat' dir='ltr'><strong>enutio,</strong></span> <span class='ocrx_word' id='word_1_642' title='bbox 1410 5197 1580 5289; x_wconf 82' lang='lat' dir='ltr'><strong>sapientis</strong></span> <span class='ocrx_word' id='word_1_643' title='bbox 1609 5205 1655 5272; x_wconf 77' lang='lat' dir='ltr'><strong>ct‘</strong></span> <span class='ocrx_word' id='word_1_644' title='bbox 1673 5195 1858 5294; x_wconf 84' lang='lat' dir='ltr'><strong>integritas</strong></span> <span class='ocrx_word' id='word_1_645' title='bbox 1878 5201 1918 5271; x_wconf 89' lang='lat' dir='ltr'><strong>in</strong></span> <span class='ocrx_word' id='word_1_646' title='bbox 1943 5200 2068 5285; x_wconf 86' lang='lat' dir='ltr'><strong>omnio</strong></span> 
     </span>
     <span class='ocr_line' id='line_1_50' title="bbox 58 5290 1683 5395; baseline -0.002 -24"><span class='ocrx_word' id='word_1_647' title='bbox 58 5301 156 5374; x_wconf 83' lang='lat' dir='ltr'><strong>iubet</strong></span> <span class='ocrx_word' id='word_1_648' title='bbox 179 5305 256 5374; x_wconf 88' lang='lat' dir='ltr'><strong>dari</strong></span> <span class='ocrx_word' id='word_1_649' title='bbox 282 5325 419 5395; x_wconf 84' lang='lat' dir='ltr'><strong>pannos</strong></span> <span class='ocrx_word' id='word_1_650' title='bbox 448 5304 492 5372; x_wconf 88' lang='lat' dir='ltr'><strong>ad</strong></span> <span class='ocrx_word' id='word_1_651' title='bbox 525 5302 726 5372; x_wconf 85' lang='lat' dir='ltr'><strong>vestiendos</strong></span> <span class='ocrx_word' id='word_1_652' title='bbox 750 5303 843 5372; x_wconf 84' lang='lat' dir='ltr'><strong>lilios</strong></span> <span class='ocrx_word' id='word_1_653' title='bbox 873 5315 907 5372; x_wconf 90' lang='lat' dir='ltr'><strong>et</strong></span> <span class='ocrx_word' id='word_1_654' title='bbox 932 5300 1036 5371; x_wconf 86' lang='lat' dir='ltr'><strong>filias.</strong></span> <span class='ocrx_word' id='word_1_655' title='bbox 1088 5299 1217 5370; x_wconf 79' lang='lat' dir='ltr'><strong>officio.</strong></span> <span class='ocrx_word' id='word_1_656' title='bbox 1629 5290 1683 5386; x_wconf 42' lang='lat' dir='ltr'><strong>R„</strong></span> 
     </span>
     <span class='ocr_line' id='line_1_51' title="bbox 60 5398 1037 5496; baseline -0.001 -22"><span class='ocrx_word' id='word_1_657' title='bbox 60 5402 256 5474; x_wconf 73' lang='lat' dir='ltr'><strong>hisaltae-nm</strong></span> <span class='ocrx_word' id='word_1_658' title='bbox 272 5406 445 5477; x_wconf 82' lang='lat' dir='ltr'><strong>uirtutum</strong></span> <span class='ocrx_word' id='word_1_659' title='bbox 461 5406 501 5473; x_wconf 90' lang='lat' dir='ltr'><strong>in</strong></span> <span class='ocrx_word' id='word_1_660' title='bbox 516 5398 584 5474; x_wconf 90' lang='lat' dir='ltr'><strong>hoc</strong></span> <span class='ocrx_word' id='word_1_661' title='bbox 600 5405 758 5496; x_wconf 79' lang='lat' dir='ltr'><strong>exemplo</strong></span> <span class='ocrx_word' id='word_1_662' title='bbox 774 5403 872 5494; x_wconf 89' lang='lat' dir='ltr'><strong>signa</strong></span> <span class='ocrx_word' id='word_1_663' title='bbox 895 5402 1037 5494; x_wconf 59' lang='lat' dir='ltr'><strong>conspie</strong></span> 
     </span>
    </p>
   </div>
   <div class='ocr_carea' id='block_1_3' title="bbox 0 0 2352 5815">
    <p class='ocr_par' dir='ltr' id='par_1_3' title="bbox 0 0 2352 5815">
     <span class='ocr_line' id='line_1_52' title="bbox 0 0 2352 5815; baseline 0 0"><span class='ocrx_word' id='word_1_664' title='bbox 0 0 2352 5815; x_wconf 95' lang='lat' dir='ltr'><strong> </strong></span> 
     </span>
    </p>
   </div>
  </div>
 </body>
</html>
