4604 5804
61 279 134 358 no
754 277 785 362 1.
836 251 1445 360 canomcoacmtoms'
2020 281 2096 362 roo

61 448 1055 654 myi‘ffissiaffii'ia,
1102 449 1211 624 {32:⁸5
1223 439 2095 646 Disststlfflttttbttattil‘it

61 661 178 732 lanera
200 658 319 730 edidit
332 660 534 746 decretum,
559 685 630 756 quo
645 659 816 732 coacessit
835 655 976 732 ludaeis
994 680 1054 728 re·
1103 651 1216 748 ipsius
1238 652 1439 748 auditores,
1470 655 1533 752 qui
1557 657 1735 748 professus
1763 670 1815 730 est
1833 657 2033 730 doctrinam
2052 657 2093 730 in

60 760 173 834 ditum
195 758 238 830 in
264 759 436 853 patriam,
461 774 496 834 et
513 762 612 834 dedit
632 763 798 836 mandata
813 764 858 834 de
872 760 1054 834 instaura·
1102 753 1205 826 libris
1217 749 1480 852 Prophetarum
1494 757 1682 846 traditam,
1702 771 1737 831 ιι
1756 753 1850 832 hatte
1868 758 1917 832 iia
1933 760 2093 834 illustra-
2178 831 2183 844 ,

63 863 158 938 tione
184 861 339 955 templi,
361 875 397 934 et
416 863 581 936 sttribuit
601 863 751 937 reditus.
801 861 957 958 Fuitqne
981 863 1054 932 dux
1101 856 1172 944 vit,
1204 869 1341 930 utnon
1371 857 1489 930 solum
1513 859 1659 946 dixerit,
1691 859 1796 956 quale
1816 863 1977 934 faturum
2002 876 2094 935 essct

60 962 183 1058 populi
215 961 432 1036 ludaeorum
455 964 674 1053 zorobabel,
702 987 815 1057 nepos
837 965 929 1056 regis
954 961 1052 1034 ieco-
1102 980 1250 1048 regnum
1267 956 1439 1047 Messiac,
1465 973 1500 1030 et
1511 985 1603 1058 quae
1616 962 1798 1050 beneficia,
1823 965 1885 1034 sed
1900 964 2006 1034 mam
2020 987 2092 1034 nu-

61 1066 148 1138 niac.
191 1061 374 1159 Deinceps
386 1065 483 1138 enim
507 1067 585 1138 sine
605 1067 703 1160 regio
723 1065 874 1139 aomina
888 1067 995 1138 duces
1010 1089 1053 1136 ex
1100 1083 1241 1130 mamm
1263 1083 1450 1132 annorum
1479 1063 1668 1154 expressit,
1708 1065 1803 1136 intra
1826 1087 1916 1160 quos
1941 1062 2092 1138 Messias

61 1167 167 1259 stirps
186 1162 314 1240 David
335 1167 469 1263 populo
493 1166 706 1243 ludaeorum
734 1171 983 1262 praefixerunt,
1015 1178 1053 1237 ct
1101 1185 1166 1254 pro
1189 1183 1318 1252 genme
1341 1156 1500 1234 humano
1525 1164 1667 1236 iuturus
1689 1179 1764 1239 erat
1785 1167 1944 1244 victima.
1991 1163 2091 1240 Haec
2176 1229 2179 1236 ,

61 1269 126 1340 tots
145 1289 315 1340 masas
336 1269 498 1342 sacerdos
514 1267 630 1358 lesus,
654 1272 749 1342 lilius
765 1269 932 1360 iosedek,
972 1266 1051 1340 Hos
1101 1264 1226 1335 concio
1248 1262 1475 1358 praecipuam
1495 1261 1684 1358 Evangelii
1705 1267 1905 1342 doctrinam
1932 1269 2090 1364 comple·

62 1370 147 1441 duos
164 1369 339 1442 domares
359 1391 488 1462 magna
510 1373 701 1446 multitudo
724 1373 890 1445 comitata
915 1383 987 1456 est,
1008 1381 1051 1441 ut
1101 1363 1220 1438 ctitur.

60 1469 229 1564 scriptum
252 1481 308 1544 est
328 1471 368 1542 in
391 1473 486 1545 libro
500 1470 646 1548 Esdrae.
697 1473 752 1546 Hi
771 1473 904 1546 reversi
924 1471 966 1542 in
988 1467 1050 1541 lu·
1202 1463 1256 1538 Ac
1280 1467 1384 1538 valde
1407 1469 1552 1560 prodest
1571 1471 1741 1544 omnibus
1764 1465 1975 1545 hominibus
1995 1464 2090 1544 hanc

62 1571 180 1644 ᾶιιιω
195 1593 327 1644 rnrsas
346 1575 501 1646 madere
517 1578 643 1648 urbem
658 1574 909 1672 lerosolymam
925 1596 1051 1667 coepe-
1101 1565 1212 1660 ipsam
1236 1569 1445 1644 concionem
1468 1571 1691 1644 notissimam
1713 1595 1809 1660 esse,
1833 1595 1925 1670 quse
1941 1571 2090 1668 quidem

62 1686 163 1760 runt,
188 1685 228 1745 ot
248 1673 480 1748 fundamenta
501 1679 624 1770 tempti
647 1677 816 1750 iecerunt.
1100 1681 1136 1740 et
1156 1669 1340 1762 perspicue
1361 1672 1491 1744 refutat
1505 1669 1668 1747 ludaeos.
1717 1673 1814 1766 Quia
1828 1699 1910 1747 enm
1925 1674 2089 1759 affimat,

154 1771 260 1846 Hace
289 1774 479 1850 laetissima
507 1779 612 1852 initia
640 1781 780 1853 turbata
808 1789 893 1851 sunt
921 1775 1050 1870 partim
1099 1781 1215 1842 stante
1244 1771 1369 1864 politia
1398 1769 1556 1846 Massica
1582 1790 1774 1849 venturum
1803 1797 1878 1848 esse
1907 1773 2088 1862 Massiena,

62 1873 228 1946 avicinis
260 1872 514 1965 samaritanis,
545 1881 675 1972 partim
706 1880 832 1953 aulicis
853 1877 1051 1954 calumniis.
1100 1894 1176 1942 non
1189 1871 1340 1944 dubium
1354 1875 1426 1962 est,
1450 1899 1568 1948 errare
1582 1873 1752 1965 ludaeos,
1771 1877 2010 1973 qainondam
2026 1900 2088 1947 ve-
2243 1921 2246 1926 -

62 1970 147 2047 Cum
167 1976 271 2048 enim
288 1990 388 2070 pater
399 1975 515 2076 Cyrus
529 1982 663 2053 bellum
686 1981 855 2054 adversas
870 1977 1051 2071 Massaga·
1099 1973 1193 2044 nisse
1204 1969 1374 2050 Messium
1389 1975 1641 2054 vociferantur.
1691 1978 1805 2072 Saepe
1819 1979 1929 2072 igitar
1948 1980 2088 2070 legatur

63 2085 110 2146 tas
123 2089 283 2166 gereret,
305 2091 341 2151 st
355 2075 547 2176 Cambyses
561 2083 660 2155 domi
676 2097 859 2176 regnaret,
886 2077 1049 2154 inchoata
1099 2087 1206 2168 caput
1221 2098 1359 2148 nonum
1366 2075 1540 2168 Danielis,
1555 2079 1619 2152 ubi
1633 2081 1804 2174 scriptum
1817 2095 1885 2154 cst:
1910 2078 2088 2172 „Septua-

64 2177 257 2252 aedifieatio
282 2180 408 2274 templi
436 2183 552 2254 edicto
578 2179 763 2280 Cambysis
785 2177 965 2278 prohibita
987 2197 1050 2260 est.
1098 2176 1197 2268 ginta
1218 2171 1460 2252 hebdomades
1484 2180 1644 2256 donne
1666 2197 1751 2256 sant
1777 2205 1885 2277 super
1910 2183 2087 2276 populum

64 2271 108 2350 lit
123 2292 406 2352 masentaaeom
428 2297 498 2371 est,
531 2277 802 2359 caldmniatores
820 2287 860 2358 in
882 2285 963 2358 aula
983 2279 1050 2356 hae
1099 2293 1221 2365 tuum,
1246 2291 1282 2352 et
1295 2301 1402 2374 super
1420 2283 1545 2354 urbem
1566 2297 1723 2356 sanctam
1740 2297 1858 2373 tuam,
1880 2298 1924 2357 ut
1939 2283 2087 2354 liniatur

65 2400 141 2452 usos
159 2403 238 2454 esse
260 2383 465 2472 arestone,
498 2387 595 2478 qnod
617 2409 699 2460 cum
721 2389 856 2461 bellum
885 2387 1050 2458 illaturus
1099 2380 1366 2475 praevaricatio,
1386 2383 1642 2475 atobaissnetut
1657 2400 1851 2478 peceatum,
1876 2399 1910 2458 et
1924 2385 1987 2458 fiat
2000 2408 2087 2480 pro-

64 2479 554 2582 eotcmaysoaegyputo
578 2489 795 2582 disputatum
811 2503 873 2578 est,
898 2487 1050 2561 ludaeos
1099 2480 1243 2576 piciatio
1257 2505 1323 2574 pro
1338 2498 1501 2576 peccato,
1526 2499 1560 2558 et
1575 2485 1775 2560 adducatur
1794 2487 1934 2560 iusticia
1955 2487 2091 2578 sempi-

65 2601 102 2652 ex
115 2579 292 2681 Aegyptia
307 2585 417 2680 stirpe
431 2609 526 2672 esse,
551 2601 586 2659 et
600 2591 797 2664 cavendnm
812 2615 903 2681 esse,
927 2615 973 2662 ne
987 2588 1050 2662 lu·
1099 2597 1219 2670 terna,
1243 2596 1285 2655 ut
1295 2585 1513 2680 compleatur
1527 2587 1617 2660 risio
1633 2601 1671 2661 et
1688 2583 1897 2683 prophetia,
1920 2601 1956 2661 et
1971 2610 2088 2679 nnga-

65 2682 136 2756 dsei
157 2709 194 2758 se
210 2707 296 2758 cam
312 2683 496 2784 Aegyptiis
518 2690 784 2783 coniungerent.
836 2693 890 2768 lta
905 2716 926 2764 a
941 2687 1051 2764 cam.
1096 2699 1159 2758 tar
1172 2697 1313 2757 sanctus
1328 2692 1544 2766 unctorum.
1584 2688 1682 2764 Scito
1699 2711 1782 2780 ergo
1797 2687 2085 2764 etmnsideratoc
2194 2729 2197 2737 ·

67 2783 154 2880 byais
173 2799 338 2880 tempore
354 2811 467 2909 iupus
483 2792 527 2863 ad
553 2795 747 2866 meandum
766 2818 900 2868 annam
914 2792 1051 2884 Longi.
1099 2780 1160 2859 Ab
1173 2785 1270 2858 exitu
1288 2789 1483 2874 sermonis,
1508 2805 1549 2864 ut
1569 2791 1700 2865 iterum
1715 2787 1897 2865 habitetur
1910 2803 1946 2864 et
1961 2789 2086 2863 aedili-

67 2889 157 2958 maui
173 2887 387 2963 instauratio
405 2893 576 2986 impedita
589 2908 650 2967 est.
683 2892 738 2968 Ac
751 2909 827 2970 tum
842 2917 966 2968 rursus
981 2917 1051 2966 no-
1099 2883 1201 2962 cetur'
1210 2887 1420 2978 lentsalem,
1444 2915 1556 2988 usqae
1569 2894 1614 2965 ad
1626 2890 1808 2966 Christum
1822 2890 1971 2982 Ducem,
1995 2887 2086 2964 beb-

68 2989 362 3063 vaconsolstione
384 2985 539 3086 populus'
558 2994 840 3090 perflaggaeum
864 3009 899 3071 es
912 2991 1051 3068 zacha.
1100 2991 1268 3062 demades
1296 3005 1428 3084 septem
1457 3007 1493 3068 et
1520 2990 1760 3068 hebdomades
1789 2994 1968 3085 sexaginta
1991 2995 2085 3064 dnae

67 3085 149 3160 riam
161 3091 392 3166 confirmatas
404 3108 468 3168 est.
1100 3103 1224 3174 erunt,
1249 3103 1286 3164 et
1306 3113 1449 3166 rursum
1469 3088 1628 3170 habitata
1645 3097 1730 3185 erit,
1754 3109 1790 3170 et
1810 3097 1990 3168 aedificata
2005 3094 2086 3187 pls·

160 3189 239 3264 Etsi
260 3209 378 3268 autem
393 3196 535 3270 eductio
548 3221 590 3268 ex
606 3192 767 3295 Aegypta
782 3197 973 3291 gloriosior
986 3211 1050 3282 est,
1099 3208 1156 3267 tea
1171 3190 1427 3291 lerosolymae,
1452 3210 1487 3269 et
1499 3199 1615 3283 muri,
1640 3196 1679 3268 in
1695 3199 1857 3292 angustia
1869 3212 2085 3289 temporum·

68 3300 99 3358 et
115 3293 312 3368 manifestis
334 3295 515 3369 miraculis
538 3299 649 3389 magis
672 3313 823 3383 ornata,
846 3299 929 3396 quia
952 3297 1050 3372 Deus
1098 3291 1149 3370 Et
1180 3307 1262 3387 post
1293 3291 1533 3370 hebdomades
1567 3301 1746 3392 sexaginta
1783 3303 1872 3374 duas
1903 3299 2086 3370 occidetur

69 3390 174 3466 voluit
196 3395 613 3471 ostenderetestilnonia
640 3401 685 3471 de
707 3401 803 3492 lege,
833 3414 953 3472 tamen
974 3423 1049 3471 non
1098 3391 1282 3482 Christus,
1319 3411 1358 3468 et
1383 3419 1457 3468 non
1482 3399 1549 3471 erit
1576 3402 1751 3492 populus,
1785 3414 1820 3473 et
1842 3401 2021 3472 civitatem
2048 3411 2087 3470 et

69 3490 178 3565 minus
204 3497 352 3570 difficile
373 3499 460 3586 suit,
492 3499 677 3592 dissipatas
694 3500 849 3573 familias
873 3501 1049 3593 colligere,
1099 3493 1350 3570 sanctuarium
1369 3499 1528 3573 destruet
1556 3501 1708 3594 populus
1729 3496 1840 3575 Ducis
1861 3500 2023 3580 venturi,
2049 3512 2085 3569 et

69 3603 100 3661 et
112 3593 264 3668 inermes
277 3622 342 3692 per
354 3612 407 3673 tot
421 3599 583 3674 inimicas
598 3616 718 3694 gentes
731 3603 882 3688 ducere,
905 3615 941 3675 et
955 3603 1050 3677 inter
1098 3597 1180 3670 linis
1192 3597 1267 3671 eius
1280 3599 1492 3691 inundatio,
1518 3614 1553 3676 et
1567 3601 1649 3673 linis
1664 3602 1751 3674 belli
1765 3603 1911 3674 delinita
1925 3599 2085 3672 vastitas·

69 3683 177 3767 hostes
193 3721 318 3772 rursus
331 3715 491 3774 extruere
505 3703 650 3792 urbem,
675 3719 711 3778 et
728 3703 918 3797 collapsam
935 3703 1049 3780 Psem-
1098 3697 1148 3773 lit
1175 3699 1398 3774 confirmabit
1428 3714 1679 3776 testamentum
1708 3704 1831 3778 multis
1858 3700 2084 3774 hebdomade

71 3796 239 3882 publicam
251 3803 437 3875 restituere
451 3817 658 3894 postannos
676 3805 916 3902 septuaginta,
941 3831 1047 3902 quam
1098 3823 1190 3888 una,
1217 3814 1253 3874 et
1280 3803 1319 3874 iu
1342 3805 1493 3876 dimidio
1521 3799 1755 3880 hebdomadis
1774 3805 1938 3878 deficient
1966 3796 2084 3875 hostia

72 3893 149 3969 olim
167 3901 283 3976 iuerat
303 3927 385 3975 cum
409 3905 529 3978 valido
560 3909 715 3980 exercitu
741 3907 894 3981 alienam
916 3917 1047 3980 terram
1098 3919 1132 3978 ct
1146 3903 1374 3994 sacrificium,
1397 3921 1432 3981 et
1447 3905 1514 3978 erit
1527 3929 1633 3998 super
1646 3909 1720 3980 alas
1734 3905 1952 3980 abominatio
1967 3917 2101 3978 vasta·.

72 4017 243 4095 occupare.
287 4001 446 4101 Utraque
461 4031 517 4080 res
532 4011 688 4084 ostendit
703 4007 819 4084 Deum
836 4008 1050 4082 mirabiliter
1097 3999 1206 4080 tionis
1224 4021 1432 4100 perpetuae,
1458 4010 1651 4082 etdelinita
1669 4010 1812 4085 vastitas
1827 4007 1937 4082 effusa
1953 4006 2032 4078 erit.

71 4116 200 4175 servare
221 4117 258 4178 et
277 4127 398 4198 regere
419 4103 632 4197 Ecclesiam,
665 4125 705 4184 et.
721 4113 813 4183 velle
833 4113 906 4206 peti
927 4125 964 4185 et
985 4135 1048 4186 ex·
1200 4102 1244 4178 lu
1261 4101 1329 4180 hoc
1342 4109 1510 4182 vaticinio
1526 4124 1562 4183 et
1577 4112 1745 4183 beneficia
1762 4109 1915 4184 Messias
1930 4109 2084 4180 recitan-

72 4206 373 4285 pastorinanum
391 4209 584 4292 auxilium,
606 4212 698 4287 sicut
714 4227 748 4288 et
764 4213 802 4284 in
818 4208 883 4286 hac
899 4214 972 4306 ipsa
988 4237 1048 4285 rs-
1096 4222 1178 4290 tur,
1203 4219 1238 4281 et
1256 4233 1353 4282 mors
1374 4210 1526 4282 Messiac
1545 4212 1782 4304 praedicitur,
1806 4226 1842 4285 et
1858 4225 1996 4302 tempus
2016 4209 2083 4278 ad·
2210 4219 2215 4226 '

71 4297 246 4380 stitutione
270 4309 475 4382 consolatur
497 4308 726 4402 Zachariam,
758 4315 903 4386 anxium
924 4316 1048 4388 dede·
1096 4322 1225 4400 uentus
1241 4312 1461 4405 exprimitur.
1501 4311 1751 4386 Hebdomades
1766 4313 1863 4384 enim
1878 4309 2083 4402 intelligen-

71 4395 507 4514 iensione'multitudinis,
539 4414 750 4500 ansrlierom,
783 4437 1048 4508 puerperarum,
1097 4414 1163 4484 dac
1189 4425 1274 4484 suast
1293 4421 1471 4484 annorum
1503 4410 1761 4509 hebdomades,
1792 4427 1833 4486 ut
1861 4413 1899 4484 in
1921 4411 2083 4484 Levitico

73 4503 259 4597 adantum,
285 4535 429 4604 senum,
455 4513 687 4586 imbecillium
712 4518 940 4602 faosiliarum,
966 4541 1046 4589 com
1098 4508 1287 4608 opacas.
1306 4527 1421 4587 textus
1438 4515 1446 4582 i
1465 4516 1608 4610 quitor,
1655 4515 1749 4592 Sunt
1762 4516 1872 4608 igitur
1887 4511 2082 4586 bebdoma-

73 4609 224 4682 aondum
244 4609 417 4687 haberent
439 4629 550 4708 tecta,
576 4639 698 4689 muros
714 4631 750 4690 ct
769 4619 963 4712 praesidia,
989 4620 1055 4690 in:
1097 4618 1159 4687 des
1185 4615 1404 4708 septuaginta
1428 4617 1513 4688 arani
1538 4615 1624 4692 490.

74 4703 203 4823 quiens:
230 4713 312 4786 Non
332 4714 372 4786 in
386 4718 560 4804 exercitu,
585 4742 659 4790 non
686 4719 727 4790 in
748 4723 899 4808 robore,
924 4721 985 4792 sed
1007 4721 1046 4792 in
1197 4717 1298 4790 Dicit
1313 4732 1430 4790 autem
1446 4713 1592 4790 Daniel:
1623 4717 1711 4793 Post
1727 4709 1967 4790 hebdomades
1983 4735 2083 4784 sexa-

74 4796 198 4893 Spiritu
212 4839 303 4903 meo,
322 4818 412 4892 dicit
425 4815 617 4897 Dominus,
667 4819 772 4895 ltsm:
795 4819 873 4916 Ego
889 4846 1046 4895 eromu-
1096 4817 1194 4909 ginta
1217 4821 1306 4891 duas
1329 4819 1511 4893 occidetur
1528 4816 1712 4902 Christus,
1742 4820 1793 4893 sic
1814 4833 1954 4903 manen,
1980 4829 2021 4887 ut
2042 4815 2081 4884 in
2192 4816 2196 4836 ¹

74 4909 408 5002 ¹aaaigneoscireum
422 4941 494 4996 eos.
1096 4921 1248 4992 dimidio
1272 4916 1505 4995 hebdomadis
1532 4922 1715 4994 confirmat
1743 4931 2012 5005 testamentum,
2043 4917 2082 4988 id

164 5013 245 5106 Quo
268 5017 378 5110 igitur
401 5019 440 5089 in
465 5020 546 5092 loco
569 5035 655 5096 tune
678 5025 787 5097 iuerit
812 5021 989 5109 Ecclesia,
1011 5037 1044 5096 et
1096 5036 1166 5102 est,
1191 5023 1316 5096 doceat
1331 5035 1365 5095 et
1382 5021 1581 5095 testimonia
1603 5019 1784 5111 ostendat,
1809 5035 1845 5096 et
1865 5019 1998 5092 deinde
2020 5043 2082 5110 pa·

76 5108 327 5217 {luaehabuerit
349 5121 570 5207 testimonia,
593 5126 749 5198 ostendit
771 5121 1045 5211 tacitatacita,
1095 5123 1205 5196 tiator
1219 5136 1255 5193 et
1272 5139 1442 5216 resurgat.

77 5223 108 5272 ¹¹¹
128 5235 192 5304 qua
215 5221 325 5294 multa
345 5233 432 5296 sunt
453 5222 637 5302 miracula.
699 5225 858 5320 Tempus
878 5227 1045 5321 congruit
1196 5223 1379 5316 Significat
1400 5238 1516 5296 autem
1531 5221 1863 5313 Dootat‚uodestt
1878 5219 2080 5318 inchoanda

76 5323 144 5379 ‘¹¹¹¹'
166 5321 330 5402 llaticinio
352 5319 539 5404 Ieremias,
572 5325 635 5418 qoi
660 5331 852 5418 praedixit,
876 5343 956 5422 post
977 5354 1044 5400 an·
1094 5325 1314 5407 numeratio,
1339 5349 1418 5396 cum
1445 5326 1512 5398 aits
1548 5323 1608 5398 Ab
1627 5328 1724 5400 exitu
1739 5328 1933 5409 sermonis,
1957 5335 1997 5395 ut
2015 5323 2081 5392 ite·

77 5423 132 5478 ¹¹⁰⁵
152 5413 198 5492 70
219 5426 391 5522 populum
422 5425 619 5498 rediturum
648 5452 735 5502 esse.
783 5429 831 5507 Et
854 5427 1041 5505 Danielem
1093 5453 1173 5500 rum
1205 5423 1384 5500 habitetur
1415 5439 1451 5500 et
1483 5427 1688 5503 aedificetur
1717 5425 1923 5501 ierusalem.
1984 5423 2081 5495 Haec
2172 5479 2175 5486 .

1304 5700 1430 5768 A
