4604 5804
212 262 287 338 en
445 251 675 332 semera
699 253 778 325 ra.
805 250 923 324 man.
951 234 1021 324 an
1045 247 1175 326 atsr.
1200 243 1656 328 promerendos,
1683 244 2005 326 susurrans.
2153 181 2236 334 'aa
2281 271 2284 280 w

212 457 316 509 veros
330 431 462 504 cultos:
487 429 544 501 Ite
556 427 627 500 luit
639 420 800 502 Ecclesia
816 445 937 516 sparsa
961 420 1068 494 etiam
1088 419 1128 492 in
1151 443 1208 494 re-
1364 413 1459 490 Sunt
1476 429 1595 492 autem
1608 417 1698 492 euni
1713 441 1734 494 a
1748 420 1892 494 diluvio
1901 421 2104 520 Nostraque
2116 429 2159 498 ad
2173 425 2241 502 hel.

211 561 322 634 gnum
339 532 540 632 Samariae,
565 552 769 626 quanquam
793 524 975 598 ordinaria
997 523 1209 614 gubernatio
1260 519 1336 590 lum
1358 516 1558 592 Troianum
1583 519 1724 592 circiter
1746 524 1863 611 mille,
1899 527 1997 619 quod
2023 531 2068 598 ad
2096 543 2241 622 tempora

212 655 291 714 erat
312 636 437 730 impis,
457 649 499 706 ut
521 633 589 705 sub
603 627 803 702 Pharisaeis
826 640 862 699 et
878 627 1077 704 Zadduccis
1097 625 1209 718 sparsi
1234 663 1237 697 a
1263 620 1350 692 Saul
1367 623 1492 690 referta
1534 618 1623 692 Inde
1635 619 1785 716 intelligi
1805 640 1930 720 potest,
1957 627 2127 704 Graecam
2143 625 2242 704 histo·

213 756 315 816 erant
327 738 439 834 aliqui
456 736 524 830 pii,
541 729 749 818 Zacharias,
776 726 924 822 loseph,
949 743 984 804 et
1006 727 1111 802 multi
1134 728 1210 810 alii,
1261 723 1353 792 riam
1372 723 1487 794 multo
1509 724 1742 798 recentiorem
1766 749 1839 800 esse
1864 727 2035 803 Moesica.
2089 729 2163 807 Etsi
2186 759 2243 804 au.

213 845 277 942 qui
294 851 607 924 rectesenserunt,
638 847 680 908 ut
694 859 791 906 nunc
808 835 876 905 sub
892 855 1000 924 regno
1025 830 1208 924 pontificio
1261 838 1333 896 tem
1355 823 1549 898 vetustiora
1572 829 1746 920 quaedam
1769 845 1997 908 :armenam
2020 849 2102 910 anre
2122 837 2240 908 benum
2283 845 2284 848 ¹

213 946 327 1040 aliqui
358 958 441 1015 sunt
470 955 573 1033 restet
598 938 809 1022 sentientes,
854 934 917 1027 qui
952 934 1209 1006 confessionem
1264 925 1488 1012 Troianum,
1521 938 1643 1002 tamen
1666 930 1730 1002 illa
1752 955 1827 1002 nou
1849 935 1973 1010 multia
1994 939 2098 1008 annis
2119 951 2253 1008 enteca,

192 1048 426 1131 ostendunt,
451 1065 603 1140 quorum
620 1040 684 1112 alii
704 1041 784 1133 plns
806 1037 869 1108 alii
892 1037 1011 1108 minus
1030 1035 1123 1105 lucis
1145 1030 1211 1103 ha·
1264 1029 1367 1101 dunt.
1417 1022 1522 1098 Nihil
1545 1044 1598 1101 est
1620 1031 1749 1114 clarius
1765 1031 2005 1124 Argonautica
2028 1039 2241 1128 expeditione.

212 1154 311 1225 bent.
362 1143 411 1218 Et
424 1146 568 1241 quidem
581 1139 681 1214 Elias
695 1155 729 1212 et
744 1137 906 1212 Elisacus
922 1160 1069 1228 magnos
1090 1149 1212 1208 coetus
1265 1128 1337 1202 sed
1366 1124 1459 1200 hanc
1487 1145 1750 1214 antecesserunt
1769 1131 1992 1212 Erechtheus
2018 1135 2243 1224 Atheniensis,

213 1255 434 1334 docuerunt,
457 1245 735 1337 annosamplius
752 1255 906 1316 centurn.
945 1239 1111 1330 Regnum
1126 1261 1211 1308 vero
1264 1229 1327 1326 qui
1347 1233 1463 1302 clarus
1486 1231 1598 1305 factus
1632 1250 1684 1307 est
1711 1238 1933 1330 repressione
1955 1239 1988 1310 T
1992 1236 2153 1327 bracem,
2188 1245 2240 1336 qui

215 1352 360 1428 durarit
377 1375 489 1420 annos
506 1351 676 1418 ducentos
691 1346 923 1440 quadraginta
946 1356 1110 1434 quatuor.
1163 1337 1212 1412 Αι
1266 1331 1421 1403 Atticam
1438 1334 1654 1410 invaserant.
1695 1336 1784 1408 ltem
1802 1333 2021 1424 Perseus,
2047 1345 2239 1436 quibellum

215 1454 459 1530 salmanassar
474 1451 641 1544 Assyrius
655 1447 841 1516 maximam
856 1460 990 1537 partem
1007 1443 1131 1536 populi
1147 1442 1212 1510 ab·
1265 1435 1370 1526 gessit
1396 1458 1474 1506 curn
1491 1435 1627 1523 Persis,
1668 1453 1702 1510 et
1719 1437 1906 1530 Gorgonas
1927 1446 2058 1515 occidit
2082 1447 2117 1514 in
2133 1445 2240 1539 Libya.

215 1556 338 1646 duxit,
376 1569 411 1625 ct
440 1553 626 1624 collocavit
654 1550 808 1620 familias
830 1546 868 1616 in
891 1548 970 1616 aliis
995 1545 1213 1634 regionibus,
1265 1536 1390 1606 Postea
1406 1551 1441 1606 et
1455 1533 1611 1612 Cadmus
1626 1563 1666 1610 ex
1681 1535 1873 1612 Phoenicia
1890 1545 1927 1612 in
1947 1544 2128 1616 Boeotiam
2153 1549 2239 1621 uari-

78 1683 97 1706 ‘
215 1661 279 1734 ubi
295 1657 435 1752 aliquae
456 1641 681 1724 retinuerunt
698 1675 816 1720 veram
838 1650 1054 1728 doctrinam,
1087 1661 1123 1718 et
1146 1649 1212 1714 do·
1237 1597 1241 1694 i
1265 1639 1378 1727 gavit,
1418 1651 1454 1708 et
1482 1640 1631 1712 nomina
1663 1642 1824 1720 indicant
1855 1647 2042 1738 originem.
2104 1647 2239 1720 Cadmus

215 1773 368 1836 suerunt
395 1757 527 1828 multos
555 1757 651 1825 inter
677 1747 863 1824 Ethnicos.
932 1748 1039 1820 Tales
1067 1749 1213 1818 fuerunt
1265 1737 2144 1835 cnimlingual‘boenicumsignificatorientalem.
2178 1751 2238 1820 No·

215 1863 372 1937 familiae
386 1858 524 1930 Tobiae
548 1858 586 1928 in
604 1855 756 1939 Ninive,
781 1868 816 1925 et
836 1851 1008 1942 Ilaguelis
1030 1863 1063 1922 et
1084 1847 1213 1921 Gabeli
1264 1842 1361 1912 mina
1379 1841 1517 1912 Semele
1533 1858 1568 1914 et
1585 1845 1649 1916 luo
1665 1846 1811 1922 fuerunt
1834 1851 2089 1940 appellationes
2112 1855 2239 1922 simula·

215 1967 258 2036 in
286 1963 439 2037 urbibus
461 1959 665 2032 Medorum.
732 1953 781 2027 Et
801 1957 928 2048 passim
955 1954 1084 2022 multas
1107 1951 1214 2020 luisse
1266 1967 1417 2016 crorum.
1485 1943 1623 2022 Semele
1655 1972 1798 2038 prorsus
1824 1950 2001 2040 significat
2025 1954 2166 2042 effigiem
2188 1975 2238 2022 seu

217 2075 570 2142 consentaneumest
622 2059 675 2130 lta
688 2055 785 2130 Deus
800 2056 1013 2128 mirabiliter
1034 2079 1075 2123 ex
1093 2055 1213 2128 decem
1265 2044 1507 2120 simulacrum.
1554 2046 1617 2118 lno
1633 2050 1824 2122 fortunam.
1873 2047 2138 2128 'l'bebanavina
2175 2051 2238 2130 Etsi

215 2169 383 2242 tribubus
414 2167 552 2259 aliquas
580 2157 759 2234 Ecclesiae
795 2159 951 2252 reliquas
981 2157 1086 2228 etiam
1120 2153 1214 2224 inter
1237 2233 1241 2250 ,
1265 2160 1382 2218 autern
1399 2145 1481 2216 illae
1497 2161 1653 2220 vetustae
1673 2153 1893 2222 narrationes
1913 2155 2038 2244 plenae
2060 2171 2137 2228 stant
2151 2157 2237 2226 labu-

217 2285 338 2363 gentes
368 2266 542 2353 servavit,
584 2276 618 2335 et
654 2263 768 2333 voluit
796 2284 917 2331 eartrm
950 2257 1214 2328 distractionem
1264 2249 1399 2328 larum,
1427 2262 1544 2320 tamen
1557 2246 1650 2320 nihil
1667 2253 1816 2325 dubium
1833 2267 1906 2340 est,
1931 2258 2063 2329 multas
2083 2281 2133 2326 res
2154 2280 2237 2326 veras
2283 2259 2284 2338 J

217 2373 382 2465 gentibus
404 2369 584 2463 prodesse.
1265 2351 1337 2426 illis
1355 2351 1548 2422 involucris
1567 2353 1776 2442 significatas
1801 2378 1885 2434 esse.
1939 2355 2170 2448 Argonautica
2188 2383 2236 2428 er.

223 2477 225 2484 Α
321 2488 534 2562 Manscrunt
560 2500 595 2557 et
626 2485 772 2574 exiguae
799 2481 976 2575 reliquiae
999 2481 1119 2548 decern
1150 2478 1214 2546 tri·
1266 2452 1843 2569 Pellssifllfflffl‘*⁶⁰¹⁰5f³ll⁰f²⁸ls
1876 2458 1919 2528 fid
1945 2483 2053 2550 (luam
2078 2459 2235 2552 Ρῐὸιιῑριιῑ

218 2597 332 2669 buum
347 2591 514 2684 inpetria
531 2591 625 2669 sede,
648 2588 710 2660 sed
726 2586 929 2676 dissipatae,
954 2596 989 2651 et
1003 2582 1079 2650 sine
1095 2601 1215 2668 regno,
1266 2555 1450 2673 Psfflfllle?
1474 2579 1514 2622 ⁸¹
1540 2559 1703 2626 unllffffl
1727 2556 1876 2630 Gffflifl
1899 2578 2157 2646 ‘Onvessefusslt
2185 2560 2235 2653 qul

218 2710 261 2770 ω
286 2695 326 2766 51,
340 2690 436 2765 ΟΜ
458 2691 677 2786 praedictum
700 2702 767 2758 est,
803 2685 884 2756 Non
909 2684 1035 2753 faciam
1058 2683 1215 2754 [morem
1266 2651 1724 2760 rnColclncamadVellus
1745 2683 1894 2740 aureum
1915 2660 2086 2734 dicuntur
2108 2661 2235 2756 proiecti
2283 2689 2284 2738 t

219 2801 296 2870 irae
319 2785 444 2881 meae,
463 2793 547 2889 quia
560 2789 657 2862 Deus
672 2813 735 2878 ego
756 2811 834 2860 sum
856 2786 895 2855 in
916 2785 1034 2854 medio
1058 2784 1217 2854 tui-san-
1267 2782 1359 2843 0⁸⁵²,
1392 2758 1525 2838 idest,
1556 2762 1728 2832 advenas
1757 2763 1961 2839 metallicas.
2029 2763 2116 2836 Nem
2145 2760 2234 2834 bodie

221 2914 312 2975 otus,
375 2896 446 2969 sed
475 2917 551 2966 „011
583 2891 764 2982 ingredia„
796 2890 835 2958 j„
859 2887 1056 2972 civitatem,
1095 2885 1130 2953 id
1153 2897 1217 2966 ρει,
1267 2884 1409 2954 quoque
1423 2875 1507 2932 sunt
1522 2861 1560 2930 in
1576 2862 1638 2932 illa
1655 2863 1790 2935 ricinia·
1809 2865 2008 2958 locupletes
2028 2885 2142 2938 venae
2193 2861 2235 2935 Ac
2283 2883 2284 2966 ᾗ

221 3027 304 3076 cum
334 2999 605 3092 promissionem
636 2993 844 3066 tradiderim
875 2988 1074 3081 posteritati
1103 2985 1218 3069 Iacob,
1265 2963 1342 3030 filli
1360 2975 1496 3080 Wffiv
1521 2978 1567 3082 m.
1580 2963 1809 3083 Ρῑθῖθῦῑῐρῐιίε
1823 2967 1958 3043 occasio
1972 2969 2082 3040 luerit
2103 2967 2235 3038 crudeli·
2283 2971 2284 3046 ζ

186 3104 371 3176 ¹serrabo
396 3101 533 3195 aliquas
557 3097 727 3188 reliquias
744 3089 921 3163 Ecclesiae
944 3092 982 3160 in
1005 3092 1126 3159 decem
1151 3086 1218 3155 tri·
1267 3077 1319 3134 ¹³⁸
1341 3065 1472 3182 ᾼθθῑθῗ
1495 3088 1587 3155 ‘⁶3¹⁸
1611 3062 1861 3184 quclncorum
1882 3070 2054 3170 adversas
2076 3067 2233 3164 Phryxum
2283 3155 2284 3176 Χ

221 3207 358 3290 bubus,
382 3226 449 3272 nec
473 3200 615 3293 penitus
639 3220 696 3268 eas
716 3195 864 3277 delebo,
896 3193 954 3262 sed
981 3215 1056 3259 non
1074 3189 1217 3258 intrabo
1267 3177 1302 3235 ⁰¹
1324 3163 1524 3283 ‘¹¹2⁵‚ffl10h
1590 3166 1744 3286 FlJ¹lll¹¹0
1773 3173 2031 3260 Pr⁰Ptm⁰dum
2054 3173 2129 3252 talis
2151 3193 2235 3261 pree·
2283 3183 2284 3240 l

221 3307 263 3377 in
280 3303 478 3388 civitatem,
503 3301 541 3370 id
563 3309 632 3386 est,
657 3319 805 3386 regnum
832 3295 1029 3374 destruam,
1054 3313 1120 3361 nec
1142 3312 1219 3360 am·
1266 3267 1803 3360 ⁸¹²¹¹¹¹⁵⁸¹¹⁰01¹¹¹¹¹P¹¹¹¹⁰¹ll¹¹ffla
1835 3271 2104 3366 ullr⁰⁸11⁸tepl³
2121 3271 2235 3354 millib
2283 3309 2284 3320 ¹

221 3407 318 3502 plius
340 3395 521 3476 civitatem
541 3401 624 3473 volo
648 3421 722 3472 esse
743 3396 875 3488 regiam
898 3395 1036 3479 sedem,
1069 3415 1134 3464 nee
1155 3393 1220 3462 de·
1267 3367 1382 3464 ‘lullis
1396 3368 1465 3487 {1¹5¹
1480 3365 1687 3490 Principqm
1698 3367 2017 3458 Germanifflfflffl‚
2041 3374 2235 3446 Gallicorum
2283 3377 2284 3382 ’

222 3510 368 3582 pendam
384 3530 479 3595 gam,
505 3505 597 3577 ,ficut
611 3516 714 3575 antea
731 3499 886 3571 defendi,
1270 3483 1304 3542 et
1330 3467 1554 3557 ltalrcorum,
1585 3498 1648 3566 qur
1671 3473 1760 3543 duce
1778 3469 1976 3547 Godelrido
1999 3475 2174 3550 Bilionaeo
2191 3496 2235 3542 re·
2283 3511 2284 3546 t

1269 3587 1483 3663 cuperaruut
1498 3571 1768 3669 lerosolymam,
1795 3600 1948 3669 quorum
1964 3580 2093 3652 virtute
2116 3580 2172 3648 diu
2189 3597 2233 3644 ce-

1262 3671 1382 3766 pressi
1403 3688 1487 3747 sunt
1511 3671 1640 3758 Tucci,
1683 3691 1724 3749 ut
1744 3679 1881 3754 tardius
1902 3681 2007 3771 potiti
2030 3683 2098 3752 sint
2116 3677 2191 3750 Asia
2208 3687 2234 3742 et

1270 3773 1408 3868 Graeco
1438 3776 1602 3882 imperip.
1674 3776 1758 3850 Fuit
1789 3793 1906 3852 autem
1936 3779 2151 3854 Godclridus
2176 3781 2233 3846 dux

1268 3872 1536 3968 Letharingiae,
1560 3894 1601 3953 ut
1618 3903 1682 3952 suo
1700 3880 1778 3951 loco
1794 3883 1970 3964 dicemus,
1998 3887 2037 3956 in
2052 3887 2164 3956 eadem
2183 3903 2234 3948 na·
2283 3939 2284 3942 ,

327 3981 469 4056 Nomen
485 3973 513 4049 Ι
518 4003 542 4049 a
550 3971 647 4073 peti
654 3972 800 4048 Graecis
814 3986 940 4046 notum
958 3987 1020 4060 est,
1045 3975 1107 4045 sed
1122 3976 1220 4045 unde
1270 3996 1327 4052 tus
1348 3980 1504 4067 familia,
1537 3981 1576 4050 in
1597 4007 1665 4076 qua
1685 3983 1761 4056 nati
1787 3999 1869 4054 sont
1891 3987 1998 4058 duces
2011 3986 2190 4077 Bergenses
2207 3989 2234 4046 el
2283 3975 2284 4038 ἶ

203 4086 486 4188 ,εἰμίςυοῐιηι
522 4076 1089 4183 IqiberMosinarrat,‚eumessc
1108 4077 1220 4147 lilium
1272 4079 1495 4154 luliacenses.
1534 4081 1947 4180 Nomenautemflrgo
1969 4087 2232 4176 certamfigurem

225 4191 316 4267 Noe.
366 4178 559 4278 Exlaphet
579 4194 684 4252 natus
707 4175 904 4268 estlavan,
935 4199 1047 4270 aquo
1066 4177 1221 4250 Graecos
1269 4183 1370 4252 navis
1392 4185 1582 4273 siguificat,
1606 4197 1640 4256 et
1655 4183 1942 4276 Argonautarum
1956 4191 2127 4282 expeditio
2142 4184 2233 4256 collo·

227 4305 326 4368 ortos
344 4313 417 4362 esse
433 4309 565 4358 nomen
580 4281 693 4374 gentis
707 4278 849 4351 lonicae
867 4289 1025 4352 testatur.
1075 4275 1123 4352 Et
1145 4305 1221 4352 non
1270 4287 1379 4357 canda
1395 4301 1446 4358 est
1460 4287 1499 4355 in
1513 4300 1652 4380 ternpus
1670 4287 1826 4361 vicinum
1842 4291 1947 4362 aetati
1964 4290 2156 4370 samsonis,
2185 4307 2233 4354 su·

227 4394 379 4468 dubium
395 4403 464 4477 est,
481 4381 679 4479 Prophetas
701 4407 782 4456 com
800 4377 1130 4472 nominantlavan,
1163 4383 1222 4454 in·
1271 4390 1326 4458 ius
1349 4402 1557 4464 coaetaneus
1578 4388 1646 4462 luit
1668 4367 1851 4464 uariata.
1913 4391 2055 4467 Caetera
2076 4396 2118 4464 de
2138 4388 2232 4476 Argo·

225 4497 386 4590 telligere
400 4489 555 4571 Graecas
571 4499 705 4580 gentes.
756 4481 896 4558 Deinde
913 4497 954 4556 ut
967 4482 1007 4553 tit
1020 4483 1058 4551 in
1073 4486 1223 4577 posteris
1270 4489 1389 4564 nautis
1404 4491 1647 4581 legendasrut
1661 4491 1702 4565 in
1717 4493 1875 4566 carmine
1891 4491 2085 4588 Apollonii.

228 4614 264 4674 et
295 4597 337 4672 in
367 4591 517 4672 diversis
545 4589 635 4664 locis
656 4609 771 4661 norae
791 4585 1048 4680 appellationes
1068 4609 1223 4664 accesse-
1373 4591 1544 4686 Sequitur
1573 4595 1850 4682 Argonauticam
1879 4597 2131 4690 expeditionem
2153 4584 2231 4662 Th*-
2283 4657 2284 4664 ι

226 4715 347 4774 mnas
1202 4745 1208 4758 .
1271 4696 1363 4766 bana
1394 4690 1560 4783 historia,
1593 4699 1708 4789 plena
1746 4692 1974 4774 horribilium
2002 4689 2230 4790 crematorum·

330 4811 503 4888 Hm„
535 4828 588 4888 ρει
618 4813 665 4883 31,
686 4805 815 4893 netto,
853 4805 918 4900 qui
943 4803 1104 4896 agnavis
1130 4803 1224 4878 inter
1270 4795 1429 4876 Duxerat
1443 4798 1587 4886 ignarus
1599 4793 1931 4892 matremOedipus,
1950 4803 2012 4895 qui
2027 4814 2138 4895 postea
2151 4791 2229 4864 hiatu
2283 4783 2284 4790 '

227 4917 464 5006 Dodonaeas,
503 4916 677 5010 quisunt
704 4907 947 4994 aDodanim,
986 4907 1061 4976 filio
1086 4903 1223 5000 laphet.
1272 4899 1587 4991 terraeabsorptus
1604 4913 1676 4981 est,
1701 4915 1735 4972 et
1759 4901 1822 4970 filii
1844 4908 1888 4974 de
1909 4927 2018 4995 regno
2041 4902 2230 4973 dimicans,

229 5020 371 5096 Nomen
396 5015 568 5091 Graeciae
595 5013 773 5089 recentius
799 5023 869 5096 est,
909 5032 931 5081 a
963 5006 1121 5094 Graeco,
1159 5011 1225 5103 qui
1275 5001 1410 5075 mutuis
1432 5002 1641 5074 volneribus
1662 5003 1837 5075 interlecti
1853 5019 1956 5077 sunt.
1980 5067 1983 5072 ,
2008 5004 2121 5078 Mater
2136 5001 2229 5068 iacent
2283 5059 2284 5072 ,

228 5123 326 5196 lilius
344 5119 414 5195 tuit
426 5115 603 5194 Thessali.
653 5115 726 5191 Sed
741 5124 894 5184 veterem
911 5110 1067 5181 lonieam
1084 5125 1224 5202 gentem
1247 5177 1251 5219 ,
1274 5103 1368 5176 iuter
1380 5107 1474 5178 lilios
1488 5106 1710 5189 vulneratos,
1735 5105 1804 5176 sibi
1820 5106 1889 5198 ipsi
1903 5122 2048 5179 mortem
2064 5093 2228 5174 connisril·
2283 5079 2284 5112 ¹

231 5225 434 5300 excelluisse
448 5219 622 5314 sapientia
638 5232 673 5290 et
686 5217 830 5300 virtute,
853 5212 1062 5305 magnitudo
1079 5213 1225 5284 urbium
1248 5231 1252 5308 t
1273 5205 1390 5282 Filius
1411 5206 1592 5302 Polynicis
1615 5201 1863 5294 Thersander,
1888 5209 1951 5304 qui
1972 5205 2103 5279 Thebis
2121 5199 2228 5296 potitus

230 5341 268 5400 st
286 5329 508 5402 coloniarum
525 5320 737 5405 multitudo,
762 5330 797 5390 et
818 5328 955 5389 vetusta
969 5311 1119 5387 Homeri
1139 5314 1226 5386 scri·
1276 5325 1371 5398 crat,
1403 5323 1524 5404 postca
1547 5308 1588 5379 in
1613 5308 1837 5402 expeditione
1865 5309 2022 5384 Troiana
2048 5301 2229 5383 interficitur

230 5443 290 5522 p„
307 5431 511 5504 oflendunt,
1275 5408 1486 5508 aTelepho.
1542 5409 1592 5484 lta
1615 5436 1738 5486 rerum
1762 5413 1867 5489 series
1893 5413 2064 5497 ostendit,
2086 5431 2151 5478 non
2166 5402 2226 5470 lon·

44 3821 47 3840 ,
100 3815 112 3828 ,
224 3738 413 3810 Graecae
436 3732 668 3813 historiae,
688 3749 790 3820 qaae
810 3726 861 3796 nd
881 3730 1042 3809 tempus
1060 3723 1221 3810 primae

455 3831 725 3902 monarchiae
761 3827 990 3915 pertinent.

176 5704 312 5780 Α
1490 5693 1492 5698 ’
2074 5761 2079 5768 ,
