4696 5820
230 329 305 410 255
693 311 866 422 nucu
897 309 973 387 nn
1006 285 1247 388 sruurts
1280 305 1404 384 var.
1436 303 1790 390 rutuosorn.
2193 308 2271 386 ass

339 502 460 593 Quare
482 498 527 567 de
542 489 741 590 Pythagora
764 487 940 571 referunt,
966 485 1059 580 quod
1080 496 1122 554 ut
1137 505 1223 553 con·
1265 473 1450 554 militibus
1464 479 1504 550 in
1518 481 1783 572 oppugnatione
1798 479 1898 552 urbis
1912 480 2056 552 incuss
2070 473 2270 574 conflagra-
2344 515 2345 518 =

237 616 442 704 sequeretur
456 599 575 670 locum
590 595 629 665 in
643 591 792 680 collegio
807 589 1028 660 sacerdotnm
1041 579 1225 675 Memphi·
1276 596 1348 666 rat,
1371 582 1531 675 periisset
1547 580 1723 676 quidquid
1740 583 1855 655 extitit
1869 596 1955 654 tunc
1969 579 2164 653 celebrium
2178 585 2270 655 scri.

237 714 329 794 tico,
361 699 396 777 et
422 702 572 772 disceret
590 697 653 766 illa
675 692 858 764 occasione
879 687 1084 779 disciplinas
1106 682 1226 778 Aegy·
1275 699 1432 776 ptorum.
1482 681 1573 752 Nam
1591 682 1731 754 circiter
1744 682 2023 756 ducenta-millia
2040 685 2268 757 voluminum

238 813 351 908 ptias,
376 805 484 876 etiarn
504 787 717 870 circumcidi
732 816 832 863 more
849 787 1021 884 Aegyptio
1040 799 1074 856 et
1087 783 1226 860 usitatis
1276 779 1442 878 habuisse
1457 778 1672 854 bibliotheca
1689 783 1935 874 Pergamensis
1950 784 2131 860 scribitur.

239 911 338 1014 genti
364 905 483 978 sacris'
502 898 638 970 initiari
668 896 740 967 ritu
772 891 912 963 solenni
940 913 1014 960 nou
1042 885 1224 959 recusarit.
1379 880 1457 957 Etsi
1481 898 1597 956 autem
1618 908 1723 978 saepe
1740 901 1816 959 tum
1832 911 1852 957 a
1868 888 2130 958 successoribus
2144 882 2271 958 Phila-

238 1014 324 1088 Fuit
344 1005 405 1079 hic
419 999 638 1100 Pythagoras
653 999 693 1069 iu
707 995 814 1068 Samo
830 1005 934 1062 natus
949 1006 1048 1082 patre
1062 987 1227 1059 Mnesar-
1277 981 1401 1079 delphi
1420 985 1702 1077 flagitiosissimis
1717 982 1942 1072 hominibus,
1967 1012 2008 1059 ac
2022 988 2212 1082 praecipue
2225 990 2271 1059 ab

238 1113 324 1200 ebo,
350 1134 416 1180 avo
436 1101 653 1196 Euphrone,
677 1100 790 1170 abavo
810 1087 1226 1192 HippasotPhliasiorum
1278 1085 1450 1180 Euergetc
1464 1087 1647 1176 Secundo,
1668 1113 1772 1184 quern
1796 1103 1831 1161 et
1845 1083 2057 1160 Phisconem
2081 1103 2117 1160 et
2136 1113 2273 1185 acaep-

237 1213 425 1305 Priucipe,
451 1208 514 1302 qui
535 1201 685 1276 reversis
707 1199 747 1268 iu
761 1195 1049 1288 Peloponnesum
1067 1189 1227 1262 Heracli·
1278 1185 1390 1289 ye‘xqv
1411 1200 1602 1274 vocarunt,
1628 1204 1704 1261 tum
1730 1191 1775 1262 ah
1791 1190 1919 1263 exteris
1934 1192 2099 1281 gentibue
2116 1191 2273 1281 graviter

240 1321 315 1398 dis,
346 1311 512 1405 expulsus
540 1301 745 1394 aRegnida
773 1311 900 1390 nepote
928 1294 1079 1365 Temcni
1108 1291 1228 1362 fratris
1279 1291 1418 1362 adflicta
1438 1290 1507 1362 tuit
1521 1285 1758 1377 Alexandria,
1780 1305 1885 1385 atque
1909 1291 2118 1383 imprimisa
2134 1289 2274 1364 Roma.

239 1411 472 1511 Cresphontis
496 1423 601 1501 atque
615 1394 856 1476 Aristomachi
878 1399 1033 1467 liliorum
1050 1392 1229 1476 Cleodaci,
1281 1393 1356 1478 nis,
1381 1415 1471 1486 qnos
1493 1392 1658 1464 seditiose
1674 1393 1968 1466 tumultuantium
1985 1393 2081 1465 inter
2095 1417 2131 1463 sc
2147 1417 2273 1484 regum

234 1517 399 1617 profugit
419 1515 456 1582 in
473 1509 630 1582 Samum.
680 1502 795 1576 Debet
817 1495 901 1570 hnic
923 1513 1020 1590 grata
1043 1495 1229 1588 posteritas
1280 1493 1394 1565 libido
1415 1517 1456 1563 ac
1477 1493 1639 1578 lascivia,
1664 1508 1698 1565 ct
1720 1493 1940 1565 contumacia
1962 1496 2133 1584 superbae
2156 1497 2273 1585 gentis

241 1642 367 1712 magna
384 1640 425 1686 εἰ
440 1625 552 1707 pule,
577 1631 667 1703 quae
681 1608 726 1677 de
741 1600 980 1676 differentium
997 1620 1229 1669 numerorum
1282 1608 1459 1688 pertaesae
1486 1594 1678 1686 petulantis
1705 1595 1961 1666 dominationis
1986 1593 2274 1668 Ptolemaeorum

242 1742 277 1800 et
304 1717 459 1796 naturis,
491 1728 525 1784 et
554 1709 725 1797 analogiis
747 1706 841 1775 miro
863 1702 1006 1793 iugenio
1027 1699 1230 1790 excogitata,
1282 1691 1498 1777 attrahebat,
1532 1719 1607 1765 non
1635 1711 1753 1768 tamen
1785 1699 1891 1768 decus
1919 1692 1988 1767 hoe
2014 1697 2215 1768 studiorum
2240 1712 2275 1768 ,q

64 1831 69 1854 ”
123 1884 129 1892 ·
241 1843 348 1920 atquc
369 1822 413 1890 ad
434 1838 519 1887 usus
537 1810 751 1902 multiplices
765 1806 935 1876 varietate
950 1802 1155 1873 admiranda
1172 1823 1230 1869 ac·
1283 1808 1532 1870 oruamentum
1561 1796 1689 1868 amisit.
1755 1797 1878 1891 Neque
1904 1793 2209 1891 pnstAntonium
2240 1812 2275 1870 et

243 1922 482 2002 commodata,
504 1930 539 1986 et
553 1914 702 1983 finnitcr
715 1934 755 1980 ac
770 1908 882 1978 solide
898 1907 1158 1986 demonstrata,
1183 1899 1232 1970 si·
1283 1898 1507 1992 Cleopatram
1529 1899 1574 1968 ad
1592 1894 1736 1971 Actium
1760 1899 1917 1969 devictos
1931 1894 2133 1988 Augustus,
2156 1924 2275 1995 neque

203 2083 204 2086 ,
245 2050 359 2124 neque
374 2021 487 2093 dubio
501 2021 545 2088 de
562 2010 736 2086 thesauris
749 2008 941 2101 sapientiae
959 2001 1153 2098 Aegyptiae
1170 2004 1230 2070 de-
1283 2013 1363 2094 post
1385 1999 1556 2070 domitam
1579 2011 1614 2071 et
1630 2003 1863 2092 compressam
1882 1999 2024 2093 penitus
2038 1999 2210 2071 effrenem
2228 2000 2275 2071 15,

245 2139 428 2227 prompta,
452 2132 487 2190 et
503 2141 608 2210 opera
629 2113 884 2204 discipulorum
902 2122 1006 2200 atque
1021 2104 1232 2202 asseclarum
1284 2101 1434 2173 centiam
1456 2099 1570 2191 gentis
1589 2095 1802 2195 Aegyptiae,
1829 2115 1863 2173 et
1887 2101 2071 2190 abrogatas
2093 2101 2189 2190 leges
2209 2127 2273 2194 ps.

247 2235 322 2304 eius
337 2230 518 2298 adservata
533 2221 576 2288 ad
591 2239 716 2286 manns
727 2226 865 2284 nostras
875 2220 1124 2302 pervenerunt.
1156 2201 1233 2275 Eu-
1284 2204 1370 2275 trias
1399 2216 1505 2296 atque
1535 2193 1708 2273 abolitum
1741 2201 1828 2272 anni
1858 2201 2123 2272 celebratissimi
2155 2227 2275 2296 usum,

159 2375 160 2380 ,
247 2338 379 2407 doxnm
395 2319 576 2416 etiamqui
592 2311 961 2390 octoiiteridaGraecis
978 2308 1145 2392 institnit,
1170 2307 1232 2376 ad.
1284 2303 1751 2377 D10210213n0332ud30mm
1775 2326 1918 2374 cursum
1941 2301 2139 2394 impedivi'·
2198 2302 2276 2375 Imo

247 2431 374 2528 aptatis
402 2429 509 2496 lunas
532 2419 722 2492 menstruis
746 2414 900 2508 periodis
922 2413 967 2482 ad
991 2409 1074 2484 solis
1096 2430 1234 2478 annuos
1285 2404 1415 2477 enituit
1434 2417 1553 2496 postca
1567 2405 1679 2496 magis
1692 2404 1872 2497 magisque
1887 2416 1992 2496 atque
2006 2403 2173 2474 inclaruit
2189 2400 2278 2476 Ale-
2344 2461 2345 2464 ,

248 2533 416 2609 circuitus
436 2550 478 2596 ex
498 2524 585 2596 anni
608 2517 774 2614 Aegyptii
798 2513 952 2593 ratione,
983 2536 1064 2583 cnm
1085 2508 1234 2579 Platone
1286 2506 1454 2592 xandria,
1477 2517 1600 2595 aucta,
1624 2507 1698 2578 imo
1720 2506 1880 2577 absoluta
1903 2504 2058 2591 ultimis,
2085 2529 2174 2598 quae
2192 2507 2277 2578 addi

248 2657 362 2711 annos
372 2626 541 2704 tredecim
554 2610 1009 2716 apudAegyptiasThebas‚
1034 2607 1236 2706 quasDios-
1272 2623 1373 2687 ,tunc
1388 2619 1552 2700 poterant
1565 2607 1823 2679 accessionibus
1837 2607 1927 2676 lucis
1943 2629 1983 2676 ac
1998 2607 2181 2678 doctrinae
2195 2631 2277 2678 coe-

228 2739 351 2836 'polin
389 2741 510 2825 postea
540 2736 729 2807 vorarunt,
778 2716 1017 2788 sacerdotibus
1049 2710 1236 2783 audiendis
1287 2709 1400 2795 lestis,
1434 2708 1534 2780 cuius
1564 2707 1603 2776 in
1635 2733 1675 2780 ea
1703 2711 1792 2780 urbe
1816 2708 1956 2780 ,semina
1984 2707 2119 2800 primus
2148 2709 2280 2798 sparsit

250 2834 417 2915 tribuisse
432 2829 560 2901 Strabo
585 2838 690 2896 antor
710 2833 771 2894 est.
822 2817 1014 2912 Postquam
1032 2839 1116 2884 vero
1132 2837 1235 2884 occu·
1289 2809 1432 2881 Marcus
1452 2807 1697 2898 Evangelista,
1723 2809 1808 2881 Divi
1830 2807 1928 2886 Petri
1949 2833 1990 2878 ex
2012 2830 2134 2879 sorore
2155 2833 2279 2901 nepos,

251 2937 331 3037 pata
345 2937 391 3008 ab
405 2929 612 3004 Alexandro
630 2920 828 3020 Aegyptus,
855 2920 918 2989 illo
933 2918 1106 2997 extincto,
1131 2928 1236 2985 etsn-
1287 2934 1383 2982 unus
1405 2909 1626 3001 septuaginta
1645 2911 1902 2999 discipulorum
1915 2904 2068 3004 jChristi.
2118 2905 2167 2980 Ει
2189 2912 2279 2981 fovit

251 3043 315 3115 ciis
344 3059 453 3128 regna
482 3030 638 3124 partitis,
671 3022 999 3096 cessittholemaeo
1023 3016 1112 3104 Lagi
1143 3015 1237 3085 filius
1290 3008 1580 3103 consecravitque
1602 3011 1807 3101 disciplinas
1823 3034 1912 3102 pene
1928 3010 1967 3080 in
1983 3011 2108 3081 eodem
2122 3025 2280 3082 retentas

251 3129 527 3226 Philadelphus,
566 3128 723 3220 neglecta
760 3121 1010 3214 superstitione
1044 3114 1238 3210 Aegyptio-
1290 3110 1460 3202 vestigio,
1484 3115 1662 3204 usquead
1686 3111 1932 3183 Sarracenims
1955 3124 2083 3185 motus.
2134 3107 2190 3182 Ex
2214 3109 2280 3184 hac

254 3266 335 3317 rum
358 3253 393 3311 ct
414 3234 644 3324 collegiorum
665 3224 873 3320 pervetustis
889 3221 1018 3292 ritibus
1032 3243 1072 3289 ac
1086 3217 1237 3307 legibus,
1291 3215 1444 3308 prolecta
1479 3224 1562 3282 sunt
1594 3214 1716 3284 omnia
1749 3212 1950 3282 liberalium
1980 3212 2112 3283 artium
2138 3236 2280 3303 genera,

254 3340 411 3418 scholam
431 3331 667 3406 Alexandriae
696 3326 836 3422 aperuit
861 3323 1057 3416 publicam,
1091 3341 1240 3412 eamque
1291 3316 1421 3411 quibus
1449 3337 1545 3385 nunc
1568 3314 1742 3396 fruimur,
1775 3310 1861 3384 haec
1881 3313 1990 3399 fovit,
2022 3314 2194 3400 excoluit,
2227 3330 2280 3386 at-

255 3462 290 3520 et
312 3437 521 3536 conquisitis
538 3433 698 3528 undique
713 3427 936 3520 collectisque
953 3446 1081 3513 magno
1096 3433 1239 3510 sumptu
1291 3442 1360 3511 que
1397 3416 1549 3486 absolvit
1580 3441 1661 3487 vere
1691 3416 1813 3485 divina
1844 3413 2061 3498 Ptolemaei,
2109 3410 2281 3502 Theonis,

255 3539 637 3646 praestantissimorum
658 3547 823 3605 autorum
846 3525 985 3618 scriptis
1007 3524 1046 3593 in
1064 3521 1163 3592 omni
1181 3544 1240 3610 ge·
1291 3518 1428 3602 Procli,
1460 3512 1592 3585 Galeni
1622 3533 1656 3588 et
1685 3517 1837 3586 aliorum
1863 3514 2102 3608 plurimorum
2126 3515 2282 3606 ingenia,

255 3674 339 3724 nere
361 3659 394 3718 et
416 3640 591 3714 accersitis
608 3633 860 3725 conductisque
871 3624 1133 3720 'professoribus
1146 3621 1240 3714 opti·
1292 3641 1446 3714 quorum
1466 3617 1522 3686 illi
1534 3614 1733 3704 Mathesin,
1756 3616 1815 3687 hic
1837 3629 1953 3686 artem
1968 3618 2140 3688 medicam
2160 3633 2282 3690 mem

257 3773 394 3824 marum
417 3745 568 3828 artium,
593 3740 643 3812 ita
667 3733 833 3807 instruxit
856 3745 890 3804 et
906 3726 1107 3810 exornavit,
1131 3736 1172 3795 ut
1187 3723 1242 3792 fa·
1292 3721 1411 3794 studio
1434 3718 1644 3808 descriptam
1668 3731 1703 3788 et
1725 3718 1966 3789 elaboratione
1987 3740 2125 3790 summa
2145 3721 2282 3812 expoli-

258 3853 325 3926 cilc
347 3869 471 3921 omues
492 3843 589 3917 orbis
610 3854 784 3911 terrarum
799 3830 1016 3926 laquearia,
1040 3825 1242 3899 celebritate
1293 3835 1366 3894 tam
1389 3819 1741 3915 nobisreliqucruut.·
1790 3817 1952 3889 Tandem
1969 3844 2047 3891 cnm
2062 3814 2282 3892 Mahometi.

259 3948 415 4026 nominis
435 3971 476 4018 ac
497 3947 628 4023 famae,
654 3953 689 4010 et
703 3937 901 4009 studiorum
919 3930 1083 4002 varietate
1098 3949 1242 4021 supera·
1294 3948 1355 3995 cus
1377 3925 1480 3993 furor
1501 3935 1668 4014 occupata
1686 3942 1812 4011 magna
1830 3933 1928 4011 parte
1944 3915 2127 4012 Orientis,
2154 3921 2195 3992 in
2211 3919 2283 3997 Ae·

258 4059 319 4130 rit.
370 4048 425 4122 lbi
447 4049 591 4120 demum
607 4040 725 4112 accedi
740 4033 1026 4130 frequentarique
1043 4031 1241 4102 studiorum
1293 4037 1440 4120 gyptum
1457 4020 1562 4092 etiarn
1579 4023 1806 4115 pervasisset,
1832 4034 1866 4091 et
1882 4019 2106 4092 Sarracenica
2123 4025 2283 4113 potentia

258 4155 369 4252 gratia
391 4149 482 4246 cepit
502 4151 547 4220 ab
566 4143 732 4217 omnibus
746 4137 922 4231 gentibus.
973 4131 1058 4204 Fuit
1073 4126 1142 4202 hoc
1155 4124 1242 4200 Phi·
1296 4147 1408 4196 novae
1436 4124 1697 4216 superstitionis
1727 4145 1913 4217 progressu
1943 4123 2153 4218 amplificata
2180 4124 2284 4194 inva-

257 4251 416 4350 ladclphi
442 4251 600 4324 studium
622 4267 750 4334 magno
774 4238 940 4331 Principe
961 4233 1127 4324 dignum,
1157 4229 1243 4302 toti·
1295 4227 1436 4312 luissct,
1463 4225 1571 4297 armis
1585 4223 1822 4297 Sarracenicis
1844 4237 1945 4318 capta
1968 4249 2008 4294 ac
2024 4207 2143 4294 deleta
2156 4219 2283 4296 Eccle-

259 4385 328 4458 que
359 4354 494 4451 proluit
521 4345 732 4445 posteritati.
792 4339 912 4430 Quare
940 4337 1075 4407 sicum
1099 4345 1245 4425 propter
1296 4330 1369 4399 siae
1401 4342 1436 4400 et
1465 4326 1665 4398 studiorum
1695 4322 1928 4398 honestorum
1957 4324 2181 4398 domicilium
2210 4350 2284 4398 ease

259 4463 426 4537 aliatum
444 4455 501 4526 vel
515 4451 584 4524 boc
601 4446 745 4520 nomine
760 4441 946 4536 praecipue
960 4437 1071 4530 gratia
1085 4436 1244 4519 debetur,
1295 4429 1412 4505 desiit.
1463 4427 1708 4500 Veruntamen
1730 4451 1776 4498 ue
1798 4441 1884 4498 tunc
1905 4426 2050 4521 quidem
2067 4427 2197 4499 excidit
2212 4425 2285 4498 Ae-

260 4545 539 4660 quodGraecam
553 4552 658 4624 nobis
669 4570 848 4620 sacrorum
856 4542 1058 4614 Bibliorum
1070 4539 1244 4627 interpre-
1296 4545 1423 4627 gyptus
1445 4532 1544 4601 omni
1558 4555 1619 4627 spe
1637 4530 1869 4622 recuperandi
1882 4528 2018 4599 decoris
2034 4529 2285 4622 antiquissimi,

101 4662 114 4676 ’
260 4667 428 4738 tationem
452 4653 707 4752 suppeditavit,
738 4671 844 4743 quam
868 4644 967 4715 missi
988 4654 1112 4731 rogatu
1134 4636 1245 4728 ipsius
1297 4657 1500 4728 quanquam
1524 4647 1558 4703 et
1578 4631 1746 4712 servitute
1768 4631 1862 4702 tristi
1884 4654 1924 4700 ac
1946 4630 2117 4717 deformi,
2144 4643 2178 4702 et
2201 4632 2285 4700 bar.

261 4770 307 4839 ab
322 4763 491 4852 Eleazaro
507 4754 676 4831 Pontifice
692 4746 1018 4842 Hierosolymitano
1034 4742 1245 4831 interpretes
1297 4736 1394 4806 barie
1422 4747 1514 4806 terra
1543 4755 1726 4826 oppressa,
1759 4733 1821 4802 sed
1851 4755 1931 4803 rum
1962 4731 2193 4802 deferbuisset
2218 4733 2285 4802 ali-

261 4867 481 4961 septnaginta
505 4859 743 4934 coniecerunt.
795 4844 854 4920 Ab
875 4841 1153 4918 Atheniensibus
1177 4834 1247 4910 αὐ-
1298 4837 1509 4932 quantulum
1531 4827 1707 4906 bellorum
1724 4835 1832 4902 ardor
1844 4846 1879 4903 et
1893 4833 2142 4905 consiluissent
2157 4835 2285 4926 strepi·
2344 4863 2345 4872 κ

261 4962 435 5068 τόγραφα
456 4967 656 5055 polimatum
672 4950 824 5025 Homeri
839 4964 874 5022 et
890 4941 1078 5040 Sophoclis
1094 4941 1247 5037 quinde·
1298 4952 1355 5009 tus
1375 4960 1573 5020 armorum,
1599 4959 1688 5032 quae
1712 4933 1851 5006 exclusa
1870 4934 2028 5056 mntihsq
2049 4933 2122 5004 illis
2145 4935 2287 5006 inerant

261 5071 331 5143 cim
361 5065 501 5140 talentis
522 5063 634 5143 emit,
667 5077 802 5149 suoque
829 5050 988 5142 exemplo
1012 5046 1246 5135 Pergamenos
1298 5039 1435 5126 studia,
1459 5052 1621 5109 revocata
1643 5035 1714 5106 coli
1733 5036 1853 5106 denrro
1875 5036 1999 5107 multis
2020 5032 2059 5104 in
2080 5035 2168 5106 locis
2184 5062 2286 5129 cepe-

260 5195 358 5263 regcs
377 5159 575 5240 Eumenem
598 5177 632 5232 et
655 5157 815 5232 Attalum
837 5155 883 5223 ad
903 5150 1081 5222 aemulum
1104 5167 1248 5235 compa·
1298 5155 1394 5212 runt.
1446 5138 1536 5211 Nam
1560 5154 1594 5212 et
1610 5134 1825 5209 Alexandria
1849 5135 2044 5208 instaurata
2058 5149 2110 5209 est
2123 5133 2286 5210 authori.

261 5274 394 5346 randae
415 5259 649 5340 bibliothecae
666 5259 823 5332 studium
840 5252 1067 5352 provocavit,
1091 5271 1162 5342 qua
1177 5245 1247 5314 nisi
1299 5256 1369 5332 tate
1401 5255 1436 5312 et
1464 5265 1570 5333 opera
1596 5238 1779 5310 Pontificis
1809 5238 1989 5312 cuiusdam
2014 5235 2104 5334 (luit
2127 5239 2224 5311 enim
2249 5241 2287 5310 in

262 5372 443 5450 Antonius
466 5364 653 5440 Triumvir
671 5359 925 5431 Alexandriam
956 5353 1124 5426 translata
1148 5371 1246 5417 com·
1299 5343 1475 5437 principio
1491 5339 1710 5414 Sarracenici
1727 5340 1826 5430 regni
1843 5339 1881 5408 in
1893 5336 2057 5435 Aegypto
2072 5364 2181 5434 penes
2190 5327 2294 5412 Pon?

261 5487 459 5571 pensasset,
499 5467 597 5564 qnod
628 5466 672 5537 de
700 5457 944 5534 Alexandrina
972 5479 995 5530 a
1027 5448 1246 5547 Caesarianis
1299 5446 1426 5531 tifice's,
1451 5467 1541 5540 quos
1560 5438 1728 5537 Caliphas
1751 5453 1942 5527 vocarunt,
1958 5462 2101 5514 summa
2122 5458 2289 5536 potestas,

160 5735 291 5790 „A
