4682 5826
89 252 167 334 ω
367 251 438 322 ’.
671 261 679 278 ·
772 289 775 297 f
848 235 1359 330 ‚tauros-rmorsaa
1432 236 1433 244 ‘
1623 189 1631 213 .
2047 255 2124 334 eso

87 421 452 516 detruncantes
470 445 557 498 uoce
576 415 784 514 Εηπμὶίἰ,
813 445 937 516 sparsa
958 425 998 494 in
1018 441 1081 515 poe
1128 415 1192 496 hie
1204 415 1513 512 annm-expres·
1528 417 1662 514 tamis,
1685 443 1751 515 pet·
1762 422 1932 515 μιῑῑιω,
1957 444 2047 520 quae
2069 444 2124 507 est

88 549 176 599 nere
189 523 362 603 humano.
413 523 479 598 Est
492 522 625 608 homo,
650 539 693 598 ut
708 525 834 597 offerat
858 525 1080 612 eeffieinn,
1130 524 1239 596 uniet
1259 515 1523 618 mihiel&
1538 513 1702 608 Christi,
1727 539 1769 598 nt
1788 538 1937 602 testetur
1956 527 2062 606 notis
2083 547 2121 608 ct

87 630 304 702 derivatain
320 650 394 700 sese
408 621 871 721 irapmgenerebnmsm,
891 651 1014 722 quarm
1037 641 1079 700 ut
1130 623 1237 698 initio
1262 623 1344 696 deri
1368 624 1616 698 remissionem
1641 640 1884 718 peecatorum,
1923 641 1959 704 et
1984 643 2119 722 postca,

86 732 265 804 sustinere
277 743 396 824 posset
407 729 574 817 offerens,
598 742 649 801 cst
664 729 965 824 personadivina,
985 731 1078 802 sient
1129 739 1276 822 propter
1307 724 1475 801 meritum
1507 727 1731 810 mediatoris,
1777 728 1848 804 Dei
1869 744 1915 805 et
1947 727 2119 820 hominist

85 832 273 904 Hebraeos
291 854 391 903 nouo
412 833 560 903 dicitur:
594 829 670 920 Qui
692 855 757 924 per
770 830 947 922 Spiritum
963 845 1078 904 estere
1128 827 1256 901 Postea
1278 827 1416 900 &num
1438 828 1601 902 nominat
1616 831 1901 908 consecutionem
1921 834 2031 908 totius
2052 837 2119 916 be·

84 945 178 1007 num
220 957 295 1006 sese
328 933 460 1006 obtulit
500 934 768 1005 immaculatum
801 931 918 1006 Deo.-
955 928 1005 1006 Et
1037 933 1086 1004 in'
1129 929 1266 1016 amati,
1311 930 1477 1002 videlicet
1508 930 1618 1005 vitam
1650 945 1688 1004 et
1711 932 1906 1008 iusticiam·
1926 950 2118 1025 aeternam,

82 1035 232 1108 Psalmo
249 1033 328 1107 tn:
352 1033 483 1117 Vobn,
507 1048 542 1106 et
557 1034 613 1104 lex
626 1031 695 1106 Dei
711 1035 751 1104 in
764 1038 874 1106 'eorde
888 1058 969 1106 meo
983 1047 1050 1112 est.
1128 1055 1224 1128 quae
1245 1033 1357 1104 datur.
1381 1030 1487 1104 nabis
1514 1034 1741 1122 partilium,
1771 1101 1775 1110 ,
1797 1037 1862 1128 qui
1884 1051 1939 1112 est
1966 1041 2119 1112 verbum

188 1137 411 1230 Deprecator
424 1137 528 1210 etiam
542 1151 594 1209 est
604 1136 702 1208 Deus
715 1151 749 1210 et
765 1133 892 1225 homo,
911 1161 997 1208 nam
1018 1159 1076 1207 ar-
1128 1133 1263 1207 aetemi
1286 1132 1431 1225 patris,
1465 1145 1501 1206 et
1529 1135 1591 1206 dat
1621 1137 1727 1208 nobis
1752 1134 1927 1230 Spiritum
1955 1155 2119 1223 sanctum

83 1261 219 1311 cannru
242 1236 431 1310 eonsilium
451 1239 587 1309 emerui
608 1236 736 1330 patris,
773 1241 818 1310 de
837 1239 986 1332 singulis
1007 1233 1077 1310 ho-
1127 1258 1245 1310 auum.
1296 1231 1698 1338 Invitent-Esaias,
1722 1233 1809 1310 haec
1821 1240 1992 1314 beneficia
2006 1245 2120 1336 arcipi

82 1341 248 1411 minibus
263 1341 361 1410 videt
376 1337 435 1410 hic
452 1341 673 1432 deprecator,
690 1354 734 1412 et
753 1364 820 1434 pro
842 1341 992 1432 singulis
1011 1365 1076 1432 ap-
1127 1333 1197 1408 hoc
1222 1338 1350 1416 mode,
1389 1336 1573 1424 viddieet,
1613 1339 1796 1429 agnitione
1825 1336 1936 1415 huius
1962 1343 2119 1444 miniari

82 1443 199 1534 plicat
217 1443 294 1534 ipse
322 1441 555 1532 sacrificium,
585 1442 684 1535 quod
705 1441 894 1534 iunctura
918 1439 1076 1515 humana
1127 1438 1231 1523 iusti,
1252 1437 1289 1510 id
1306 1451 1375 1520 aet,
1400 1438 1487 1524 fide,
1510 1441 1646 1533 deque
1670 1464 1776 1534 supra
1799 1442 1905 1516 dna:
1932 1443 2023 1534 Quis
2039 1471 2117 1518 cre.

81 1544 195 1614 semel
211 1544 422 1616 factumest.
473 1540 762 1615 SicutHehraeor
775 1544 912 1616 decimo
927 1545 1074 1616 dieitur:
1127 1541 1182 1612 dit
1195 1539 1334 1612 auditui
1349 1539 1484 1622 nostro.
1533 1537 1740 1614 Heroides
1761 1545 1922 1618 inuretur
1942 1548 2117 1623 mediato·
2215 1611 2217 1614 .

81 1643 282 1716 Voluntate
309 1644 421 1735 ipsius
442 1644 649 1716 sanctificati
669 1667 734 1736 per
755 1645 972 1718 oblatione·
996 1669 1076 1717 eon·
1127 1665 1204 1722 rete
1216 1637 1334 1718 Deum
1348 1656 1384 1715 et
1402 1636 1607 1728 hominem,
1630 1657 1667 1714 et
1682 1643 1892 1732 esttenete,
1918 1671 1989 1741 qna
2010 1650 2050 1720 in
2073 1675 2116 1727 eo

41 1748 45 1756 '
79 1748 184 1838 poris
199 1745 278 1818 Iesu
292 1741 441 1816 Christi.
492 1743 602 1818 Item:
626 1744 807 1818 Habentes
825 1748 992 1818 fiduciam
1015 1748 1076 1818 in-
1126 1741 1402 1838 acquiescimus,
1438 1743 1525 1836 quia
1549 1744 1626 1835 ipse
1653 1767 1717 1816 sua
1739 1746 1940 1820 obedientia
1964 1749 2119 1840 placavit
2263 1836 2265 1840 ¹

79 1849 206 1918 trandi
220 1849 259 1916 in
274 1861 395 1918 sancta
409 1870 475 1940 per
490 1849 697 1938 sanguinem
714 1845 805 1923 Iesu.
857 1847 947 1922 Vult
966 1848 1076 1938 igitur
1127 1846 1218 1916 isaar
1233 1844 1367 1918 aeterni
1381 1844 1510 1936 patris,
1536 1857 1574 1917 et
1587 1847 1932 1920 dansrcmitsion·
1953 1867 2118 1942 pcccato-

78 1950 190 2020 Iidem
211 1959 368 2018 nostram
393 1949 528 2020 intueri
548 1945 647 2022 huuc
667 1949 936 2036 mediatorem„
956 1949 1074 2024 Deum
1126 1969 1226 2033 rum,
1247 1945 1355 2016 simul
1369 1946 1409 2016 in
1423 1945 1530 2020 nohis
1546 1960 1599 2020 est
1614 1949 1746 2036 efficax,
1772 1951 1860 2024 sieut
1875 1951 2010 2047 inquit:
2036 1949 2115 2045 Ego

80 2067 122 2120 et
144 2047 350 2132 hominem,
365 2063 412 2118 «οι
432 2049 502 2120 niti
522 2050 634 2142 ipsius
655 2051 828 2124 sacrificio
848 2075 913 2124 seu
935 2051 1075 2136 merito,
1126 2050 1235 2122 vitam
1253 2059 1433 2119 semmam
1448 2049 1572 2120 doeis.
1666 2049 1676 2052 ’
1737 2112 1740 2120 ,
2250 2131 2254 2138 ⁴

77 2164 119 2221 et
140 2151 255 2244 ipsius
277 2151 544 2242 deprecatione,
576 2146 748 2224 hoedum
770 2153 830 2237 fit,
870 2153 978 2224 simul
996 2157 1075 2246 ipse
1225 2147 1374 2242 LXXV.
1416 2148 1540 2241 Fides,
1574 2175 1665 2244 quae
1695 2152 1856 2228 intuetur
1882 2157 2113 2235 mediatorem

78 2267 133 2323 est
147 2253 270 2323 elhcax
284 2251 323 2320 in
342 2251 466 2338 nobis,
489 2268 525 2325 et
537 2253 693 2326 viviticat
707 2277 785 2328 nos.
1125 2249 1243 2324 Deum
1265 2263 1300 2321 et
1321 2245 1525 2336 hominem,
1543 2265 1586 2324 et
1605 2253 1738 2326 nititur
1756 2258 1884 2330 merito
1899 2259 2116 2344 mediatoris,
2248 2309 2251 2317 Δ

176 2350 355 2428 LXXIII.
385 2351 534 2448 Semper
545 2356 586 2426 in
601 2351 667 2427 hac
681 2357 754 2428 vita
771 2356 810 2424 in
825 2353 1073 2428 iustificatione
1125 2377 1186 2425 seu
1216 2351 1351 2444 gratia,
1389 2375 1461 2448 qua
1485 2353 1561 2445 ipse
1582 2369 1745 2447 acceptus
1766 2372 1818 2431 est
1840 2373 1983 2435 aeterno
2000 2361 2117 2463 patri,

76 2447 455 2546 comprehenduntur,
479 2457 588 2529 timul
611 2470 646 2528 et
665 2457 825 2528 remissio
840 2472 1074 2548 peccatorum,
1125 2467 1399 2548 propterquam
1431 2468 1467 2525 et
1494 2477 1579 2542 nos,
1619 2458 1682 2550 qui
1704 2479 1825 2529 sumus
1846 2463 1922 2533 eius
1944 2462 2117 2551 membra,
2234 2493 2237 2504 ·

77 2571 118 2628 et
131 2555 342 2642 vivificatio,
380 2565 471 2650 quae
501 2559 542 2629 lit
567 2581 632 2652 per
659 2559 773 2630 lilium
794 2558 864 2631 Dei
889 2559 929 2628 in
957 2558 1074 2646 nobis,
1124 2555 1258 2649 accepti
1279 2577 1411 2632 sumus.
1462 2549 1560 2628 Haec
1578 2555 1724 2652 inquam
1747 2560 1849 2648 fides,
1874 2585 1964 2655 quae
1987 2554 2116 2656 nititui
2150 2611 2155 2622 ,

77 2658 175 2729 sicut
189 2653 297 2733 Rom.
321 2669 447 2752 quarto
471 2681 632 2750 expresse
656 2654 928 2752 comprehendit
948 2663 1071 2734 remis-
1122 2659 1250 2730 merito
1265 2655 1508 2744 liliiMcssiae,
1535 2671 1588 2730 est
1606 2659 1681 2754 ipsa
1697 2659 1825 2735 fiducia
1841 2661 2117 2750 misericordiae,
2194 2707 2195 2716 κ

77 2760 221 2834 sionem
239 2772 482 2850 peccatoram:
508 2757 609 2834 Beati
625 2762 965 2857 quorumremissac
986 2777 1072 2835 sont
1124 2785 1194 2856 qua
1209 2771 1356 2851 propter
1371 2782 1452 2830 eum
1467 2772 1569 2854 pater
1585 2783 1651 2831 nos
1665 2762 1803 2856 recipit.
1852 2757 2005 2837 Etcum
2021 2755 2115 2836 Proi
2211 2799 2218 2806 ·

76 2861 307 2955 iniquitates,
332 2873 367 2930 et
388 2883 541 2954 quorum
563 2877 656 2936 tecta
672 2874 756 2934 sunt
775 2876 925 2954 peccata.
978 2863 1072 2936 Ver-
1123 2857 1250 2953 phetae
1264 2861 1309 2930 ad
1328 2859 1608 2932 misericordiam
1629 2863 1873 2954 confugerint,
1899 2867 1943 2936 de
1957 2860 2023 2940 hac
2037 2866 2116 2959 ipsa

76 2965 165 3034 bum
181 2961 292 3051 igitur
306 2961 514 3046 iustificare,
535 2965 760 3056 intelligatur
771 2988 812 3034 ex
826 2963 917 3052 reis,
943 2981 977 3038 et
996 2989 1070 3038 non
1122 2963 1192 3034 fide
1207 2974 1416 3052 agnoscente
1429 2973 1465 3032 et
1479 2957 1766 3058 apprehendente
1781 2963 2010 3039 mediatorem
2027 2991 2115 3039 con·
2208 3005 2211 3022 ·

77 3060 296 3134 habentibus
316 3062 493 3133 iusticiam
510 3063 595 3152 Dei,
618 3065 695 3136 lieri
716 3088 792 3136 non
806 3087 904 3153 reos,
927 3071 990 3138 sed
1006 3069 1072 3140 ah-
1123 3066 1330 3150 cionantur,
1354 3075 1500 3156 propter
1519 3088 1623 3159 quem
1644 3066 1818 3157 promissa
1841 3079 1893 3140 est
1911 3069 2114 3140 misericor·
2193 3127 2197 3152 ,

77 3165 235 3248 solutos,
265 3175 299 3234 et
321 3159 492 3236 habentes
508 3163 709 3248 Christum,
734 3167 798 3260 qui
820 3179 855 3238 et
876 3167 997 3246 efficax
1020 3184 1073 3243 est
1124 3169 1199 3253 dia,
1222 3167 1313 3240 sicut
1327 3162 1457 3235 Daniel
1473 3165 1607 3260 inquit:
1632 3163 1716 3238 Non
1737 3181 1882 3263 propter
1896 3183 2034 3242 nostras
2050 3172 2114 3243 iu·

78 3270 115 3336 in
140 3265 269 3346 noble,
296 3278 329 3335 et
347 3265 486 3338 assidue
506 3291 571 3359 pro
590 3269 1071 3363 nobtspatrentnnrpettar,
1122 3269 1257 3348 aticiae,
1283 3269 1342 3336 sed
1361 3267 1400 3335 in
1416 3266 1656 3338 misericordia
1673 3283 1732 3340 tua
1748 3269 1874 3341 exaudi
1888 3295 1954 3341 nos
1968 3286 2115 3376 propter
2229 3354 2236 3369 .
2309 3365 2315 3372 -

77 3383 120 3438 ut
133 3380 281 3459 propter
293 3366 406 3458 ipsius
420 3370 627 3440 sacrificium
642 3371 690 3443 sit
704 3370 880 3463 placatus,
902 3373 1071 3464 etimpn·
1122 3357 1330 3442 Dominum.
1380 3357 1428 3438 Et
1442 3365 1582 3438 Psalmo
1600 3369 1653 3442 6.:
1678 3368 1853 3461 Domine,
1877 3396 1923 3442 ne
1940 3372 1980 3442 in
1993 3374 2115 3447 lurore

74 3467 305 3541 seanrnohis
326 3469 401 3540 eius
423 3470 573 3550 iusticia.
625 3469 704 3543 Hoc
726 3471 771 3542 de
786 3465 921 3542 Christi
943 3474 1070 3545 merito
1124 3484 1325 3566 tuoarguas
1341 3489 1417 3548 me,
1443 3469 1579 3540 salvum
1597 3472 1727 3540 mefac
1744 3487 1889 3564 propter
1913 3473 2115 3547 misericor'-
2167 3517 2172 3523 -

76 3569 267 3662 complecti
283 3593 423 3641 necesre
439 3587 499 3644 est.
1122 3572 1219 3644 mam
1233 3582 1331 3640 tuam
1354 3581 1417 3639 etc.
1469 3565 1518 3640 Et
1533 3567 1674 3640 Psalmo
1699 3573 2007 3668 quinquagesimo:
2037 3573 2114 3646 Miss

182 3669 349 3743 LXXIII.
369 3669 505 3744 *Esaiae
517 3671 741 3748 satietur:
771 3673 1069 3748 Noticiasuiser-
1121 3696 1237 3744 serere
1257 3671 1329 3740 mei
1348 3670 1471 3756 Deus,
1504 3673 1698 3743 secundum
1721 3677 1886 3764 magnam
1910 3667 2114 3754 misericor,-
2182 3744 2187 3750 .

75 3796 145 3845 vus
166 3797 267 3844 meus
289 3774 420 3858 metus,
441 3773 661 3848 iustifioahit
688 3779 833 3853 multos.
898 3776 970 3848 tlte
995 3786 1070 3848 non
1122 3775 1217 3845 diam
1249 3784 1359 3847 tuam.
1428 3771 1500 3844 Ubi
1524 3785 1643 3866 postea
1673 3775 1903 3847 mediatorem
1931 3777 2115 3876 siguificat,

75 3875 230 3945 dubium
253 3887 322 3961 est,
347 3877 420 3946 dici
442 3877 487 3946 de
501 3875 652 3961 Messio,
678 3881 742 3974 qui
762 3880 969 3951 nominatur
984 3878 1070 3950 Ser·
1122 3876 1296 3969 Asperges
1312 3898 1367 3943 me
1376 3868 1531 3944 Domine
1547 3869 1692 3968 hysopo,
1718 3876 1755 3946 id
1775 3892 1845 3981 est,
1870 3891 2016 3971 propter
2029 3901 2114 3950 san-

74 3999 154 4058 vus,
179 3976 218 4045 id
237 3989 299 4058 ert,
325 3977 495 4063 minister,
512 3977 640 4050 mitens
656 3981 699 4052 ad
715 3977 807 4052 hanc
819 3979 1071 4068 obedientiam,
1121 3978 1265 4068 guinem
1297 3975 1362 4044 lilii
1393 3975 1445 4045 tui
1476 3976 1632 4047 remittas
1651 3971 1742 4048 mihi
1765 3969 1940 4077 peccatassf'
1974 3969 2121 4059 Deinde·

74 4095 112 4148 ut
138 4100 260 4148 vocem
277 4074 462 4168 Evangelii
470 4080 682 4172 ‚prolatam
705 4107 747 4153 er
761 4085 843 4153 sinu
856 4084 992 4156 aeterni
1006 4107 1071 4174 pa·
1122 4081 1227 4151 etiam
1260 4100 1341 4146 vere
1367 4077 1412 4146 de
1433 4077 1586 4147 efficacia
1623 4077 1660 4147 iu
1691 4079 1797 4150 nohis
1824 4081 2001 4177 quuitur:
2042 4081 2115 4155 cor

75 4183 163 4260 tris,
199 4175 422 4250 sonetinter
441 4176 625 4269 homines,
647 4179 693 4254 'et
713 4185 774 4256 liat
797 4184 969 4270 Victima,
995 4182 1070 4256 Re·
1122 4182 1296 4252 mundum
1314 4201 1390 4250 crea
1407 4177 1444 4246 in
1462 4201 1517 4247 me
1530 4175 1628 4248 Deus
1642 4192 1706 4251 etc.
1759 4179 2114 4278 Itanbiquevor'tdi·

75 4285 218 4352 demtor
253 4294 288 4352 et
308 4279 491 4363 Salvator,
540 4280 633 4356 siout
655 4283 783 4357 Esaiae
805 4284 868 4360 42.
899 4287 1068 4377 scripturn
1122 4283 1204 4354 vina
1234 4293 1428 4372 utrumque
1461 4280 1648 4370 proponit,
1695 4284 1995 4371 consolationem,
2043 4309 2139 4379 quas

75 4397 145 4452 est:
168 4379 262 4452 Ecce
278 4405 399 4453 servus
413 4405 524 4470 meus,
538 4406 624 4478 ouo
639 4387 832 4460 delectetur
845 4387 963 4458 anima
979 4409 1069 4461 mea.
1121 4396 1267 4478 propter
1285 4381 1523 4452 'mediatorem
1543 4375 1715 4456 habenam
1731 4386 1974 4464 remissionem
1990 4411 2115 4478 pecca-

72 4483 144 4554 llic
165 4483 327 4554 minister
349 4482 445 4578 Deus
468 4481 655 4569 ethome,
701 4487 903 4561 iustificabit
926 4489 1069 4576 multos,
1121 4500 1240 4558 torum
1254 4496 1290 4554 et
1308 4481 1645 4578 reconciliationem.
1694 4481 1835 4558 Deirrde
1854 4500 1890 4558 et
1911 4489 2114 4572 sanctifica*

73 4601 105 4656 et
122 4585 605 4685 remissionempacratarum
630 4591 748 4676 dabit,
774 4605 811 4661 et
833 4589 933 4662 dabit
954 4604 1068 4660 aeter.
1120 4589 1255 4660 tionem
1271 4584 1612 4670 etviviticationeri,
1637 4586 1762 4680 in'qua
1777 4589 1872 4661 lilius
1887 4589 1958 4670 Dei
1976 4615 2057 4668 vere
2073 4591 2114 4663 io

73 4709 157 4758 nam
176 4687 285 4760 vitam
302 4702 337 4760 et
350 4687 548 4785 iusticiam.¹
589 4689 957 4784 Complectiturenim
975 4692 1068 4764 inte·
1120 4691 1227 4764 nobis
1250 4701 1303 4758 est
1325 4687 1456 4759 efficax.
1506 4681 1555 4758 Et
1577 4682 1662 4758 heac
1688 4690 1852 4764 nominat
1870 4689 2004 4778 Paulus
2019 4691 2114 4786 Gra,-

73 4811 176 4877 grnm
192 4789 420 4875 beneficium,
438 4791 536 4864 'elcut
551 4794 719 4869 usitatum
732 4787 784 4867 est
797 4788 836 4867 in
859 4790 1066 4887 prophetico
1118 4793 1204 4866 uam
1219 4785 1671 4888 etDonnmpergratiam,
1697 4805 1853 4883 quaeest
1873 4791 2114 4868 unlus-homi
2161 4788 2181 4804 ’

73 4914 248 4965 sermone.
318 4889 451 4964 Paulus
481 4908 599 4976 autem
630 4891 686 4969 aa
710 4897 873 4971 nominat
895 4895 1066 4971 banebria
1118 4877 1451 4966 nislsrmClrrr‘sti.
1930 4943 1933 4952 .
2090 4895 2092 4900 ’

72 4987 180 5067 Rom.
196 4992 235 5070 6.
263 4991 389 5092 Gratia
401 4990 481 5078 Dei,
506 5011 541 5069 at
551 4999 694 5082 ‚donem
709 4999 950 5094 pergratiam,
976 5023 1066 5094 qrrae
1217 4987 1386 5066 LXXVI.
1424 4989 1598 5080 Quotidie
1622 4991 1669 5062 in
1697 4989 1906 5085 recimtione
1944 4997 2111 5093 symboli,

73 5109 121 5165 eat
135 5096 245 5166 unius
262 5089 420 5166 hominis
433 5086 705 5183 IssuChrs‘slr‘,
732 5101 956 5176 exuberatio
971 5103 1084 5172 mul-¹
1116 5121 1197 5170 oum
1232 5093 1421 5166 recitamus
1453 5092 1662 5164 articulum:
1711 5089 1838 5165 Credo
1855 5100 2113 5182 ,remissionem

72 5206 136 5272 tos.
197 5195 361 5270 Gratiam
384 5193 482 5275 haud
502 5201 614 5272 dubie
634 5204 797 5276 nominat
819 5201 1064 5276 remimionern
1114 5212 1350 5294 peccalorum·
1379 5194 1719 5285 fidfflfflssfil'flt‘mb
1745 5197 2112 5286 025⁰·2121fflhfflil15

72 5311 310 5386 peccaturum,
342 5312 377 5372 et
397 5297 723 5376 reconcIliationem
750 5305 960 5396 gratuitam,
992 5327 1084 5400 ‹pra¹
1114 5321 1256 5397 quoqne
1285 5295 1420 5370 remitti
1448 5307 1607 5388 promta,
1645 5293 1777 5380 Credo.
1791 5298 1890 5373 iuxta
1913 5302 2050 5377 dictum
2069 5303 2111 5380 ie

73 5419 189 5506 sumus
213 5400 347 5498 accepti
359 5401 454 5494 Deo,
479 5417 628 5501 proptor
646 5405 897 5498 mediatorem,
922 5409 1061 5500 dequo
1112 5399 1343 5493 Actiacapite
1357 5397 1515 5482 decimo,
1534 5397 1637 5492 quod
1652 5395 2111 5496 omnesProphctaetesti
2247 5439 2250 5445 ·
