4604 5804
157 299 290 372 -ou
443 368 445 378 g
882 299 885 308 v
988 265 1473 351 orsruramonns
1705 353 1708 360 ,
1850 245 1853 252 ‘
2054 213 2066 226 ¹
2173 267 2246 357 sn

372 403 375 422 Ι
399 464 465 534 Da
488 451 703 534 secunda
735 397 1037 544 quaestione,
1361 392 1463 516 tint.
1495 437 1725 536 Nequaquam
1741 441 1840 514 enim
1861 443 1911 516 ita
1926 443 2162 534 'cogitandum
2179 461 2247 518 eu:

476 553 681 633 'uidelicet
708 553 756 626 de
783 557 924 624 causis.
1129 608 1131 620 .
1212 585 1214 590 ·
1257 540 1459 632 indulgebo
1475 542 1692 614 diffidentiae
1707 556 1770 614 aut
1791 565 1921 635 pravae
1941 546 2148 638 cupiditati,
2184 550 2248 618 do·

1200 707 1209 728 ,
1260 667 1326 714 uec
1339 666 1482 722 sensero
1498 639 1589 712 mihi
1602 644 1701 716 velut
1714 659 1855 730 coacto,
1886 645 1976 719 alios
1996 647 2249 722 uovos'motus
2290 642 2293 648 ’

325 722 423 798 Vlll.
460 722 617 793 illustria
634 715 837 789 testimonia
853 695 936 784 sunt
952 713 1027 782 veri
1043 723 1077 781 et
1092 733 1211 802 magns
1260 744 1389 817 insito,
1408 767 1502 831 em,
1542 744 1603 814 ,ed
1628 745 1782 818 lucum„
1804 747 1989 838 voluntas,
2030 771 2075 820 a,
2097 751 2249 840 repellat

194 827 405 907 'amorisin
422 813 959 936 D⁰⁰ffsslsse¹¹⁰⁵‚h⁰m³¹¹¹¹m‚2
993 813 1091 930 qf¹⁰d
1114 812 1210 930 ‘bin
1261 845 1435 937 Spiritum
1455 857 1628 921 sanctum.
1682 845 1756 918 Nec
1783 869 1908 935 sensus
1937 871 1999 920 seu
2030 853 2250 940 experientia

224 931 400 1006 creatione
417 929 455 995 in
473 948 540 995 nos
560 921 752 993 transfudit
772 941 854 1034 snae
876 927 1070 1031 saptentrae
1095 927 1142 1030 et·
1153 937 1212 1032 ru·
1261 959 1462 1038 praecurrat
1478 946 1604 1030 fidem,
1629 959 1671 1017 ut
1687 971 1768 1018 cum
1782 948 1944 1040 explora,
1960 973 2008 1020 a„
2022 972 2115 1044 aqua
2131 949 2251 1025 “1545

224 1034 344 1108 aticiae
366 1029 504 1111 radios,
545 1037 580 1094 et
604 1023 733 1092 deinde
757 1019 870 1089 filrnm
894 1042 959 1109 pro
983 1017 1087 1086 nolns
1108 1027 1212 1131 vacti-
1262 1049 1310 1119 sit
1334 1061 1397 1118 aut
1417 1047 1569 1136 frigida,
1603 1049 1665 1116 sed
1696 1047 1994 1132 fidffl'mpmdat
2020 1075 2166 1124 sensum
2190 1067 2252 1125 am

223 1158 317 1230 ’ΜΨ
334 1153 406 1200 ²⁸⁵⁰
421 1125 553 1245 V⁰¹⁰if³
580 1146 627 1193 ¹¹²
644 1133 758 1192 ²⁰¹¹¹m
775 1113 1095 1236 &enuihpmanum
1117 1139 1213 1204 ΡΨ·
1261 1149 1429 1220 laetitiam
1445 1149 1485 1216 in
1498 1150 1614 1222 corde.
1663 1146 1774 1220 Recte
1791 1149 1899 1239 igitur
1911 1151 2046 1239 dictum
2062 1166 2130 1225 est:
2158 1153 2252 1226 itast

222 1250 296 1316 ret,
336 1247 371 1302 et
395 1230 492 1322 qnod
515 1249 554 1294 m
577 1247 641 1294 nos
662 1223 814 1292 effundat
834 1221 1009 1338 Spintum
1040 1229 1211 1334 sanctum,
1260 1243 1368 1343 μὲνὸ
1385 1243 1493 1339 θεὸς,
1517 1240 1751 1342 βουλόμενον
1771 1244 1812 1322 δὲ
1834 1249 1937 1326 ἕλκει.
1987 1249 2155 1327 &istud
2173 1253 2253 1326 Au.

225 1337 289 1431 ‘1¹¹i
313 1346 364 1404 ⁸⁸²
388 1322 585 1420 ὀμθθύσως
609 1338 752 1442 ³²f⁰m⁰
777 1335 870 1415 ΡΜΠ
891 1333 925 1390 ⁶²
948 1319 1022 1389 5¹¹⁰
1045 1340 1121 1389 ‘¹¹¹⁵
1135 1313 1213 1386 ΠΟ·
1261 1351 1411 1442 gustini:
1436 1348 1631 1422 Praeednte
1649 1351 1781 1440 gratia,
1805 1345 1996 1425 comitante
2010 1355 2211 1428 voluntate.

223 1439 323 1508 mino
340 1445 463 1502 11⁰⁵lr⁰
480 1429 560 1498 1²⁸⁰
576 1421 733 1498 Chffiffl·
1362 1447 1463 1522 XIV.
1493 1449 1576 1520 Non
1593 1453 1639 1523 sit
1660 1451 1769 1541 igitur
1789 1452 1917 1541 ignava
1937 1456 2121 1543 voluntat,
2145 1483 2251 1549 praes

30 1593 34 1600 ·
149 1589 152 1594 ·
260 1611 265 1619 -
323 1565 388 1638 IX.
415 1543 488 1636 Nec
503 1585 587 1632 vero
602 1560 717 1630 maius
731 1581 770 1628 ac
784 1555 910 1627 melius
925 1554 1113 1648 quicquam
1129 1555 1220 1624 dare
1262 1553 1383 1625 sertim
1399 1542 1480 1623 cnm
1498 1551 1654 1644 Spiritus
1675 1565 1817 1624 sanctus
1838 1555 2024 1627 restituere
2046 1559 2249 1630 libertatem

194 1689 197 1694 ·
225 1673 323 1745 Deus
337 1680 470 1759 potest,
496 1687 603 1757 quam
618 1657 712 1730 hanc
725 1659 830 1728 talem
846 1657 1044 1728 societatem
1060 1656 1116 1726 sui
1130 1652 1213 1744 Spi-
1263 1653 1428 1747 coeperit,
1450 1676 1569 1723 severe
1583 1653 1734 1744 imperet
1747 1656 1901 1728 externis
1914 1659 2096 1745 membris,
2114 1673 2249 1752 pugnet

225 1776 334 1856 ritus,
359 1791 430 1861 quo
448 1771 515 1838 no's
530 1787 611 1834 curn
630 1758 816 1832 divinitate
833 1759 995 1849 copulat,
1028 1770 1064 1827 et
1087 1779 1214 1826 accen·
1262 1769 1302 1828 ut
1316 1755 1467 1827 retineat
1483 1751 1551 1824 Dei
1570 1756 1717 1829 donum.
1770 1753 1891 1844 Quare
1905 1755 2037 1830 Paulus
2057 1763 2250 1853 praecipit:

98 1879 101 1884 ’
217 1861 280 1944 ‘dit
311 1873 351 1940 in
383 1869 488 1940 nobis
516 1887 637 1934 veram
670 1863 806 1941 lucem,
841 1859 1016 1928 iusticiam
1038 1871 1073 1928 et
1093 1858 1214 1927 vitam.
1263 1853 1453 1928 Ambulate
1467 1869 1645 1941 accurate,
1669 1879 1745 1926 non
1760 1869 1800 1928 ut
1814 1858 1984 1944 iatui‚id
2006 1875 2073 1946 est,
2097 1865 2252 1955 quibus-

227 1975 390 2065 Snntqua
423 1965 611 2040 execrandi
642 1965 779 2033 furores
808 1955 1101 2048 'Pelagianorum,
1151 1956 1214 2048 qui
1263 1959 1351 2028 libet
1381 1957 1611 2049 opinionibus
1646 1957 1724 2027 sine
1762 1958 1896 2032 iudicio
1926 1962 2186 2054 applaudentes
2218 1980 2251 2035 et

226 2072 405 2145 horrenda
423 2070 602 2161 impietate
617 2067 651 2134 et
665 2062 921 2155 ingratitudine
941 2072 1072 2147 negant
1089 2055 1214 2128 Eccle-
1262 2072 1404 2128 ruentes
1419 2081 1491 2150 qno
1504 2059 1694 2150 impellunt
1708 2073 1864 2132 errantes
1881 2061 2103 2151 cupiditates.
2146 2061 2198 2136 Et
2212 2068 2251 2134 in

227 2179 298 2246 siae
313 2173 391 2244 dari
406 2170 581 2261 Spiritum
600 2179 780 2245 sanctum,
808 2175 842 2234 et
865 2161 1015 2253 superbe
1036 2159 1214 2230 affirmant
1263 2159 1404 2230 Psalmo
1417 2159 1564 2228 dicitur:
1593 2157 1713 2229 Nolite
1728 2161 1805 2228 lieri
1820 2161 1911 2232 sicut
1927 2185 2040 2254 equus
2059 2177 2094 2234 et
2118 2168 2250 2242 mulus.

226 2274 388 2346 homines
410 2273 480 2362 legi
497 2268 565 2340 Dei
587 2267 783 2337 satisfacere
806 2285 908 2356 posse
932 2261 1086 2353 propriis
1107 2257 1214 2330 huius
1262 2257 1406 2332 Etcum
1423 2260 1728 2331 veredictumsit:
1755 2259 1879 2331 Vitare
1894 2277 2045 2354 peccata,
2070 2279 2124 2336 est
2139 2268 2251 2339 vitare

198 2450 201 2456 ,
226 2376 375 2446 miserae
392 2389 426 2446 et
442 2370 680 2462 languefactae
697 2380 846 2437 naturae
862 2363 1010 2438 viribus.
1264 2363 1462 2432 occasiones
1478 2373 1720 2452 peccatorum,
1749 2361 1878 2456 aliquis
1900 2375 1952 2434 est
1974 2365 2074 2436 locus
2095 2368 2251 2457 diligen-

1263 2465 1333 2533 tiae
1348 2459 1523 2532 hnmanae
1539 2461 1577 2530 iu
1600 2463 1754 2532 vitandis
1774 2464 2034 2551 occasionibus,
2062 2479 2104 2558 ut
2121 2465 2249 2561 loseph

1264 2565 1398 2635 vitabat
1430 2563 1607 2656 colloquia
1638 2563 1828 2634 familiaria
1854 2565 2032 2640 dominae.
2092 2567 2250 2658 Agamus

1264 2660 1472 2738 autom·Deo
1497 2663 1628 2753 gratias
1647 2665 1732 2736 totis
1751 2665 1974 2766 pectoribus,
1999 2669 2097 2761 quod
2122 2671 2164 2740 in
2185 2667 2250 2742 hac

1264 2789 1391 2857 magna
1413 2765 1653 2836 imbecillitate
1675 2785 1740 2837 nos
1762 2766 1935 2838 luctantes
1949 2791 2014 2839 suo
2031 2769 2172 2862 Spiritu
2187 2775 2249 2844 ad·

1265 2870 1382 2953 iuvat,
1419 2867 1509 2956 regit
1533 2866 1679 2938 consilia
1704 2866 1743 2936 in
1763 2867 1887 2946 multis
1907 2870 2031 2956 rebus,
2066 2896 2159 2964 quae
2182 2871 2249 2945 hn-

1265 2992 1368 3039 mana
1384 2967 1572 3066 prudentia
1590 2967 1665 3056 regi
1679 2991 1754 3038 non
1768 2981 1936 3059 possunt,
1960 2970 2071 3044 flectit
2082 2975 2250 3049 voluuta-

1264 3084 1334 3140 tem
1349 3069 1393 3138 ad
1410 3070 1524 3148 bona,
1548 3069 1712 3158 reprimit
1731 3071 1936 3140 temerarios
1951 3070 2107 3163 impetus
2123 3078 2248 3158 cordis,

1266 3173 1326 3242 dat
1351 3170 1466 3244 bonos
1488 3167 1602 3240 exitus
1626 3169 1667 3238 in
1687 3169 1842 3258 negociis
1864 3171 2187 3261 inextricabilibus,
2219 3191 2250 3248 et

1179 3337 1188 3354 ,
1265 3271 1449 3346 continuat
1475 3269 1611 3340 mentes
1638 3282 1672 3340 ct
1693 3271 1913 3358 voluntates,
1954 3296 2000 3344 ue
2023 3295 2045 3346 a
2066 3272 2146 3348 Deo
2166 3279 2249 3348 defi.

1266 3373 1370 3442 ciant.
1422 3367 1523 3442 Sicut
1534 3367 1667 3442 Paulus
1682 3371 1817 3464 inquit,
1842 3369 1970 3446 Roma.
1990 3372 2039 3446 8.:
2073 3373 2117 3448 τὸ
2141 3383 2248 3452 πνεῦ-

1265 3497 1319 3566 μα
1338 3464 1729 3566 συναντιλαμβάνεται
1743 3471 1826 3552 ταῖς
1841 3467 2041 3558 ἀσθενείας
2056 3482 2178 3570 ημῶν.

227 2503 230 2514 ’
295 2557 298 2562 -
329 2507 376 2578 Χ.
410 2503 488 2580 Etsi
505 2520 538 2576 et
557 2527 632 2573 non
655 2499 770 2572 renati
793 2497 913 2592 aliquo
937 2499 1045 2567 modo
1067 2508 1216 2586 possunt

230 2624 372 2683 externo
396 2609 482 2698 legis
500 2629 607 2698 opera
632 2605 764 2685 facere,
796 2599 880 2693 quia
903 2612 946 2670 ut
966 2597 1154 2701 disciplina
1176 2599 1215 2665 in

64 2737 75 2746 “
135 2731 139 2734 ’
229 2721 304 2786 to'to
331 2734 457 2801 genere
478 2703 636 2779 humano
658 2715 833 2781 servetur,
873 2715 908 2769 et
938 2699 1070 2769 servari
1095 2698 1216 2790 possit,

230 2812 347 2886 voluit
365 2809 462 2882 Dens
484 2805 576 2878 hanc
600 2807 797 2876 libertatem
823 2801 996 2894 reliquam
1017 2823 1105 2886 esse,
1146 2823 1215 2892 qua

199 2943 202 2949 ·
230 2915 395 2984 voluntas
414 2909 571 2982 barmana
592 2907 681 2996 regit
703 2918 845 2975 externa
867 2903 1044 2986 membra,
1078 2923 1139 2972 seu
1162 2903 1216 2970 lo-

231 3016 464 3096 comotivam,
489 3016 531 3081 itt
545 3009 671 3078 usitate
688 3005 887 3096 loquimur,
919 3016 1039 3072 tamen
1057 3003 1134 3071 sine
1152 3025 1216 3071 au-

230 3115 316 3186 xilio
340 3113 495 3206 Spiritus
516 3109 627 3180 sancti
650 3130 723 3176 uon
746 3099 936 3173 inchoatur
960 3102 1110 3174 interior
1130 3104 1217 3173 obe·-

231 3215 378 3286 dientia.
704 3235 710 3238 ·
768 3209 771 3216 '

259 3425 262 3436 ¹
335 3345 409 3422 stt..
434 3341 549 3414 Datur
571 3355 688 3412 autem
710 3337 864 3430 Spiritus
886 3351 1043 3421 sanctus,
1075 3357 1155 3408 cum
1177 3360 1216 3406 m

179 3507 182 3520 .
231 3448 465 3524 conversione
488 3467 557 3515 seu.
574 3439 790 3535 poenitentia
812 3435 1134 3528 vocem'Evangetti
1153 3462 1217 3510 au·

236 3539 629 3635 dimusetcogitamus,
666 3554 701 3610 ct
725 3543 830 3610 corda
852 3539 921 3609 fide
943 3540 1146 3629 eriguntur,
1185 3552 1216 3609 et
1860 3603 1873 3628 .

122 3665 124 3668 ’
231 3655 331 3725 inea
353 3647 595 3727 consolatione
617 3653 857 3734 sustentantur
878 3639 1058 3730 agnitione
1079 3640 1218 3709 miseri·
1474 3641 1542 3712 De
1569 3641 1718 3710 tertia
1746 3646 2047 3734 quaestione:

230 3753 376 3824 cordiae
388 3745 474 3833 Dei,
500 3760 535 3816 et
550 3744 725 3836 incipiunt
739 3742 956 3834 acquiescere
971 3735 1114 3825 inDeo,
1138 3765 1217 3820 cnm
1391 3739 1571 3830 Quomodo
1596 3743 1874 3834 placentam
1900 3741 2124 3820 obedientia.

159 3927 163 3933 ,
236 3857 420 3934 invocare,
445 3860 480 3918 et
500 3861 541 3916 ut
552 3845 685 3914 Paulus
708 3843 843 3934 inquit,
869 3843 1019 3912 clamare
1035 3835 1140 3912 Abba
1156 3865 1219 3933 pa-

237 3969 303 4024 ter.
365 3949 449 4018 ldeo
468 3943 601 4016 Paulus
624 3943 785 4012 nominat
804 3940 1038 4032 Evangelium
1059 3943 1220 4013 ministe-

239 4056 334 4124 rium
360 4048 525 4141 Spiritus.
591 4041 697 4114 Item:
734 4039 967 4130 Evangelinm
992 4057 1044 4114 est
1064 4045 1220 4135 potentia

237 4153 308 4228 Dei
327 4155 373 4223 ad
393 4151 539 4222 salutem
561 4145 663 4217 omni
685 4144 853 4216 credenti.
914 4141 963 4216 Et
986 4144 1027 4214 in
1050 4141 1220 4216 Zacharia

207 4255 208 4258 ¹
240 4257 386 4328 dicitur·
419 4249 614 4322 Effundam
630 4269 735 4338 super
756 4247 901 4316 domum
918 4243 1034 4315 David
1048 4245 1221 4338 Spiritum
1270 4181 1447 4264 adduam
1468 4203 1534 4296 ω·
1552 4179 1753 4270 placeamus
1774 4177 1871 4310 ,Μ’
1901 4173 2058 4254 ‘'male‘'
2081 4191 2249 4320 “ffudhb

176 4422 185 4438 Ι
240 4308 611 4448 gratiae'etpmum'
643 4347 1222 4440 videlicetquomoveamur,u1
1270 4307 1316 4352 an
1330 4283 1416 4353 tales
1430 4283 1550 4350 iecerat
1565 4276 1734 4378 haeredes
1748 4295 1840 4352 vitae
1866 4295 2042 4362 aeternae.
2106 4285 2249 4378 becesse

241 4455 468 4530 assentientes
486 4452 562 4524 voci
580 4445 767 4539 Evangelii
785 4459 978 4518 statuamus
1000 4473 1067 4530 uos
1090 4472 1162 4520 esse
1184 4449 1222 4519 in
1271 4377 2078 4575 Σῗξοῖῖὶἱωέἐῑᾝὲξῖθεὲᾓζιξᾚῌῗεὲ
2093 4412 2249 4562 311ῗὲἕέ

135 4549 138 4556 i
241 4559 370 4650 gralia,
402 4547 1223 4660 '01histfid‘³⁰⁰²d⁰¹¹¹²⁵³dneumi¹¹l⁰⁰⁰‘
1271 4583 1448 4658 Ecclesiae
1470 4583 1553 4656 Dei.
1608 4582 1786 4656 Dubitant
1810 4587 1855 4654 de
1878 4587 2060 4659 voluntate
2082 4586 2151 4660 Dei
2175 4615 2249 4683 erga

241 4685 338 4746 mus,
363 4671 431 4729 etc.
849 4745 854 4748 ,
956 4765 958 4770 Ι
1273 4711 1309 4760 sc
1325 4689 1394 4758 viri
1409 4699 1625 4780 praestantes
1643 4686 1793 4772 virtute,
1819 4687 2012 4768 Aristides,
2037 4688 2248 4784 Xenophon,

344 4786 430 4861 Xll.
471 4757 700 4858 Concurrunt
722 4783 840 4875 itaque
865 4778 932 4854 hae
964 4808 1103 4872 causae,
1143 4812 1224 4858 ver·
1272 4788 1424 4874 Atticus.
1481 4785 1553 4858 Sed
1575 4782 1777 4873 Abraham,
1799 4785 1963 4874 Petrum,
1986 4787 2161 4881 Paulum,
2191 4818 2248 4862 ne-

244 4895 330 4962 hnm
344 4887 431 4974 Dei,
464 4902 498 4958 et
514 4883 670 4976 Spiritus
695 4896 834 4954 sanctus
855 4884 1037 4977 illustrans
1058 4903 1224 4975 mentem,
1274 4903 1433 4966 cesseest
1448 4913 1522 4958 non
1537 4889 1718 4972 dubitare,
1742 4910 1789 4958 an
1803 4884 1881 4959 Deo
1901 4891 2081 4980 placeant,
2114 4917 2161 4964 an
2183 4897 2248 4965 sint

194 4990 195 4994 ’
245 5006 282 5087 et
300 4991 471 5062 adiuvans
501 4989 737 5068 voluntatem,
776 4997 811 5055 et
834 4986 999 5060 voluntas
1020 5013 1096 5058 non
1119 5013 1225 5083 repu·
1275 4995 1314 5062 in
1342 4993 1483 5082 gratia,
1502 5016 1549 5062 an
1579 4990 1815 5062 exaudiantur
1842 4988 1981 5076 aDe0‚
2020 4992 2117 5066 iuxta
2146 4997 2247 5066 illud:

164 5087 168 5107 '
226 5113 377 5186 gnans,
403 5092 464 5161 sed
482 5089 691 5173 assentiens,
715 5087 909 5178 etquidem
927 5113 1008 5160 cum
1033 5091 1103 5162 iam
1125 5093 1227 5162 iuve-
1276 5089 1397 5164 Omne
1411 5094 1507 5186 quod
1522 5105 1661 5164 nonest
1677 5114 1718 5160 ex
1733 5091 1803 5160 lide
1821 5105 2001 5182 peccatum
2019 5109 2080 5166 est.

167 5203 176 5212 '
248 5211 307 5270 tur
318 5191 458 5286 Spiritu
473 5202 613 5274 sancto,
635 5188 773 5260 luctans
789 5203 823 5259 et
838 5190 913 5279 ipsa
929 5215 1010 5261 cum
1024 5192 1228 5266 infirmitate
1376 5193 1477 5269 XVI.
1517 5191 1637 5282 Quare
1664 5193 1816 5262 maxime
1842 5194 2076 5266 necessarium
2107 5212 2176 5278 est,
2213 5197 2245 5266 in

249 5311 388 5380 nostra,
413 5307 447 5364 et
461 5314 535 5360 non
551 5289 740 5380 indulgens
756 5289 995 5380 diffidentiae,
1016 5308 1051 5366 ct
1074 5294 1153 5366 aliis
1174 5295 1226 5366 vi·
1276 5307 1373 5368 tanta
1388 5293 1677 5366 dissimilitudine
1693 5307 1727 5366 et
1741 5293 1946 5366 infirmitate
1957 5297 2142 5386 virtutum,
2161 5312 2247 5370 certo

250 5399 349 5473 gost,
365 5393 561 5468 affectibus,
815 5467 825 5482 .
1024 5459 1026 5464 ,
1177 5447 1180 5452 ⁴
1277 5399 1386 5483 scire,
1409 5397 1588 5491 quomodo
1611 5396 1773 5488 placeant
1796 5391 1874 5466 Deo
1897 5399 2056 5470 membra
2072 5393 2249 5472 Ecclesiae.

1368 3873 1450 3953 XV.
1481 3869 1573 3948 Cum
1590 3874 1630 3944 in
1643 3869 1710 3945 bac
1724 3877 1869 3946 mortali
1889 3877 1961 3950 vita
1977 3882 2084 3954 nobis
2106 3884 2148 3952 in
2169 3909 2249 3956 con-

1269 3991 1390 4072 spectu
1405 3978 1477 4048 sint
1490 3977 1623 4048 multae
1637 3989 1779 4050 nostrae
1793 3979 1932 4072 sordes,
1958 3983 2161 4056 excruciant
2176 3987 2248 4056 aui-

1268 4102 1345 4149 mos
1361 4091 1406 4176 νεἰ
1429 4077 1631 4170 impediunt
1657 4078 1916 4150 invocationem
1933 4075 1999 4152 bae
2012 4085 2249 4158 dubitationes
