4606 5822
57 282 120 370 aa
580 348 584 356 ,
675 265 940 358 auteurs
971 260 1425 367 unnsnrnorus.
1990 275 2067 359 sss

54 441 516 542 numano-,mama
542 437 730 528 Damius
752 439 853 524 dislt·
872 441 924 526 ed
947 462 1020 520 me:
1167 435 1238 522 28,
1269 433 1625 537 ldssadicitllsulas
1647 462 1730 518 eum
1747 443 1814 520 atr:
1839 443 1974 524 'Graue
1995 451 2066 524 nde

56 553 150 634 Filius
160 574 309 634 mansas
322 563 373 628 to.
425 547 536 634 Item.
564 547 759 631 cumides
778 545 915 620 nitatur
937 567 1022 636 prm
1069 538 1323 628 iustificantur,
1357 555 1393 617 et
1414 541 1638 621 damnandae
1656 560 1742 620 susat
1758 552 1980 645 marsptelse
1999 577 2067 646 pe·

53 657 188 746 molgato
202 655 336 738 verbm-
354 651 601 746 ouelinolttt
615 665 690 728 esse
713 649 800 728 fides
821 646 903 724 siue
922 645 1022 735 cogi·
1070 641 1226 734 poetae,
1252 639 1501 730 Qiandriccs,
1526 639 1812 739 Thammes-icae,
1837 675 1928 748 qnae
1942 677 2066 730 omnes

55 758 166 830 tatione
194 757 342 848 scriptae
370 751 574 832 doetrinae?
640 749 748 826 Tales
774 741 1021 828 Enthusiasmi
1072 745 1201 835 reipsa
1225 744 1377 816 similem
1401 742 1648 838 synecdochen
1670 749 1825 842 lingunt:
1857 755 2067 850 Fideprae-

53 861 175 935 foerunt
193 858 293 929 initia
315 857 479 934 furorum
496 853 870 944 Anabaptistieornm,
896 845 1021 924 utPe·
1072 869 1256 937 paramur,
1281 847 1703 937 utposteaaliareiuste
1721 854 1844 927 simos
1885 855 2067 931 -Mnnachi

52 962 169 1052 largum
192 973 226 1030 et
246 953 489 1050 Mopetarium
518 952 719 1025 audivimus
748 953 917 1024 iactantes
939 971 1022 1043 suos
1068 948 1215 1027 dieunt:
1242 947 1444 1025 dilectione.
1496 944 1681 1026 Osiander
1704 956 1867 1032 nominat
1890 983 1965 1030 non
1989 961 2067 1032 sir·-

54 1055 199 1148 adllitos,
225 1061 526 1150 etadspernantes
544 1055 742 1131 doctrinam
759 1055 938 1146 scriptam.
1073 1062 1181 1130 tutes,
1222 1070 1285 1120 seu
1309 1048 1471 1135 effectus,
1513 1051 1574 1122 scd
1594 1077 1735 1127 cansam
1757 1055 1986 1148 efficientem,
2016 1063 2067 1135 ait

136 1157 193 1236 25.
226 1159 269 1232 ln
281 1156 478 1230 ministerio
494 1147 666 1227 dtv‘intros
682 1153 861 1242 instituto,
886 1152 1023 1246 primus
1071 1146 1254 1221 hominem
1270 1149 1341 1221 fide
1356 1153 1577 1242 praeparari,
1602 1168 1644 1230 nt
1664 1169 1784 1248 postu
1799 1159 1914 1233 iucem
1927 1162 1977 1233 eie
1989 1161 2067 1236 De„

55 1263 204 1341 Sacerdos
233 1262 304 1336 fuit
332 1262 407 1356 ipse
437 1260 531 1335 filius
565 1253 660 1330 Dei
693 1253 804 1357 λόγος
835 1257 1021 1350 alloquens
1072 1253 1149 1344 ipso
1165 1251 1339 1324 efficiente
1353 1251 1392 1322 in
1410 1275 1452 1323 eo
1474 1277 1586 1324 novas
1602 1257 1761 1335 virtutes.
1811 1260 1872 1336 stc
1890 1263 2067 1360 interpre-

55 1362 151 1436 Adam
174 1381 206 1443 et
218 1364 374 1460 lberam,
400 1384 552 1457 arguens
568 1372 768 1454 peccatum,
793 1372 831 1430 et
848 1359 939 1428 iram
955 1353 1022 1429 Dei
1073 1366 1168 1426 tatur
1183 1352 1258 1444 ipse
1273 1351 1448 1424 iusticiam
1466 1357 1698 1434 essentialem.

55 1469 236 1553 ostendens,
270 1465 399 1562 deinde
422 1477 456 1534 et
477 1462 719 1560 promissione.
736 1460 830 1532 edita
852 1479 1023 1550 revocans
1174 1453 1236 1530 29.
1266 1449 1346 1526 Etsi
1360 1469 1505 1528 renatos
1519 1471 1571 1530 est
1586 1459 1761 1554 templum
1776 1459 1866 1556 Dei,
1898 1480 1934 1543 et
1954 1468 2068 1552 reris?

54 1568 219 1641 morituros
247 1593 291 1638 es
316 1578 442 1637 morte.
502 1562 572 1634 Hic
601 1585 759 1632 summos
788 1559 959 1633 Sacerdos
989 1572 1023 1630 et
1073 1555 1203 1630 simum
1220 1568 1367 1630 esteum
1382 1557 1570 1648 gubernari
1588 1557 1703 1649 aDeo,
1727 1565 2069 1651 etineoinchoatam

54 1668 193 1762 deinceps
217 1672 316 1752 adest
339 1664 538 1736 ministerio
557 1659 761 1752 Evangelii,
788 1677 821 1734 et
844 1676 896 1734 est
918 1662 958 1752 in
981 1683 1022 1730 eo
1039 1751 1042 1758 ι
1073 1660 1287 1731 essenovam
1305 1659 1562 1746 obedientiam,
1582 1661 1672 1737 sicut
1687 1666 1857 1760 scripturn
1873 1685 1942 1744 est:
1961 1670 2067 1764 ‚Dabo

22 1755 26 1766 ’
55 1770 169 1856 efficax,
205 1773 303 1841 iuxta
333 1768 486 1837 dictum:
516 1761 752 1854 Evangelium
781 1777 834 1836 est
864 1762 1021 1855 potentia
1074 1762 1186 1852 legem
1203 1784 1319 1829 meam
1334 1759 1373 1831 in
1389 1762 1497 1831 corda
1512 1785 1652 1836 eorum:
1686 1769 2068 1855 tamsnrenatiinhae

54 1866 105 1940 Ilei
132 1873 173 1942 ad
207 1872 358 1944 salutern
394 1861 494 1938 omni
527 1865 705 1951 credenti,
750 1863 878 1938 Roma.
910 1863 1025 1956 capite
1075 1863 1147 1933 vita
1168 1860 1293 1954 procul
1315 1862 1486 1933 absorta
1511 1865 1724 1956 perfectione
1749 1869 1855 1960 legis,
1888 1884 1925 1944 et
1944 1868 2069 1954 haereu

54 1973 158 2062 primo,
254 1971 257 1978 '
293 2019 298 2028 .
1074 1959 1191 2034 adhuc
1207 1962 1311 2034 ineis
1326 1985 1452 2054 magna
1467 1963 1577 2036 moles
1590 1965 1741 2066 peccati,
1763 1971 1949 2064 multiplex
1963 1974 2069 2066 igno.

133 2071 192 2148 26.
221 2065 394 2145 Ostendit
408 2063 505 2142 Deus
527 2065 616 2140 iram
638 2060 738 2140 sua'm
761 2068 927 2141 adversus
943 2089 1024 2160 pec-
1074 2064 1209 2146 cantia,
1236 2064 1356 2156 magni
1370 2065 1501 2138 fluctus
1513 2066 1797 2158 dubitationum,
1822 2074 1928 2146 multi
1943 2099 2068 2164 erran-

54 2187 128 2258 eata,
150 2198 232 2246 voce
251 2168 445 2244 ministerii
457 2184 491 2241 et
506 2169 721 2252 terroribus,
748 2169 945 2264 dequibus
968 2169 1024 2238 di·
1074 2182 1126 2239 tes
1143 2167 1317 2251 adfectus,
1342 2165 1429 2238 alias
1442 2167 1549 2242 stulta
1564 2169 1744 2260 securitas,
1767 2173 1855 2246 alias
1868 2177 1977 2269 stulta
1990 2190 2069 2254 tre-
2183 2219 2228 2272 „-

55 2274 141 2346 citur:
175 2273 279 2348 Sicut
294 2273 349 2342 leo
365 2270 535 2345 contrivit
550 2272 672 2344 omnia
688 2295 765 2346 ossa
782 2291 870 2342 mea.
921 2265 970 2347 Et
985 2269 1024 2338 in
1074 2268 1231 2362 pidatio,
1252 2266 1358 2340 multi
1372 2267 1492 2362 lapsus
1508 2270 1749 2360 ignorantiae,
1782 2276 1896 2368 turpis
1911 2278 2068 2370 'ingrati-

54 2369 176 2452 Psalm.:
201 2373 335 2446 Veniet
349 2370 445 2445 Dens
459 2387 598 2458 noster,
623 2388 657 2444 et
677 2399 752 2442 non
773 2371 908 2457 silebit,
932 2371 1025 2466 ignis
1076 2369 1173 2442 tudo.
1219 2365 1384 2464 Denique
1399 2371 1608 2459 magnitudo
1623 2389 1763 2464 peecata
1780 2373 1898 2450 adhuc
1911 2379 1950 2450 in
1963 2381 2070 2453 nohis

55 2475 201 2550 devorans
223 2475 403 2548 antecedit
425 2498 518 2545 cum.
572 2469 750 2544 Ostendit
765 2473 849 2544 item
872 2473 962 2542 icam
986 2471 1024 2542 in
1077 2467 1253 2542 haerentis
1269 2493 1341 2538 non
1359 2471 1501 2560 penitus
1517 2475 1741 2563 perspicitur,
1755 2481 1814 2548 sed
1830 2481 1952 2554 crescit
1967 2483 2070 2573 agni-

55 2569 215 2650 horrendis
234 2575 452 2670 spectaculis
468 2597 665 2664 poenmum
685 2575 889 2654 alienarum
900 2587 936 2645 ct
958 2579 1042 2645 no-'
1076 2573 1126 2644 tio
1143 2573 1183 2642 in
1198 2569 1373 2644 exercitiis
1394 2573 1631 2663 poenitentiae
1652 2588 1687 2648 ct
1709 2575 1749 2648 iu
1772 2603 1886 2654 cruce.
1945 2577 1994 2653 Et
2015 2585 2075 2657 fas·

55 2691 203 2767 ancum,
234 2702 280 2750 ac
304 2677 456 2748 mxime
481 2677 521 2746 in
543 2689 656 2746 morte
676 2676 754 2750 filii.
805 2671 894 2744 Vult
916 2673 1026 2764 igitur
1079 2687 1198 2746 tentor
1222 2671 1457 2759 cancticum
1481 2673 1765 2761 immunditiem,
1796 2693 1832 2751 et
1849 2703 1925 2750 eam
1944 2683 2069 2774 deploe

54 2801 104 2852 nos
115 2776 537 2876 erpareseereaguitiene
553 2777 743 2863 irsesuse,
767 2775 1026 2846 rultnosassi-
1078 2788 1157 2846 rant
1186 2774 1376 2864 gemitibus
1405 2773 1714 2854 inenarrabilibus.
1779 2778 1880 2852 Sicut
1906 2780 2070 2874 Psalrnus

54 2878 107 2952 doe
119 2885 288 2954 clamare:
306 2875 493 2951 Converte
508 2899 567 2950 me
580 2875 753 2963 Borrine,
777 2890 810 2947 ct
827 2890 1025 2948 convertar.
1077 2875 1210 2969 inquit:
1247 2872 1330 2944 Non
1358 2875 1470 2945 intres
1498 2877 1539 2944 in
1565 2876 1740 2949 iudicium
1762 2903 1842 2950 cum
1867 2904 1968 2969 aereo
1994 2899 2070 2972 tuo,

54 2977 94 3052 Ne
112 2981 287 3068 illudatis,
326 2981 448 3074 inquit
468 2973 595 3050 Esaias
612 2979 779 3050 vicesimo
804 2991 948 3060 octavo,
981 3001 1026 3048 ne
1077 2975 1249 3071 quianon
1264 2987 1317 3048 est
1329 2971 1442 3048 iustos
1458 2999 1576 3047 coram
1591 2991 1627 3050 te
1641 2979 1760 3050 omnis
1783 2980 1928 3079 vivens..
1971 2983 2069 3058 Haec

54 3105 164 3174 poenae
178 3099 315 3158 vestrae
329 3081 604 3153 bantduriores.
654 3079 738 3154 Non
755 3093 806 3152 est
823 3079 919 3162 enirn
940 3103 1026 3152 eon-
1077 3078 1170 3149 mala
1185 3091 1392 3162 extenuare,
1418 3091 1453 3149 et
1476 3077 1606 3169 lingere
1630 3076 1814 3176 bondncm
1838 3082 1971 3158 iustum
1995 3111 2068 3158 esse

54 3189 146 3258 rucio
159 3189 203 3259 ad
218 3184 359 3268 Deam,
383 3205 449 3257 nec
464 3183 551 3253 fides
565 3184 604 3255 in
620 3175 696 3268 bis,
722 3183 784 3277 qui
802 3195 1044 3276 perseverant,
1079 3203 1197 3252 eoram
1214 3177 1311 3265 Deo,
1335 3189 1481 3272 propter
1493 3180 1706 3267 novitatem,
1730 3206 1793 3254 seu
1808 3199 1953 3279 propter
1963 3181 2070 3260 iusti-

54 3285 84 3355 in
102 3289 286 3360 sceleribus
301 3297 424 3356 contra
441 3285 714 3377 conscientiam,
740 3298 775 3355 et
793 3283 907 3353 securri
930 3285 1027 3354 velut
1078 3283 1170 3353 ciam
1207 3274 1471 3368 inhaerentem,
1517 3293 1558 3355 ut
1594 3283 1756 3356 nominat
1791 3283 1884 3356 liber
1909 3285 2070 3378 Interim,
2199 3297 2208 3307 '

53 3404 195 3482 perpetua
211 3381 450 3460 Bacchanalia
466 3399 576 3473 agunt
590 3384 628 3452 in
642 3384 751 3454 tantis
767 3381 942 3452 Ecclesiae
961 3386 1028 3454 do-
1079 3404 1181 3454 coeca
1203 3375 1401 3474 hypocrisis
1417 3394 1480 3452 est.

55 3487 169 3563 loribus
187 3503 220 3562 et
238 3485 435 3560 aerumnis.
485 3483 593 3567 Item,
627 3483 688 3577 qui
712 3476 824 3556 taxari
844 3483 939 3554 idola
959 3507 1028 3554 no·
1180 3480 1241 3551 50.
1273 3478 1345 3552 Sed
1360 3480 1544 3552 retinenda
1563 3497 1612 3554 est
1629 3497 1711 3559 vera
1732 3491 1946 3581 consolatio,
1970 3493 2068 3588 quod

21 3659 23 3672 ‚
55 3588 134 3680 lunt,
153 3593 228 3666 sire
250 3589 455 3680 intelligant
473 3587 568 3682 quod
591 3599 718 3677 agnnt,
744 3585 817 3656 sice
830 3608 906 3657 non
921 3583 1027 3658 intel·
1079 3583 1184 3657 etiam
1214 3595 1294 3676 post
1320 3575 1588 3655 conversionem
1611 3579 1718 3661 homo
1741 3591 1788 3665 sit
1808 3591 1921 3666 iustus
1947 3617 2068 3665 coram

55 3689 159 3784 ligant.
226 3696 262 3769 1.
279 3683 514 3770 Corinthii:
553 3683 608 3756 Ne
638 3687 780 3773 erretis,
809 3700 1029 3775 scortatores,
1078 3685 1156 3760 Deo
1186 3685 1260 3758 sola
1288 3684 1357 3756 lide
1388 3707 1452 3776 per
1479 3686 1760 3762 misecicordiam
1789 3695 1902 3784 gratis
1923 3708 2068 3789 propter

55 3795 203 3884 adulteri,
235 3792 411 3866 idolatrae
440 3803 505 3862 etc.
539 3811 688 3880 regnum
712 3787 777 3860 Dei
807 3812 881 3858 non
912 3790 1027 3881 possi·
1080 3786 1320 3868 obedientiam
1347 3785 1571 3870 mediatoris,
1603 3790 1694 3864 sicut
1714 3792 1849 3868 Paulas
1869 3791 1962 3868 hane
1979 3820 2069 3876 con·

54 3895 179 3971 debunt.
206 3889 283 3986 ,Et
297 3887 424 3966 ttsaiae
438 3891 586 3964 ultimo:
614 3891 672 3962 Ad
690 3914 795 3984 quem
819 3890 1029 3982 respiciam?
1079 3890 1289 3962 solationem
1311 3887 1496 3982 proponit,
1520 3887 1716 3970 Roma.8,:
1742 3894 2069 3986 Quis-condemns.
2127 3953 2131 3960 .

53 3997 88 4066 ed
104 3999 283 4070 adllictum
297 3992 488 4068 contritum
506 3991 652 4088 spirito,
676 4007 710 4065 et
730 4005 938 4068 trementem
954 4017 1029 4066 ser·
1079 3993 1157 4064 bit?
1180 3987 1344 4064 Christus
1359 3990 1546 4064 intercedit
1560 4017 1625 4087 pro
1640 3997 1745 4068 nobis
1758 4010 1823 4071 etc.
1873 3999 1957 4072 Ndn
1971 4002 2070 4074 iubet

56 4121 158 4177 mones
174 4122 287 4175 meos.
1036 4113 1044 4128 ⁸
1079 4116 1148 4166 nos
1164 4092 1340 4164 confidere
1362 4107 1508 4186 propter
1529 4095 1742 4181 novitatem,
1763 4115 1826 4173 aut
1847 4102 2068 4174 esmntialem

139 4199 199 4278 27.
231 4197 307 4270 Nec
323 4219 406 4267 vero
420 4207 559 4281 tantum
576 4211 774 4288 arguuntur
788 4207 928 4289 peccata
944 4219 1029 4268 voce
1080 4195 1270 4270 iusticiam.
1319 4193 1373 4268 lta
1394 4217 1475 4266 vere
1499 4189 1682 4268 humilitas
1701 4212 1736 4271 et
1754 4202 1970 4294 poenitentia
1992 4225 2068 4273 cre·

56 4300 226 4376 ministerii
242 4314 277 4377 et
292 4296 425 4371 iudicio
439 4295 527 4383 Dei,
560 4299 621 4368 sed
644 4299 792 4386 offertur
812 4298 920 4368 etiam
943 4322 1030 4374 voce
1080 4311 1180 4370 scant
1198 4296 1236 4366 in
1256 4297 1437 4387 agnitione
1461 4309 1600 4368 nostrae
1624 4298 1858 4389 infirmitatis,
1886 4305 1979 4378 sicut
1993 4301 2068 4375 Do-

56 4395 226 4498 Evangelii
251 4399 440 4497 promissio
460 4398 613 4490 gratiae,
654 4413 688 4474 et
713 4401 857 4492 quidem
880 4400 1026 4472 seceris·
1080 4400 1199 4474 minus
1220 4398 1353 4493 inquit:
1387 4396 1465 4468 Nisi
1487 4398 1627 4488 egeritis
1649 4404 1924 4493 poenitentiam,
1945 4427 2068 4484 omnes
2161 4487 2162 4491 g
2259 4459 2269 4480 .

56 4502 128 4576 time
150 4503 367 4600 praecipitur
388 4523 473 4573 vera
495 4500 630 4592 agnitio
652 4499 717 4570 filii
731 4499 819 4586 Dei,
844 4513 879 4572 et
895 4499 1029 4593 praeci·
1079 4500 1243 4574 similiter
1260 4497 1434 4591 peribitis.
1484 4495 1531 4571 Et
1546 4500 1767 4578 retineantur
1787 4521 1879 4580 certa
1905 4506 2069 4577 consola-

57 4605 138 4692 pitur
158 4603 435 4702 perterrefactis,
458 4626 503 4673 ne
526 4603 665 4693 fugiant
681 4599 818 4690 Deum,
840 4627 908 4674 neo
922 4618 1030 4678 ruant
1079 4605 1132 4678 tio
1163 4615 1198 4674 et
1228 4599 1428 4690 invocatio,
1477 4600 1574 4675 iuxta
1597 4603 1749 4677 dictum:
1790 4605 1978 4680 iustificati
1998 4609 2068 4694 fide

56 4703 88 4774 in
100 4722 254 4788 aeternas
266 4699 519 4797 blasphemias,
550 4705 610 4775 sed
628 4716 670 4777 ut
685 4705 829 4774 credant
850 4705 919 4774 sibi
943 4729 1028 4796 pro·
1080 4728 1202 4800 pacem
1226 4699 1408 4777 babemus.
1452 4700 1542 4776 ltem
1570 4705 1616 4776 ad
1637 4699 1826 4802 Ephesios:
1852 4707 1939 4782 ¹Per
1962 4733 2068 4804 quern
2203 4699 2206 4706 ’

57 4819 121 4896 pler
133 4808 373 4884 obedientiam
387 4808 453 4878 lilii
464 4807 576 4900 gratis
590 4822 686 4880 certo
706 4806 834 4878 donari
850 4807 1030 4879 remissio-
1080 4811 1252 4880 audemus
1272 4806 1436 4876 accedere
1458 4805 1498 4875 in
1517 4805 1646 4880 fiducia
1665 4810 1851 4902 perfidem
1872 4809 1983 4903 ipsius
2003 4825 2067 4880 otc.

56 4929 124 4981 nem
143 4925 385 5004 peecatomm,
409 4909 682 5004 imputationem
705 4907 882 4997 iusticias,
905 4933 1030 4980 recon-
1080 4906 1129 4983 Et
1144 4922 1237 4980 recte
1253 4907 1387 4978 dictum
1404 4919 1456 4979 est
1474 4909 1519 4978 ab
1533 4903 1750 5002 Augustino:
1776 4909 1905 4984 Totius
1919 4913 2068 4985 fiduciae
2104 4927 2110 4936 ’

57 5009 276 5100 ciliationem,
300 5012 546 5087 liberationem
566 5024 715 5090 amorre
731 5023 893 5097 aeterna,
923 5025 960 5090 et
974 5012 1031 5082 vi·
1081 5011 1256 5084 certitudo
1273 5022 1325 5080 est
1341 5009 1381 5080 in
1397 5011 1552 5103 precioso
1568 5011 1739 5102 sanguine
1752 5007 1897 5085 Christi.

57 5111 294 5200 efficaciorem,
335 5137 426 5209 quae
453 5115 491 5184 lit
518 5136 581 5205 per
608 5112 743 5194 lilium,
782 5129 973 5208 perquem
996 5129 1058 5202 etp
1174 5109 1244 5186 dl.
1277 5110 1326 5185 Ut
1339 5126 1456 5184 autem
1470 5133 1571 5183 coeca
1585 5112 2069 5211 arrogantisllypocritarum

58 5207 196 5304 Spiritus
217 5230 358 5289 sanctus
381 5217 505 5295 datur,
540 5225 574 5284 et
594 5209 846 5296 haereditatem
869 5230 1031 5290 aeternae
1054 5275 1058 5326 1
1082 5215 1234 5286 taxanda
1251 5227 1320 5298 est,
1344 5213 1407 5308 qui
1424 5213 1740 5303 linguntseiustos
1761 5239 1834 5288 esse
1858 5241 1976 5288 eoram
1992 5209 2069 5285 Deo
2184 5245 2188 5248 ·

59 5309 202 5386 iustitiae
219 5330 255 5388 et
264 5318 369 5392 vitae.
420 5312 473 5386 Ac
495 5336 578 5384 vera
600 5327 653 5386 cst
666 5316 879 5409 propositio:
910 5313 1031 5390 Sola
1054 5331 1058 5340 '
1081 5327 1228 5410 propter
1246 5325 1348 5386 suam
1364 5317 1578 5398 novitatem,
1610 5315 1661 5387 sic
1679 5330 1714 5389 st
1735 5317 1839 5390 fortir
1853 5316 2068 5390 Antinomo·

59 5409 484 5490 hdeiostificamurcoram
499 5413 586 5487 Deo.
782 5467 798 5488 .
1082 5443 1162 5496 curn
1179 5418 1395 5492 execrandus
1409 5430 1481 5512 cst,
1507 5417 1589 5508 orti,
1613 5419 1836 5512 uscmptum
1850 5431 1921 5507 est,
1951 5402 2082 5493 trans-2⁴

105 5519 278 5591 Macares.
304 5525 408 5592 Orrs.
434 5521 518 5589 Vos.
533 5516 612 5614 xlt.
1511 5515 1558 5594 dl
