4726 5828
222 245 268 316 n
680 238 838 314 occu.
870 219 954 312 'ou
987 235 1266 315 onouoto
1300 240 1489 316 ramo.
1523 241 1775 332 cauam.
2169 259 2254 352 ae

226 415 338 484 indita
353 437 426 484 esse
440 413 629 506 appellatio
644 411 698 482 illi
713 413 835 504 nepoti
848 407 981 504 laphet.
1009 410 1102 482 Nam
1117 408 1212 482 Esch
1368 411 1410 482 ln
1429 409 1498 485 hoc
1519 416 1694 510 tyrocinio
1714 441 1795 488 curn
1813 443 1925 492 annos
1947 422 2085 517 aliquot
2108 449 2260 520 praepa-

116 585 119 591 ,
222 512 352 594 Cohon
368 517 541 604 significat
555 517 770 585 sacerdotem
785 515 888 605 ignis.
931 513 1015 584 Fuit
1030 515 1138 604 igitur
1153 515 1213 582 ille
1265 529 1374 586 resset
1390 516 1591 606 ingenium,
1616 531 1652 590 ct
1675 519 1745 588 iam
1763 541 1920 610 egressus
1939 540 2028 596 esset
2050 551 2186 598 annom
2203 531 2261 598 vi-

225 643 335 710 ncpos
352 613 476 710 laphet
490 631 606 688 custos
630 617 718 686 sacri
743 617 854 704 ignis,
880 617 1045 686 videlicet
1069 616 1213 704 religio·
1265 617 1432 688 cesimum
1454 621 1666 702 secuudum,
1697 617 1899 694 Cardiualis
1920 623 2090 700 Albertus
2114 626 2261 704 Elector

225 722 282 790 nis
299 719 540 792 etdoctrinae.
591 719 662 789 Sed
686 713 772 787 haec
789 733 904 790 vetera
921 718 1058 790 omitto.
1107 713 1214 788 Extat
1265 716 1515 808 Moguutinus,
1542 717 1783 814 etEpiscopus
1801 725 2131 818 Magdeburgensis,
2152 747 2259 804 natus

224 836 342 892 autem
360 821 398 889 in
413 816 573 890 historiis
586 823 660 889 hon
674 821 789 889 solutu
807 819 974 890 continua
990 817 1214 888 scriesPrin-
1265 820 1304 888 iu
1326 821 1459 888 familia
1476 816 1727 891 Marchionum
1743 821 2165 918 Brandenburgrusium,
2191 838 2259 904 ad-

224 924 342 1014 cipum
358 917 638 992 Anhaltinorum
660 945 722 992 seu
739 919 992 1002 Ascaniorum,
1021 923 1082 988 sed
1105 921 1211 989 etiam
1265 921 1382 1010 iungit
1403 945 1483 991 eum
1505 923 1717 992 consiliariis
1741 926 1779 994 in
1801 928 1901 1013 aula,
1932 932 1995 1000 uhi
2024 933 2096 1000 iarn
2119 959 2194 1004 non
2220 939 2260 1006 in

224 1049 341 1095 rerum
364 1023 689 1092 honestissimaram
717 1023 1005 1091 commemoratio
1028 1044 1114 1113 quas
1137 1045 1213 1110 ges-
1264 1025 1409 1106 umbra,
1436 1038 1475 1092 ut
1491 1025 1528 1090 in
1544 1021 1752 1110 Academia,
1777 1031 1838 1098 sed
1857 1031 1894 1098 in
1912 1033 2053 1102 iudiciis
2079 1048 2116 1104 et
2139 1037 2177 1106 iu
2197 1041 2262 1106 de-

224 1139 357 1209 serunt,
371 1149 476 1218 quam
494 1119 653 1194 hocloco
669 1125 814 1194 recitare
830 1124 937 1192 nimis
953 1122 1098 1212 longum
1114 1137 1213 1193 esset.
1263 1123 1538 1194 liberationibus
1556 1129 1824 1212 gubernationis
1845 1154 1947 1202 usum
1966 1135 2149 1204 doctrinae
2171 1137 2262 1210 iuris

326 1226 368 1296 ln
404 1223 469 1294 hac
503 1227 722 1296 nobilissima
752 1225 887 1294 familia
913 1236 1087 1294 natusest
1108 1224 1213 1294 Patre
1264 1226 1512 1298 consideravit.
1546 1221 1687 1296 Etcum
1705 1233 2137 1323 naturalacundusessct,
2155 1261 2262 1332 saepe

223 1330 390 1420 Principe
404 1325 556 1398 Ernesto
578 1342 612 1398 et
628 1341 739 1397 matre
762 1341 843 1396 nata
862 1327 899 1394 in
923 1325 1056 1394 familia
1072 1323 1211 1397 Ducum
1264 1327 1367 1396 iussit
1393 1327 1469 1396 eius
1493 1351 1578 1396 voce
1602 1326 1803 1400 Cardinalis
1833 1336 1963 1426 exponi
1994 1359 2134 1424 musas,
2167 1365 2261 1433 quae

225 1430 633 1517 Munsterhergensium,
667 1427 838 1518 Princeps
861 1425 1048 1516 Georgius.
1099 1423 1214 1497 Erant
1263 1443 1365 1499 erant
1394 1429 1433 1496 in
1457 1429 1713 1500 deliberatione
1737 1446 1798 1503 aut
1827 1434 1968 1508 iudiciis
1995 1445 2261 1530 proponendae.

224 1546 341 1603 autern
358 1531 395 1602 in
414 1533 619 1622 parentibus
636 1554 715 1597 cum
732 1530 821 1598 aliae
840 1531 1006 1612 virtutes,
1032 1541 1106 1626 tum
1127 1553 1209 1598 vero
1265 1529 1316 1600 lta
1333 1543 1367 1600 et
1391 1531 1576 1606 industria,
1593 1533 1789 1620 augebatur
1814 1550 1848 1606 ct
1870 1539 2145 1613 confirmabatur
2161 1543 2260 1612 iudi·

223 1635 379 1705 studium
397 1654 563 1721 magnum
587 1633 850 1721 cognoscendae
866 1631 1048 1700 doctrinae
1063 1632 1107 1698 de
1122 1629 1211 1714 Deo,
1264 1633 1369 1706 cium.
1412 1629 1615 1700 lamautem
1633 1636 1823 1704 certamina
1841 1638 1884 1706 de
1902 1641 2064 1711 doctrina
2078 1639 2261 1715 Ecclesiae

224 1751 259 1806 et
280 1759 361 1806 vera
386 1734 563 1818 invocatio
586 1733 662 1804 Dei.
715 1731 835 1820 Quare
857 1746 892 1802 et
912 1733 1004 1800 filios
1027 1731 1095 1822 ipsi
1111 1733 1209 1800 domi
1263 1747 1358 1802 mota
1379 1747 1498 1812 erent.
1524 1747 1558 1802 et
1581 1731 1763 1818 chelius,
1790 1739 1853 1829 qui
1868 1743 2008 1810 scurrili
2035 1744 2260 1834 impudentia

223 1836 499 1926 adagnitionem
518 1830 585 1903 Dei
602 1849 636 1905 et
654 1836 699 1902 ad
718 1835 837 1902 omitia
856 1829 1000 1903 honesta
1016 1833 1130 1902 ollicia
1147 1835 1211 1902 ad·
1263 1835 1405 1904 venales
1427 1833 1665 1924 indulgentiae
1691 1839 1888 1928 pontificias
1912 1842 2196 1932 circumtulerat,
2224 1863 2260 1920 ct

224 1939 462 2020 meleretum,
488 1951 520 2006 et
535 1935 705 2007 Doctores
723 1935 772 2004 eis
788 1936 933 2004 idoneos
950 1934 1211 2028 quaesiverunt.
1263 1937 1338 2004 eius
1371 1935 1538 2005 satellites
1563 1931 1692 2006 Eccius
1724 1951 1758 2007 et
1784 1941 1846 2008 alii
1872 1939 2072 2014 Luthcrum
2105 1949 2260 2020 assiduis

211 2037 316 2112 -Evat
337 2053 424 2110 tuuc
447 2039 486 2106 in
511 2038 640 2131 inclyta
661 2035 851 2106 Academia
870 2037 1017 2128 Lypsica
1035 2032 1211 2124 Georgius
1262 2037 1402 2128 scriptis
1420 2052 1454 2107 et
1466 2037 1679 2106 fulminibus
1696 2041 1887 2130 pontificiis
1903 2046 2085 2134 cogebant,
2112 2049 2158 2117 de
2172 2050 2261 2120 son-

220 2144 353 2214 Heltus
366 2134 614 2223 Forchemius,
640 2141 740 2208 cuius
755 2139 823 2208 fuit
838 2139 876 2208 in
892 2139 1088 2206 formandis
1109 2139 1209 2226 inge·
1262 2139 1358 2208 tibus
1374 2138 1555 2208 doctrinae
1570 2132 1793 2209 Christianae
1809 2143 1920 2213 multa
1938 2146 2067 2217 dicere.

222 2246 292 2316 niis
308 2245 393 2314 fides
416 2254 449 2310 et
470 2240 641 2311 foelicitas
658 2239 804 2324 eximia,
833 2254 865 2309 et
885 2239 1097 2309 laudabatur
1118 2239 1211 2309 inte·
1363 2235 1411 2309 Et
1442 2241 1607 2310 extabant
1637 2240 1708 2308 iam
1729 2237 1881 2315 Luthcri
1909 2247 2180 2338 explicationes,
2212 2253 2260 2323 de

92 2338 99 2355 '
222 2348 328 2437 gritas
344 2360 379 2418 et
394 2343 547 2432 gravitas
563 2342 601 2410 in
618 2341 787 2415 moribus.
814 2339 883 2410 Hic
898 2341 993 2410 enim
1008 2341 1112 2410 initio
1128 2364 1210 2409 eru-
1262 2339 1466 2409 discrimine
1481 2341 1568 2429 legis
1589 2355 1624 2414 et
1641 2336 1840 2432 Evangelii,
1868 2347 1912 2415 de
1927 2372 2009 2418 vera
2026 2351 2259 2440 poenitentia,

222 2439 526 2518 diitloachimum
543 2441 806 2524 Camerarium,
832 2440 1025 2534 Caspasum
1043 2439 1209 2531 Crucige-
1261 2442 1304 2510 de
1326 2443 1459 2530 gratia,
1485 2443 1529 2510 de
1552 2443 1638 2526 fide,
1671 2444 1715 2512 de
1736 2467 1821 2514 vera
1842 2445 2086 2537 invocatione,
2120 2454 2164 2523 de
2186 2475 2257 2526 usu

222 2573 322 2628 rum,
348 2560 382 2616 et
404 2547 493 2616 alios
516 2547 578 2639 qui
601 2559 719 2638 postea
742 2562 885 2636 propter
906 2543 1142 2612 eruditionem
1170 2543 1209 2610 in
1261 2540 1590 2623 sacramentorum,
1617 2547 1661 2612 de
1684 2546 1888 2618 discrimine
1910 2550 2029 2638 legum
2048 2553 2255 2626 divinarum

221 2647 380 2722 Ecclesia
400 2661 433 2718 ct
449 2649 488 2716 in
501 2647 757 2736 gubernatione
770 2645 907 2717 utiliter
920 2645 1010 2712 vitae
1026 2645 1207 2714 communi
1260 2657 1296 2715 et
1310 2639 1568 2730 humanarum,
1601 2647 1645 2714 de
1660 2645 1866 2718 discrimine
1889 2652 2078 2724 ministerii
2100 2681 2256 2748 evange-

220 2752 430 2823 servierunt.
480 2745 576 2818 Huic
606 2745 761 2838 Georgio
787 2740 998 2816 Forchemio
1028 2770 1208 2816 commen·
1260 2746 1319 2816 lici
1346 2759 1381 2816 et
1406 2747 1569 2838 politicae
1592 2750 1785 2837 potestatis.
1838 2747 1935 2823 Haec
1950 2755 2081 2848 scripta
2096 2759 2255 2828 erantiu

222 2855 325 2924 datus
348 2864 398 2921 est
421 2850 624 2920 adolescens
647 2847 815 2941 Princeps
839 2845 1014 2936 Georgius
1039 2843 1208 2917 Anhalti-
1258 2848 1425 2916 manibus
1447 2851 1633 2917 doctorum
1656 2861 1690 2918 et
1716 2849 1962 2940 indoctorum,
1986 2879 2027 2926 ac
2052 2859 2169 2929 studia
2193 2884 2256 2930 ac·

221 2978 309 3036 nus,
332 2953 426 3045 apud
444 2976 548 3045 quem
564 2975 644 3022 cum
665 2965 791 3020 natura
805 2962 895 3018 esset
909 2949 1089 3018 doctrinae
1104 2950 1207 3017 avida
1259 2949 1521 3032 condebantur,
1546 2949 1629 3040 quia
1650 2951 1886 3040 superstitiosi
1901 2952 2065 3026 Canones
2087 2959 2150 3028 diu
2173 2961 2255 3031 fus

220 3070 255 3126 et
269 3078 388 3146 capax,
407 3053 567 3124 celeriter
577 3050 852 3134 Grammaticen,
866 3049 1208 3139 linguamLatinam,
1258 3063 1339 3120 rant
1365 3049 1660 3120 conscientiarum
1691 3051 1915 3140 carnificina,
1949 3071 1984 3127 et
2004 3056 2194 3131 Pontifices
2218 3078 2256 3136 et

219 3155 439 3230 Dialecticen
456 3167 488 3225 ct
503 3148 710 3226 Cateehesin
724 3146 1133 3222 doctrinaeChristianae
1150 3152 1207 3219 di·
1258 3145 1430 3220 Monachi
1465 3173 1572 3240 regno
1606 3175 1670 3221 suo
1704 3152 1936 3227 immoderate
1966 3159 2067 3230 abusi
2096 3162 2255 3237 fuerant.

219 3259 323 3345 dicit,
349 3270 384 3350 et
401 3257 446 3328 ad
462 3255 624 3327 exercitia
646 3253 881 3326 invocationis
898 3251 1054 3323 studiose
1078 3253 1207 3323 adsue·
1257 3249 1534 3323 Desiderabatur
1548 3252 1654 3322 ctiam
1668 3248 1867 3346 Theologia
1889 3283 1978 3349 pura
1997 3274 2031 3332 et
2054 3265 2254 3356 perspicua,

219 3361 332 3431 lactus
347 3373 408 3431 est.
1258 3356 1340 3450 quia
1375 3349 1572 3448 labyrinthi
1607 3353 1840 3427 Scotistarum
1874 3372 1908 3429 et
1943 3361 2115 3434 similium
2150 3383 2255 3440 erant

320 3459 444 3532 Postea
462 3461 507 3530 dc
529 3456 678 3530 consilio
700 3456 899 3548 gravissimi
924 3455 1018 3526 senis
1035 3451 1204 3548 Episcopi
1256 3456 1531 3528 inextricabiles.
1582 3453 1695 3525 Multi
1716 3455 1828 3545 igitur
1841 3460 1936 3531 docti
1951 3477 1985 3534 et
2006 3464 2057 3556 pii
2074 3468 2255 3538 adsentie-

218 3563 520 3654 Mcrsburgensis,
544 3554 707 3653 Adolphi
729 3557 905 3648 Principis
918 3553 1108 3628 Anhaltini
1128 3557 1205 3628 ins-
1236 3601 1238 3606 =
1256 3561 1388 3632 bantur
1405 3553 1584 3641 Lothero,
1610 3570 1644 3627 et
1669 3559 1940 3647 gratulabantur
1958 3561 2139 3638 Ecclesiae
2162 3569 2252 3641 illu-

216 3690 276 3738 sus
302 3680 354 3737 est
375 3665 476 3736 initia
500 3665 681 3734 doctrinae
703 3660 1039 3732 Iurisconsultorum
1060 3659 1204 3742 discere,
1256 3676 1411 3732 scentem
1426 3659 1621 3744 veritatem,
1644 3660 1707 3728 alii
1722 3657 1900 3753 prophani
1913 3663 2136 3739 laetabantur
2150 3669 2252 3742 laxa-

217 3792 289 3862 quo
312 3768 351 3836 in
374 3789 501 3857 genere
523 3778 658 3836 tantam
678 3763 855 3854 praestitit
870 3760 1139 3847 adsiduitatem,
1163 3776 1203 3833 ut
1254 3765 1353 3837 tione
1369 3761 1596 3831 vinculorum
1612 3763 1858 3852 quorundam,
1881 3778 1922 3836 ut
1934 3767 2011 3836 fieri
2025 3769 2126 3845 solet.
2149 3785 2152 3792 '

216 3871 333 3940 fontes
358 3879 451 3938 recte
473 3877 714 3956 cognosceret,
748 3887 826 3957 qua·
839 3863 879 3932 in
908 3884 946 3933 re
970 3861 1204 3934 adiuvabatur
1356 3859 1435 3934 Etsi
1452 3874 1569 3934 autem
1585 3860 1768 3950 legebatet
1783 3861 1954 3957 Princeps
1969 3867 2146 3960 Georgius
2161 3865 2251 3944 haec

216 3993 290 4040 non
305 3969 455 4040 soluma
472 3965 705 4045 Doctoribus,
729 3965 789 4034 scd
812 3964 917 4035 ctiam
934 3977 1081 4034 naturae
1096 3987 1203 4054 gene·
1254 3967 1401 4060 scripta,
1424 3964 1508 4057 quia
1523 3963 1642 4034 Deum
1658 3975 1753 4034 recte
1767 3965 1883 4036 colere
1898 3969 2081 4061 cupiebat,
2101 3987 2138 4044 et
2150 3975 2251 4044 mul-

214 4071 377 4157 rositate,
403 4092 494 4165 quae
513 4068 653 4140 amabat
668 4067 871 4150 veritatem,
896 4080 930 4136 et
951 4078 1026 4136 erat
1048 4068 1202 4154 fugitans
1252 4070 1298 4142 tie
1316 4067 1384 4160 piis
1402 4064 1586 4136 sententiis
1599 4064 1883 4155 adsentiebatur,
1907 4083 2027 4142 tamen
2045 4074 2130 4167 qnia
2144 4099 2249 4146 vere—

216 4173 496 4245 cavillationum.
529 4169 694 4256 Videbat,
718 4182 758 4239 ut
774 4170 814 4238 in
831 4182 916 4253 arte,
941 4167 1095 4254 exordia,
1117 4193 1202 4261 pro-
1252 4173 1372 4256 batur,
1393 4190 1439 4236 ne
1450 4165 1573 4237 aetatis
1587 4166 1792 4238 infirmitate
1806 4168 1939 4242 alicubi
1954 4172 2144 4261 laberetur,
2169 4200 2248 4248 non

214 4277 410 4368 gressiones
437 4287 470 4346 et
497 4286 625 4356 metas,
651 4283 686 4343 ct
707 4269 928 4360 intelligebat
941 4267 1125 4341 veritatem
1143 4272 1200 4343 lu·
1252 4273 1371 4345 statim
1384 4271 1428 4339 de
1442 4281 1518 4339 toto
1536 4289 1665 4358 genere
1681 4269 1865 4342 doctrinae
1879 4276 2144 4366 pronunciavit
2181 4275 2248 4348 ln-

214 4379 462 4456 cemdivinam
478 4399 561 4460 esse,
585 4384 815 4446 monstratam
830 4371 949 4462 generi
965 4365 1135 4459 humano,
1160 4388 1200 4446 ut
1251 4390 1345 4448 terea
1375 4394 1460 4442 vero
1490 4369 1597 4440 simul
1620 4369 1830 4444 ardentibus
1858 4395 1900 4444 ac
1922 4376 2082 4448 adsiduis
2106 4379 2199 4452 votis
2224 4406 2246 4452 a
2347 4389 2348 4408 ¹

213 4495 376 4553 teneatur
396 4481 587 4550 discrimen
608 4477 702 4548 inter
723 4470 870 4546 honesta
891 4486 927 4544 et
945 4473 1080 4564 turpia,
1106 4476 1219 4560 inter
1250 4477 1328 4550 Deo
1348 4472 1492 4569 petivit,
1517 4471 1610 4542 flecti
1634 4485 1756 4563 pectus
1778 4496 1884 4549 auum
1905 4477 1950 4548 ad
1972 4479 2178 4566 veritatem,
2202 4505 2246 4554 ac

211 4584 307 4654 bona
329 4594 363 4654 et
380 4581 486 4666 mala,
510 4592 545 4652 et
558 4589 768 4670 agnoscatur
781 4575 888 4660 Deus,
913 4588 947 4646 et
963 4576 1094 4646 sciatur
1110 4602 1199 4672 qua·
1250 4574 1475 4673 lachrymans
1496 4596 1598 4665 saepe
1621 4567 1708 4645 haec
1731 4575 1839 4647 verba
1860 4579 2042 4669 repetivit:
2077 4579 2147 4653 Pac
2160 4605 2244 4654 cum

211 4685 256 4754 lie
280 4683 343 4770 sit,
372 4683 539 4755 videlicet
565 4679 723 4773 sapiens,
751 4677 874 4758 verax,
904 4678 1040 4763 honus,
1074 4678 1198 4766 iustus,
1249 4705 1353 4755 servo
1369 4692 1431 4749 tuo
1448 4675 1644 4746 monadum
1662 4676 1940 4748 misericordiam
1954 4693 2064 4768 tuam,
2090 4683 2244 4754 etiusti-

210 4785 410 4866 beneficus,
455 4797 593 4869 castus,
634 4781 765 4851 vindex
801 4779 983 4853 scelerum.
1048 4775 1198 4853 Dicebat
1248 4783 1430 4857 ficationes
1451 4790 1530 4849 tuas
1553 4777 1640 4847 doce
1662 4801 1739 4860 me,
1764 4794 1800 4850 et
1820 4782 1979 4852 studiose
2002 4783 2087 4874 legit
2108 4785 2243 4878 scripta

207 4883 323 4958 Deum
356 4888 447 4958 velle
479 4911 545 4956 nos
578 4881 648 4956 sibi
679 4880 851 4953 adsentiri
882 4881 999 4970 agnita
1031 4884 1196 4968 veritate,
1247 4879 1451 4980 prophetica
1469 4879 1730 4970 scapoardus,
1754 4894 1789 4950 et
1804 4876 1861 4952 his
1877 4883 2040 4956 adiunxit
2054 4880 2242 4960 historiam

183 5028 187 5041 ·
207 4990 412 5083 praestigias
429 4987 693 5058 cavillationum
712 4999 747 5055 et
770 4977 1026 5073 sophismatum
1045 4983 1195 5055 illudere
1246 4987 1374 5060 veteris
1395 4979 1591 5064 Ecclesiae,
1625 4981 1754 5073 scripta
1777 4979 1992 5073 Augustini,
2024 4983 2243 5084 Hieronymi

205 5089 293 5164 Deo.
346 5087 393 5162 Et
413 5113 515 5181 saepe
534 5090 623 5158 illud
648 5085 851 5160 Salomonis
872 5086 1060 5175 repetebat.
1112 5085 1193 5157 Nou
1246 5106 1281 5164 et
1296 5085 1393 5161 Petri
1405 5083 1654 5172 Longobardi‚
1679 5107 1720 5152 ac
1736 5080 1870 5154 laboris
1891 5080 1997 5156 huius
2019 5083 2242 5164 hortatorem

204 5195 303 5264 decet
326 5191 531 5284 Principem
551 5190 686 5261 labium
711 5188 873 5256 mendax.
932 5183 1064 5282 Fontes
1085 5189 1194 5278 igitur
1244 5207 1279 5267 et
1310 5190 1445 5262 socium
1473 5181 1627 5254 habebat
1652 5181 1848 5274 Georgium
1870 5183 2134 5266 Forchemium.
2191 5190 2241 5264 Et

203 5295 291 5366 iuris
311 5310 345 5366 et
364 5315 469 5365 usum
490 5293 700 5389 quaerebat,
732 5311 772 5359 ac
793 5288 979 5382 praecipue
1002 5287 1192 5363 Panormi·
1243 5297 1326 5391 qnia
1351 5292 1468 5361 lentes
1495 5287 1534 5355 in
1559 5286 1701 5379 scriptis
1721 5282 1938 5380 propheticis
1965 5303 2001 5363 et
2030 5293 2239 5384 apostolicis

199 5409 322 5468 tanum
341 5396 487 5490 legebat.
1242 5411 1453 5488 cognoscere
1471 5387 1654 5482 cupiebat,
1684 5389 1824 5462 addidit
1848 5388 1991 5480 linguae
2017 5390 2177 5466 Graecae
2205 5411 2243 5469 et
