4696 5820
102 303 177 382 sto
439 313 443 326 ·
614 299 772 380 neon.
811 287 1100 380 nn'nrcro
1127 297 1306 378 ιιοιι
1332 267 1622 382 nenns'rv.
2062 305 2137 383 ses

101 497 225 548 eorum
245 473 412 562 vulnera,
438 474 536 570 'quae
559 475 732 572 paulatim
754 477 958 550 mitioribus
982 503 1098 550 rerne-
1146 475 1264 571 p'artes
1279 501 1353 547 non
1369 499 1509 547 sumere
1524 473 1631 546 nobis
1646 475 1754 562 ultro,
1778 475 1839 546 sed
1853 475 2004 566 delatas,
2029 493 2135 577 atque

98 579 169 650 diis
182 578 303 672 sanari
318 591 481 670 possunt.
910 659 911 670 ρ
1146 580 1330 674 impositas
1344 580 1442 650 salvo
1468 577 1585 649 officio
1600 599 1759 649 recusare
1779 602 1854 650 non
1870 601 1989 672 posse,
2016 579 2137 678 spera-

200 679 256 752 De
281 681 344 752 tali
377 681 496 753 studio
525 683 676 752 tuendae
696 680 961 755 coniunctionis
991 697 1026 755 et
1049 685 1094 755 ad
1146 706 1226 753 mus
1248 683 1391 753 veniam
1416 684 1561 752 daturos
1585 679 1711 766 nobis,
1744 694 2010 776 praeceptorum
2032 709 2137 755 man·

98 806 182 854 suos
209 785 304 853 eires
325 779 394 854 hoc
419 785 528 854 modo
553 785 675 856 scribit
690 780 966 868 Demosthenes,
994 788 1095 858 cuius
1145 786 1246 865 dato,
1280 798 1320 856 ut
1342 786 1460 868 decet,
1491 783 1787 876 obsequentibus,
1820 797 1855 854 et
1875 808 1940 854 nos
1955 809 2020 876 pro
2036 811 2135 857 more

97 887 208 956 verba
229 883 385 957 libenter
409 884 536 971 recito,
569 881 653 979 q'uia
677 889 820 978 prodest
841 890 1010 959 omnibus
1027 914 1094 958 no-
1145 881 1348 957 scholarnm
1387 906 1498 978 pauca
1532 883 1706 970 dicentes,
1746 885 1918 974 patienter
1950 889 2134 960 audituros

97 988 235 1058 tissima
259 1009 351 1058 esse:
376 991 582 1083 παρακαλῶ
605 983 647 1082 δὲ
668 990 718 1070 εἰς
738 991 878 1076 ταῦτα,
908 989 952 1062 oei
967 987 1095 1084 τυχῶν
1146 1010 1239 1074 esse,
1268 991 1364 1083 quod
1384 988 1528 1081 quidem
1548 986 1653 1056 etiarn
1674 1001 1715 1056 nt
1738 987 1887 1068 faciant,
1922 1001 1956 1059 et
1982 990 2134 1080 collega·
2220 1039 2221 1042 ,

97 1083 215 1170 αὐτὸς
234 1083 407 1184 τοιαύτης
428 1086 718 1186 φιλανθρωπίας
741 1093 817 1186 παῤ
846 1087 976 1179 ἐνίων,
1012 1091 1090 1165 ἄλλ’
1145 1113 1226 1161 rum
1249 1111 1429 1178 meorum,
1454 1102 1489 1160 et
1508 1110 1589 1158 meo
1610 1086 1760 1160 nomine
1782 1104 1984 1161 reverenter
2006 1105 2040 1164 et
2056 1092 2135 1162 offi-

97 1185 242 1272 ἀδίκως
267 1188 332 1264 καὶ
363 1197 632 1274 στασιαστικῶς
658 1194 708 1274 είς
730 1189 799 1288 τὴν
826 1191 962 1292 ἑτέρων
979 1188 1094 1292 χάριν
1145 1194 1238 1264 ciose
1254 1205 1349 1284 peto.

95 1289 324 1390 προποθεὶς,
351 1290 431 1365 ἀλλ’
460 1288 548 1366 οὐδὲ
570 1290 640 1388 τὴν
657 1289 762 1368 totae
785 1291 904 1394 ὀργὴν
928 1295 1094 1392 ἇναπλη-
1245 1293 1424 1367 Constitui
1438 1305 1556 1364 autem
1571 1313 1684 1384 pauca
1699 1293 1815 1363 dicere
1830 1291 1875 1364 de
1890 1295 2024 1387 insigni
2040 1291 2135 1366 dicto

96 1399 180 1489 ριόν
211 1389 261 1467 ct
287 1401 394 1489 κοινῆ
427 1391 622 1491 συμφέρον
652 1391 756 1487 οἶμαι
786 1393 868 1470 δεῖν
898 1391 1090 1496 βλάπτειν,
1144 1393 1248 1466 Pauli
1270 1398 1314 1468 ad
1336 1390 1470 1488 Ephes.
1493 1392 1547 1470 4.:
1584 1391 1758 1466 Ascendit
1781 1396 1819 1464 in
1842 1397 1970 1483 altum,
1998 1409 2134 1488 captam

95 1495 186 1568 οὔτε
200 1491 362 1595 μίγνομι
381 1491 448 1578 τὰς
464 1493 563 1578 tettae
584 1497 725 1595 ἔχθρας
738 1501 789 1580 εἷς
803 1495 850 1571 τὰ
871 1506 979 1597 κοινῆ
997 1523 1088 1595 συμ-
1144 1500 1278 1569 ducens
1308 1499 1567 1593 captivitatem,
1606 1511 1640 1567 et
1668 1497 1768 1567 dedit
1794 1500 1887 1568 dona
1916 1495 2132 1574 hominibus.

94 1595 266 1695 φέροντα
281 1593 412 1686 οὐδὲν,
439 1593 532 1670 ἀλλὰ
548 1597 609 1696 ἔφ’
629 1595 757 1682 diendo
773 1599 907 1686 ἄλλους
921 1625 1091 1701 παρακα-
1143 1597 1199 1670 Ex
1220 1626 1292 1694 quo
1314 1603 1410 1672 dicto
1433 1601 1473 1670 in
1495 1598 1633 1690 magnis
1649 1619 1751 1692 saepe
1769 1601 1956 1672 doloribus
1970 1600 2135 1672 consola-

95 1704 174 1784 λῶ,
201 1703 323 1772 ταῦτα
337 1696 450 1782 αὐτὸς
464 1702 590 1794 οἴομαι
601 1698 682 1776 δεῖν
701 1709 853 1800 πρῶτον
867 1707 997 1779 ποιεῖν.
1050 1705 1091 1776 ld
1142 1703 1277 1772 tionem
1299 1700 1413 1778 hausi.

93 1815 167 1872 est:
194 1798 380 1874 Adhortor
394 1803 483 1874 alios
498 1806 541 1874 ad
559 1806 769 1896 deponenda
783 1808 885 1898 odia,
910 1833 992 1879 curn
1011 1809 1092 1902 qui-
1187 1829 1192 1838 ·
1244 1803 1403 1898 Sumpsit
1425 1815 1542 1874 autern
1564 1802 1601 1872 id
1615 1800 1749 1874 Paulus
1766 1823 1806 1873 ex
1822 1802 1964 1875 Psalmo
1982 1805 2043 1877 68.
2068 1805 2133 1878 nbi

93 1905 180 1974 dem
192 1903 302 1973 simili
321 1900 542 1975 humanitate
554 1908 661 1978 multi
678 1931 758 1997 erga
774 1933 832 1978 me
849 1934 923 1980 non
939 1910 1011 1981 sint
1026 1909 1092 1996 usi,
1142 1905 1326 1996 magnifice
1348 1905 1563 1978 describitur
1586 1905 1762 1996 gloriosus
1792 1902 1994 1999 triumphus
2020 1907 2132 1977 victo-

93 2005 162 2098 qni
185 2029 249 2075 rne¹
267 2006 398 2078 iniuste
420 2022 455 2078 et
477 2007 642 2079 seditiose
663 2010 820 2081 inimicis
843 2013 1092 2106 propinarunt,
1141 2008 1192 2078 ris
1208 2007 1359 2080 Messias
1372 2008 1521 2081 Domini
1542 2007 1656 2078 nostri
1679 2005 1758 2078 lesu
1774 2003 1923 2096 Christi,
1950 2008 2131 2079 redeuntis

93 2108 160 2176 sed
183 2105 305 2178 iudico
319 2131 394 2179 non
411 2109 620 2199 explendam
637 2135 710 2182 esse
724 2115 900 2184 vindictae
915 2115 1091 2207 cupidita·
1143 2111 1181 2180 in
1195 2112 1354 2198 coelum,
1374 2125 1454 2203 post
1468 2109 1625 2181 devictos
1637 2103 1772 2180 hostes:

92 2223 169 2279 tem
191 2233 272 2278 curn
295 2210 454 2300 pernicie
474 2211 632 2303 publiea,
665 2237 731 2284 nec
758 2217 895 2307 privata
917 2218 1000 2288 odia
1021 2217 1090 2286 mi·
1242 2211 1350 2283 Hunc
1365 2213 1535 2288 victorem
1551 2233 1746 2302 regressum
1761 2212 1800 2282 in
1814 2233 1887 2297 sua,
1913 2207 1981 2282 hoc
1996 2225 2064 2297 est,
2090 2209 2131 2280 in

92 2310 228 2380 scenda
261 2334 336 2381 esec
361 2313 517 2404 negociis
547 2315 719 2405 publicis,
756 2319 818 2386 sed
847 2342 904 2388 me
935 2319 1089 2410 primum
1141 2313 1251 2384 altum
1268 2337 1330 2386 seu
1347 2315 1505 2394 coelum,
1529 2316 1625 2384 unde
1648 2315 1691 2383 ad
1714 2308 2029 2385 huncconiiictum
2047 2337 2130 2384 eum

12 2447 13 2456 ι
92 2406 191 2480 hanc
222 2411 521 2500 moderationem,
561 2418 605 2485 ad
641 2442 747 2510 quam
784 2419 872 2489 alios
905 2416 1088 2506 adhortor,
1141 2408 1303 2487 hostibus
1322 2416 1461 2506 generis
1488 2410 1638 2484 hnmani
1660 2437 1734 2484 sese
1758 2417 1962 2503 dimiserat,
1988 2416 2132 2508 postil-

91 2525 274 2604 praestare
293 2515 434 2588 debere.
487 2514 585 2587 Haec
608 2518 670 2588 ille
689 2520 827 2591 civibus
851 2519 979 2593 Atticis
1004 2546 1090 2591 con·
1141 2519 1210 2587 lam
1224 2543 1391 2612 pompam
1408 2511 1659 2609 triumphalem
1676 2517 1763 2586 dicit
1778 2516 1941 2588 Psalmus
1958 2518 2131 2610 accepisse

92 2615 319 2688 cionabatnr.
371 2615 519 2706 Quanto
534 2619 613 2709 plus
629 2635 679 2692 est
695 2619 953 2693 esseEcelesiae
967 2624 1090 2707 civem,
1139 2621 1234 2690 dona
1255 2621 1500 2692 distribuenda
1523 2614 1751 2705 hominibus,
1782 2643 1848 2712 pro
1873 2619 2131 2690 consuetudine

92 2717 133 2786 in
149 2740 222 2808 qua
238 2718 333 2787 filius
344 2713 415 2788 Dei
432 2721 651 2791 severissime
674 2717 742 2792 hoc
764 2726 970 2794 mandatum
986 2749 1089 2817 prae·
1138 2722 1399 2814 Imperatorum
1417 2715 1734 2814 triumphantium,
1758 2722 1820 2815 qui
1834 2721 1965 2792 reversi
1981 2733 2128 2792 exterra

92 2819 198 2910 cipit:
232 2815 366 2890 Discite
391 2845 410 2890 a
431 2847 505 2907 me,
532 2821 615 2914 quia
638 2822 735 2894 mitis
758 2847 856 2912 sum,
889 2840 923 2897 et
942 2820 1089 2897 humilis
1139 2818 1280 2910 hostili,
1311 2824 1498 2914 magnifico
1520 2847 1602 2892 eum
1624 2836 1796 2916 apparatu
1819 2823 1967 2914 ingressi
1991 2824 2130 2910 urbem,

91 2921 215 2990 corde.
266 2919 342 2992 Has
362 2924 718 2996 commonefactiones
743 2949 822 2996 curn
842 2952 944 3021 saepe
962 2930 1087 2998 audia-
1138 2939 1221 2995 ante
1249 2926 1370 2996 omnia
1400 2925 1638 2996 ascendebant
1667 2925 1706 2994 in
1735 2948 1913 2996 summum
1944 2928 2129 3018 templum,

91 3022 157 3105 tis,
185 3033 221 3090 et
244 3026 402 3115 exempla
429 3041 549 3098 nostra
573 3026 613 3096 io
629 3029 824 3098 tolerandis
845 3031 987 3102 iniuriis
1003 3055 1089 3102 eon·
1138 3027 1202 3097 ubi
1226 3051 1307 3099 cum
1330 3027 1600 3108 sacrificassent,
1632 3018 1812 3124 σωτήρια,
1845 3041 1880 3099 et
1906 3027 2036 3119 gratias
2050 3024 2127 3099 Deo

91 3122 308 3214 spiciantnr,
333 3126 378 3198 sit
392 3121 478 3198 haec
495 3129 608 3199 oratio
627 3129 781 3201 brevior.
826 3129 958 3208 Precor
971 3147 1088 3204 autern
1137 3129 1290 3219 egissent
1312 3153 1379 3222 pro
1403 3129 1574 3214 victoria,
1606 3129 1868 3200 distribuebant
1894 3132 2064 3203 donativa
2087 3129 2128 3198 in

90 3237 170 3295 totn
191 3239 333 3316 pectore
356 3228 469 3300 filium
488 3229 554 3301 Dei
567 3225 765 3302 Dominum
785 3247 948 3306 nostrum
970 3233 1085 3306 lesum
1136 3233 1268 3304 milites
1291 3243 1325 3302 et
1346 3231 1525 3322 congiaria
1541 3232 1581 3301 in
1605 3232 1720 3316 cives,
1742 3245 1782 3304 ut
1795 3255 1917 3302 omnes
1935 3232 1996 3302 illa
2014 3233 2128 3302 victo-

89 3322 298 3410 Christnm,
325 3343 365 3400 ut
387 3331 532 3417 efficiat,
559 3346 600 3403 ut
618 3353 759 3418 omnes,
784 3336 901 3427 quiin
919 3332 1087 3407 Ecclesiis
1135 3335 1190 3405 ria
1205 3331 1289 3404 laeti
1302 3333 1508 3404 fruerentur
1524 3347 1558 3406 et
1579 3333 1798 3405 iuvarentur.
1847 3330 1900 3404 Ea
1926 3336 2021 3406 dona
2036 3355 2127 3428 qna-

88 3429 386 3518 nostrisdoeent‚
410 3453 524 3503 unum
540 3428 664 3505 sintin
682 3435 771 3529 ipso.
824 3435 923 3509 Diri.
1135 3436 1184 3504 lia
1208 3434 1341 3505 luerint
1362 3445 1398 3506 et
1418 3430 1535 3504 adhuc
1556 3435 1644 3521 sint,
1674 3456 1767 3529 ¹quae
1797 3435 1957 3528 quotidie
1983 3437 2029 3506 ab
2057 3432 2126 3504 hoe

1135 3532 1394 3630 triumphatore
1430 3531 1574 3606 Christo
1616 3536 1901 3621 distribuuntur,
1945 3557 2125 3629 exponens
2243 3567 2245 3572 ·

88 3642 656 3659 mvn-mm

1014 3653 1080 3663 ““·
1134 3641 1328 3730 Apostolus
1350 3637 1484 3710 Paulus
1506 3639 1571 3710 sit:
1604 3635 1663 3708 Ab
1686 3637 1762 3730 ipso
1778 3639 1857 3708 dari
1873 3638 1962 3710 alios
1978 3638 2125 3732 quidem

1135 3738 1346 3831 Apostolos,
1382 3739 1472 3811 alios
1499 3732 1714 3832 Prophetas,
1752 3740 1841 3811 alios
1869 3734 2127 3830 Evangelistes,

85 3774 269 3908 Q
902 3797 1073 3914 Q
1132 3835 1222 3913 alios
1246 3838 1409 3915 Pastores
1440 3849 1474 3914 et
1499 3840 1692 3934 Doctores,
1727 3864 1818 3936 qnae
1843 3863 1929 3912 sane
1949 3839 2143 3946 expositio

231 3978 309 4066 ¹²⁶
339 3979 466 4096 „a
490 3981 634 4072 „a
659 3987 828 4101 ινα·
858 3988 942 4073 ν·
1130 3943 1586 4140 ιιιιιιειιιιιι

145 4141 190 4206 ‚1⁰
208 4139 289 4198 0⁷¹¹·
305 4142 384 4199 Ἠ·
397 4141 566 4218 emimus
585 4148 613 4202 tu
627 4149 808 4206 orsrtonttna
825 4153 969 4225 postremis
981 4173 1008 4224 ρ.
1025 4153 1083 4210 ι76.
1233 4146 1274 4220 si
1296 4147 1393 4220 enirn
1422 4141 1530 4220 huius
1556 4143 1811 4241 triumphantis
1830 4149 2122 4241 magnitudinem,

187 4220 218 4266 ‘²
240 4213 313 4284 ⁸9⁸⁶
331 4211 461 4274 fflsslssd·
477 4213 510 4272 T·
522 4217 570 4273 ¹¹¹·
588 4237 617 4292 Ρ·
626 4219 689 4278 ⁴⁸⁷·
1129 4248 1346 4342 potentiam,
1383 4249 1623 4344 opulentiam,
1665 4251 1941 4323 munificentiam
1976 4263 2121 4343 spectes,

85 4385 335 4460 oratiuncula
369 4387 418 4462 αθ
451 4389 545 4468 dic„-
568 4399 681 4470 pm·
705 4395 842 4490 Ephe&
867 4373 944 4484 Ην,
983 4405 1083 4474 mn..
1129 4346 1223 4422 nihil
1245 4353 1291 4424 ab
1313 4376 1355 4423 eo
1369 4365 1550 4444 expectare
1571 4353 1732 4422 muneris
1747 4367 1865 4446 potes,
1888 4353 1958 4424 nisi
1981 4349 2121 4443 magnis

84 4497 174 4562 ma
201 4485 254 4583 (d.
274 4484 451 4567 wem
476 4495 605 4591 1559.)
630 4520 654 4569 a
676 4501 727 4572 D·
751 4503 899 4574 Pam
925 4493 1068 4578 mm
1127 4454 1256 4574 heum,
1282 4454 1564 4574 amplissimum,
1584 4453 1893 4576 preciosissimum.
1942 4450 2120 4576 Estenirn

1070 4557 1080 4578 ⁴
1128 4550 1188 4625 inc
1210 4572 1325 4628 vrctor
1344 4579 1418 4627 nou
1440 4569 1481 4626 ut
1503 4556 1585 4641 aln,
1618 4555 1808 4627 rmbeerihs
1833 4550 1942 4627 homo
1967 4562 2121 4640 tantum,

86 4627 275 4760 Quoniam
296 4639 463 4714 iubemur
482 4646 619 4740 aliquid
643 4642 713 4720 hoc
743 4649 821 4721 loeo
844 4651 982 4738 dicere,
1015 4653 1079 4725 etsi
1127 4659 1189 4728 sed
1214 4657 1321 4728 simul
1340 4655 1408 4730 Dei
1438 4658 1556 4748 iilius,
1585 4653 1705 4749 opifex
1726 4671 1763 4732 et
1783 4659 1999 4748 gubernator
2028 4656 2120 4729 coeli

85 4765 151 4811 nos
172 4736 234 4812 hre
257 4743 438 4816 confessus
463 4748 765 4839 amplissimorum
800 4763 834 4824 et
856 4755 1078 4827 doctissimo·
1126 4772 1161 4830 et
1176 4773 1310 4844 terrae,
1334 4761 1519 4852 possidens
1541 4756 1872 4833 omnesthesanros
1893 4775 2117 4836 summorum

84 4867 164 4912 rnen
179 4843 344 4914 virorum
356 4848 401 4916 ad
416 4848 611 4921 dicendum
624 4851 821 4926 timidiores
835 4858 973 4943 reddit,
992 4885 1079 4930 con·
1126 4874 1162 4933 et
1177 4861 1380 4934 coelestium
1402 4864 1592 4939 honorum.

83 4945 174 5015 scios
197 4943 306 5064 nobis
328 4945 503 5020 infantiae
520 4966 682 5039 nostrae,
716 4981 807 5049 quae
829 4952 922 5028 nihil
940 4963 1078 5032 adferre
1227 4962 1327 5056 Quid
1350 4963 1461 5056 igitur
1483 4988 1602 5036 censes
1622 4963 1702 5034 dari
1732 4963 1778 5034 ab
1799 4964 2012 5048 immortali,
2045 4965 2115 5038 nisi

83 5060 197 5162 potest
212 5049 363 5166 drpnunr
378 5049 504 5121 lelium
519 5057 721 5128 auditorum
738 5059 930 5155 sapientia,
954 5063 1077 5134 erudi·
1125 5075 1266 5138 aeterna
1293 5067 1413 5139 bona?
1457 5065 1696 5150 editissimo,
1725 5061 1794 5136 nisi
1814 5067 2057 5160 amplissima?
2094 5090 2115 5137 a

83 5159 182 5218 trone
197 5149 383 5269 etrudicio
397 5155 606 5227 confirmato
622 5161 855 5232 maximarum
874 5187 993 5233 rernm
1010 5189 1075 5236 usu
1124 5163 1201 5238 Deo
1222 5169 1377 5264 denique
1399 5170 1469 5241 nisi
1492 5166 1639 5240 divina?
1678 5161 1747 5238 hoc
1761 5181 1834 5256 est,
1857 5192 1920 5241 sua
1935 5171 2114 5261 magnitu-

82 5259 121 5317 et
134 5262 367 5341 experientia:
394 5266 515 5326 tamen
536 5281 660 5330 rursus
677 5263 779 5353 erigit
797 5287 863 5335 nos
880 5270 1074 5336 eorundem
1124 5268 1210 5339 dine
1221 5291 1261 5342 ac
1277 5271 1436 5346 bonitate
1452 5271 1623 5342 immensa
1640 5285 1673 5342 et
1689 5269 1832 5344 intinita
1849 5272 1968 5342 bona?

80 5363 262 5442 perspecta
285 5347 486 5429 humanitas
507 5371 542 5429 et
555 5361 730 5454 aequitas,
755 5389 845 5460 qnos
867 5393 947 5438 cum
963 5365 1076 5441 Scho-
1225 5369 1328 5462 Quae
1349 5373 1458 5464 igitur
1478 5386 1561 5444 sunt
1576 5371 1638 5446 illa
1662 5375 1777 5460 dona,
1802 5397 1893 5468 quae
1907 5367 1966 5444 hie
1982 5371 2062 5444 talis
2078 5377 2114 5446 tl

82 5449 196 5524 larum
219 5457 517 5535 musnetndinern
537 5463 677 5551 norint,
711 5480 747 5538 et
765 5467 897 5556 sciant,
930 5493 997 5542 nos
1011 5466 1077 5542 has
1123 5487 1243 5548 tantus
1260 5473 1392 5558 vietor,
1416 5489 1490 5547 tarn
1511 5477 1717 5564 munificus,
1741 5489 1777 5547 et
1797 5476 1844 5545 ob
1866 5474 1983 5566 ipsum
1996 5471 2112 5545 rtem-
