4604 5804
201 220 276 294 ans
443 207 667 288 senuna·
682 197 758 285 ru.
784 206 901 284 nur.
923 205 995 282 an
1022 201 1979 299 uar.suos.aceo1nos‚seucrasr1a
2095 207 2230 326 4nos

203 390 310 464 melia
331 385 541 460 affectorum
563 401 656 462 esse,
681 401 722 452 ac
743 379 828 479 satis
849 380 918 452 sibi
933 402 1027 462 esse,
1052 381 1085 452 si
1099 382 1192 456 iusta
1243 378 1358 467 niam,
1387 391 1430 452 ut
1450 375 1623 462 Geambe
1645 379 1783 455 bellum
1810 377 1981 467 Mene,
2006 377 2239 459 mm,

205 492 337 566 faciens
352 499 387 559 et
402 487 524 588 dicens
537 477 723 576 Spartanis
746 480 819 550 suis
838 481 985 575 placeat.
1038 480 1139 556 Fecit
1160 496 1195 557 et
1244 479 1490 574 desperatione
1505 481 1558 555 rei
1572 493 1712 568 unus,
1735 504 1779 562 ae
1792 475 2242 574 mammeam-

205 593 275 667 alia
290 589 458 665 modeste.
506 581 662 658 Remisit
676 581 850 678 captivam
864 583 1024 658 nobilem
1040 587 1086 654 ad
1102 607 1197 658 suos.
1246 583 1322 668 nis,
1345 582 1467 654 omisit
1480 581 1761 676 expeditionem,
1784 595 1822 659 st
1835 597 1989 664 uelem
2010 582 2243 658 rihioonsci·

208 697 279 770 Sed
295 693 388 765 idem
402 687 600 762 Pausanias
613 709 693 756 cum
709 696 829 776 postea
840 681 1053 779 Byzantium
1068 684 1198 767 Graeci
1249 685 1319 776 vit,
1349 679 1477 756 hausto
1504 707 1567 764 sen
1594 685 1738 762 taurino
1768 684 1959 776 umine,
1988 708 2053 760 sen
2077 707 2245 770 ueneno,

208 805 452 892 occupassent,
486 790 602 860 sactus
631 785 804 878 superbus
834 801 869 858 et
895 789 1051 869 crudelis
1079 789 1200 881 rapuit
1249 809 1331 858 cum
1353 786 1498 880 quidem
1520 786 1665 859 vtxtssu
1685 803 1801 860 anons
1816 787 1978 882 quinque
1997 802 2034 862 et
2047 787 2246 878 afflginca.

208 901 318 970 filiam
342 890 524 992 praecipui
547 885 635 960 civis
656 885 838 986 Byzantii,
864 899 899 958 et
921 883 1015 960 hauc
1035 901 1144 962 nocto
1159 891 1200 962 in
1250 887 1321 958 Hic
1339 886 1410 960 tuit
1430 887 1544 960 exitus
1565 888 1657 965 tanti
1672 889 1761 974 riri,
1783 889 1847 982 qui
1862 913 1944 962 eum
1962 890 2170 963 mcelluerit
2183 911 2245 960 sa-

210 1001 327 1074 suhita
352 992 638 1070 consternatione
656 982 845 1064 interiecit.
896 987 939 1060 ld
957 1015 1037 1062 curn
1053 993 1201 1078 fecisset,
1252 990 1407 1082 pientia,
1430 989 1538 1063 stulte
1558 1003 1681 1064 tamen
1699 989 1915 1066 seadtnnxia
1927 989 2049 1064 infidis
2064 985 2249 1075 hostibus,

212 1130 254 1176 ex
275 1114 389 1175 statua
413 1096 530 1168 editus
557 1105 607 1164 est
627 1085 687 1161 hic
711 1113 852 1179 versus,
885 1115 1038 1183 poenam
1060 1094 1202 1164 denun-
1253 1091 1416 1182 estange
1441 1091 1578 1162 maiora
1596 1090 1734 1167 viribus
1755 1090 1830 1172 auis
1854 1091 2037 1184 promisit,
2060 1106 2191 1164 &sese
2205 1091 2251 1162 in

213 1207 326 1277 cians:
344 1200 481 1292 ’στεῖχε
501 1189 605 1288 δίκης
626 1183 767 1280 ἆσσον,
793 1185 1112 1284 pulsanensis
1135 1193 1203 1270 ἄν·
1236 1204 1394 1266 *nutum
1415 1191 1616 1283 periculum
1634 1193 1802 1279 addurit.
1831 1205 1873 1267 ut
1891 1207 2045 1269 morter}
2068 1193 2141 1266 sibi
2154 1217 2253 1266 oon·-

214 1301 351 1406 ὅρασιν
371 1295 492 1396 ὕβρις.
573 1373 576 1380 ,
670 1337 676 1396 ¹.
1255 1294 1401 1368 sciscere
1416 1295 1549 1379 mallet,
1571 1318 1678 1388 qrram
1695 1308 1874 1385 expeeune
1891 1295 2085 1370 tristiorem
2096 1297 2254 1379 exitum,

318 1401 458 1490 Deinde
474 1422 553 1469 cum
562 1395 838 1467 Persis-foedera
851 1398 965 1468 tacere
979 1413 1129 1478 conatus
1144 1411 1207 1482 est,
1256 1419 1336 1486 curn
1359 1410 1532 1478 metueret
1554 1397 1651 1482 sore,
1676 1410 1718 1468 ut
1736 1395 1793 1466 vel
1815 1391 1997 1472 aGraocia
2014 1399 2072 1468 vel
2084 1419 2108 1468 a
2123 1395 2251 1468 Persis

219 1505 287 1580 hac
302 1504 526 1584 conditione,
552 1511 593 1570 ut
607 1497 834 1594 daretursihi
849 1521 956 1580 uxor,
982 1499 1054 1568 lilia
1069 1497 1208 1585 Xerxis,
1257 1496 1523 1582 interficeretur.
1574 1493 1675 1571 Adeo
1693 1495 1845 1576 infoelix.
1856 1511 1908 1569 est
1922 1497 2098 1589 sapient'n
2114 1493 2254 1568 hnma-

220 1624 253 1681 et
275 1620 316 1679 ut
332 1605 475 1677 adiutus
491 1598 641 1686 Persicis
666 1599 808 1682 auxiliis
827 1623 888 1673 rex
903 1596 1074 1682 Graeciae
1097 1601 1208 1686 fieret,
1257 1621 1331 1684 na,
1349 1621 1429 1682 curn
1454 1595 1569 1680 aDco
1589 1599 1784 1684 deseritur,
1810 1598 1908 1671 iuxta
1923 1593 2011 1672 llaec
2023 1600 2137 1673 dictas
2161 1597 2254 1668 Non

221 1721 369 1804 eamque
392 1702 533 1775 Persico
565 1699 717 1792 imperio
747 1701 950 1777 subiiceret.
1007 1699 1208 1774 Revocatus
1257 1699 1456 1791 potastsibi
1471 1693 1579 1782 homo
1594 1723 1733 1776 sumere
1748 1698 1962 1793 quisquerat,
1986 1699 2254 1794 meisitrida-

221 1813 332 1904 igitur
346 1832 387 1879 ex
404 1803 577 1900 Byzantio
593 1826 674 1874 cum
687 1795 826 1894 Ephori
847 1826 929 1873 eum
951 1797 1210 1894 deprehensuri
1258 1815 1337 1876 tum
1358 1797 1486 1882 atico.
1539 1799 1646 1877 item:
1673 1798 1757 1872 Scio
1777 1795 2079 1896 Domine,.qnod
2101 1823 2181 1872 non
2201 1813 2256 1870 est

223 1927 258 1984 et
279 1913 319 1981 in
342 1930 515 1982 carcerem
539 1904 683 1976 ducturi
705 1915 839 1988 essent,
861 1903 954 1996 fugit
969 1904 1007 1973 in
1023 1906 1210 1998 templum.
1260 1897 1418 1982 hominis
1441 1901 1500 1982 via
1520 1900 1608 1980 eius.
1662 1900 1752 1979 Item
1779 1901 1822 1973 in
1844 1899 2008 1992 Epistola
2033 1899 2171 1996 iacobi:
2213 1900 2255 1974 Si

223 2012 288 2106 tbi,
298 2036 379 2083 cum
394 2008 576 2080 audissent
588 1999 727 2097 Ephori
741 2003 863 2095 ipsum
878 2006 1047 2104 fatentem
1064 2007 1212 2092 crimen,
1261 2003 1341 2098 quis
1359 2003 1494 2094 indiget
1508 2003 1702 2095 sapiencia.
1726 2014 1821 2094 petat
1835 2025 1857 2079 a
1871 2001 1950 2077 Deo
1963 2017 2029 2076 oto.

224 2103 385 2184 inclusus
415 2111 506 2193 same
530 2105 646 2198 periit.
705 2101 754 2177 Et
777 2119 890 2178 mater
912 2101 1097 2194 Alcithea,
1129 2099 1219 2182 curu.
1305 2101 1455 2190 „Cum
1468 2101 2182 2192 Lacedaemoniitueiantemerdmeeia
2197 2126 2255 2174 sc·

224 2197 439 2304 murolci‘res
455 2211 742 2306 obstruerentur,
766 2207 924 2300 primurn
944 2207 1100 2300 lapidem
1113 2208 1153 2280 iu
1170 2231 1225 2279 ea.-
1263 2219 1476 2300 eprerentur,
1499 2219 1540 2280 ut
1557 2204 1960 2298 ipsuminterfioerent,
1983 2206 2077 2295 fingit
2090 2205 2256 2298 primum

226 2306 471 2388 obstructione
497 2309 638 2382 locavit.
697 2305 767 2383 His
790 2309 903 2379 exitus
929 2306 1125 2385 Pausaniae
1146 2311 1214 2381 fuit
1264 2309 1309 2378 ad
1338 2305 1532 2404 Admetum
1560 2327 1679 2396 regern
1701 2303 1968 2393 Molossorum,
2009 2308 2076 2402 qui
2105 2331 2192 2380 cum
2221 2307 2257 2376 ei

227 2441 270 2488 eo
284 2413 439 2500 tristior,
463 2411 560 2512 quod
582 2409 755 2496 ostendit,
778 2420 913 2480 tantam
932 2433 1006 2480 esse
1023 2411 1213 2504 imbecilli-
1264 2407 1556 2494 inimicusesset,
1578 2407 1737 2484 monitus
1756 2409 1805 2480 ab
1818 2431 1930 2480 uxore
1944 2405 2110 2490 Admeti,
2133 2410 2256 2480 iactus

228 2531 335 2590 tatem
351 2526 498 2585 naturae
512 2507 713 2610 hominum,
738 2523 866 2582 utnon
880 2510 996 2582 solum
1011 2512 1156 2584 fortuna
1169 2514 1215 2583 sit
1265 2522 1318 2584 est
1334 2509 1369 2587 ei
1382 2509 1546 2602 supplex,
1566 2503 1636 2582 hon
1650 2507 1824 2598 singulari
1838 2508 1928 2596 ritu,
1952 2531 2061 2604 quem
2082 2511 2260 2584 docuerat

229 2612 427 2702 instabilis,
457 2616 518 2684 sed
546 2613 661 2685 virtus
689 2614 817 2698 etiarn,
847 2635 937 2704 quae
960 2613 1159 2684 durabilior
1181 2627 1217 2684 et
1266 2635 1347 2683 eum
1363 2611 1458 2700 regia
1478 2611 1645 2680 coniunx.
1692 2607 1783 2680 Cum
1799 2611 1946 2682 domum
1962 2612 2101 2688 veniret
2115 2607 2259 2684 Adme-

229 2717 368 2790 firmior
390 2738 463 2814 esse
480 2711 684 2787 debebatin
703 2711 962 2806 praestantibus
984 2714 1088 2800 viris,
1115 2740 1216 2808 saepe
1267 2728 1342 2797 tus,
1374 2712 1618 2792 investibulo
1640 2712 1686 2780 ad
1714 2731 1815 2792 aram
1844 2706 2102 2789 Themistocles
2126 2725 2260 2784 tenens

232 2822 469 2910 extinguatur.
520 2815 765 2905 Agnoscamus
780 2814 888 2903 igitur
905 2827 940 2886 et
954 2828 1101 2888 naturae
1116 2818 1217 2889 infir·
1267 2813 1433 2889 manibus
1446 2813 1599 2886 tiliolum
1613 2808 1782 2896 Admeti,
1805 2825 1842 2890 et
1855 2813 1950 2904 petri
1963 2816 2161 2888 eamdem
2170 2839 2258 2906 pro-

130 2943 134 2952 *
232 2923 389 2994 niitatem
410 2932 445 2991 et
470 2910 609 2989 diaboli
620 2916 865 3014 tyrannidem,
887 2930 922 2986 et
943 2919 1214 3009 petamusauxi·
1268 2928 1347 3008 pter
1359 2896 1587 2988 eum‘oratse
1602 2913 1798 3008 supplicem
1811 2914 1938 3008 recipi,
1963 2916 2033 2988 sibi
2049 2916 2166 3007 perci,
2193 2939 2259 2988 nec

231 3021 323 3093 lium
346 3047 368 3093 a
391 3021 465 3092 lilio
487 3017 574 3105 Dei,
601 3011 697 3089 iuxta
719 3019 868 3089 dictum:
896 3015 976 3089 Tua
999 3031 1050 3090 est
1064 3020 1218 3111 perditio
1270 3016 1355 3092 dedi
1375 3039 1449 3096 sese
1469 3011 1643 3100 hostibus.
1694 3013 1765 3091 ttic
1787 3016 2039 3109 ritmpropeec
2057 3017 2175 3090 titiam
2194 3043 2260 3109 pr·

234 3135 390 3208 tantum,
415 3119 454 3191 in
466 3113 723 3212 Mataunilium
739 3117 860 3190 tsraet.
1269 3117 1368 3192 tendi
1386 3117 1698 3200 iudicabatucesse
1709 3117 1961 3199 unctissimas.
2012 3117 2126 3192 Dedit
2146 3120 2260 3208 igitur

262 3223 268 3232 '
340 3219 441 3294 Adeo
471 3219 634 3291 excelluit
665 3219 834 3312 sapientia
868 3211 1143 3306 Themistocles,
1180 3235 1220 3292 ut
1270 3217 1491 3302 eiAdmetus
1508 3219 1763 3312 aliquantisper.
1782 3231 1901 3294 tutum
1924 3214 2132 3311 hospitium.
2187 3220 2260 3292 Sed

225 3323 424 3419 praecipue
437 3321 547 3417 ipsius
556 3319 715 3393 consiliis
727 3317 874 3390 Graecia
887 3320 1221 3408 lueritvictriaPcr-
1271 3346 1351 3395 curu
1367 3321 1506 3399 timeret
1520 3318 1693 3410 Graccus,
1718 3319 1781 3416 qui
1797 3321 1991 3412 poscebant
2003 3345 2086 3394 eum
2107 3322 2179 3394 sibi
2197 3325 2260 3392 de·

238 3429 370 3498 saruiu.
423 3421 545 3513 Quare
567 3416 624 3518 his¹
642 3422 760 3493 verbis
783 3422 946 3495 laudatus
967 3420 1217 3520 ,estaThucy-
1272 3423 1328 3510 di,
1352 3425 1489 3496 curavit
1506 3423 1642 3504 eumin
1656 3421 1780 3498 Asiam
1798 3417 1991 3498 transvehi.
2031 3483 2035 3490 .

240 3525 353 3600 didez.
366 3523 460 3618 Erat,
473 3521 731 3606 Themistocles
752 3524 936 3618 praecipue
959 3526 1089 3616 dignus
1108 3527 1222 3596 admi·
1374 3521 1456 3594 Duo
1478 3538 1595 3604 autern
1618 3523 1689 3594 viri
1702 3523 1981 3598 celebranturin
1995 3548 2037 3595 eo
2054 3524 2170 3610 bello,
2198 3529 2261 3620 qui

204 3625 207 3634 ’
242 3627 379 3702 ratione
396 3612 692 3742 praejaliis„quia
708 3622 922 3706 aelementis
935 3647 1019 3696 suae
1033 3651 1108 3696 non
1120 3650 1220 3717 prae·
1274 3626 1318 3701 ad
1339 3638 1493 3701 casuras
1516 3627 1680 3708 virtutes,
1711 3625 1918 3700 modestiam
1939 3627 2171 3704 etiusticiarn
2196 3632 2259 3698 ad-

240 3728 420 3818 monitus,
450 3753 515 3798 nec
538 3723 602 3798 diu
623 3726 871 3811 considerans,
899 3727 938 3794 in
963 3728 1069 3798 rebus
1099 3728 1225 3810 subitis
1276 3727 1479 3812 iunxerunt,
1505 3721 1688 3796 Aristides
1701 3715 1892 3807 etCimorn
1917 3727 2029 3821 quiet
2042 3749 2099 3798 res
2114 3752 2261 3820 magnas

243 3829 376 3924 optima
391 3829 539 3900 consilia
555 3825 721 3914 habebat,
746 3842 780 3899 et
794 3829 837 3898 de
851 3827 991 3916 suturis,
1015 3829 1103 3921 quid
1117 3854 1223 3906 even·
1275 3844 1310 3900 et
1326 3828 1430 3903 utiles
1447 3828 1581 3920 patriae
1594 3843 1795 3918 geuermt,
1816 3841 1952 3902 etctun
1971 3829 2143 3902 meant-in
2159 3831 2261 3900 omni

243 3947 363 4024 turum
383 3942 494 4022 esset,
521 3929 713 4000 rectissime
735 3928 958 4000 coniiciebat.
1008 3925 1057 4026 Et
1076 3955 1166 4024 quae
1187 3932 1224 4000 in
1276 3929 1485 4004 otfictotusct
1500 3943 1534 4001 et
1550 3930 1737 4014 moderati,
1753 3925 2263 4022 placidoshahuemnlmitus.

243 4032 440 4127 praesentia
455 4031 494 4101 in
509 4025 675 4102 inanibus
691 4023 859 4114 habebat,
884 4029 1057 4121 explicare
1080 4043 1227 4122 poterat,
1376 4029 1461 4102 Fuit
1481 4047 1515 4103 et
1535 4029 1662 4100 Xerxis
1684 4033 1798 4105 exitus
1811 4032 1984 4123 tragicus,
2009 4034 2072 4125 qui
2087 4045 2170 4124 post
2185 4035 2261 4106 hel·

244 4149 280 4208 et
303 4157 394 4230 quae
408 4155 490 4220 xnon
517 4146 641 4217 norat,
675 4155 750 4201 non
774 4131 910 4204 destitit
933 4131 1124 4226 inquirere.
1183 4131 1225 4203 ln
1278 4133 1354 4204 lum
1382 4154 1544 4203 reversus
1574 4131 1612 4201 in
1635 4129 1781 4214 Asiam,
1812 4155 1892 4205 cum
1911 4134 2031 4206 iratr'u
2055 4159 2208 4206 uxorem
2230 4151 2262 4206 et

245 4233 405 4306 obscuris
430 4246 548 4305 autern
570 4234 693 4318 rebus,
725 4231 811 4328 quid
837 4231 964 4302 melius
987 4248 1048 4305 aut
1072 4235 1226 4307 duerius
1277 4233 1384 4310 tiliam
1410 4247 1564 4317 amaret,
1601 4235 1746 4305 fratrem
1778 4233 1966 4310 interiecit.
2024 4233 2189 4330 Sequmr
2213 4251 2261 4307 est

169 4405 173 4410 .
246 4348 353 4426 esset,
377 4335 554 4432 ,omnium
580 4335 731 4404 maxime
752 4331 1007 4428 prospiciebat,
1049 4349 1083 4406 et
1116 4350 1156 4407 ut
1188 4337 1226 4405 in
1278 4335 1386 4426 igitur
1414 4357 1529 4427 poene
1558 4334 1708 4410 incestas
1740 4335 1910 4408 libidines
1940 4351 1975 4410 ct
2006 4338 2261 4423 crudelitatem,

246 4461 383 4510 summa
400 4437 534 4521 dicam,
558 4433 713 4508 Naturae
728 4436 864 4507 viribus
880 4447 914 4506 et
938 4436 1120 4508 celerrima
1138 4438 1228 4508 deli·
1279 4437 1374 4511 iuxta
1397 4438 1538 4508 divinas
1559 4437 1714 4528 regulas:
1750 4433 1884 4510 Omnis
1898 4438 2037 4527 anima,
2062 4463 2156 4534 quae
2172 4441 2261 4510 lece·

245 4538 431 4613 horatione
452 4536 586 4631 optima
609 4537 648 4608 id
670 4537 960 4632 eligebat,squod
976 4539 1127 4610 maxime
1143 4563 1226 4632 pro·
1278 4539 1326 4613 rit
1341 4534 1405 4610 has
1419 4539 1721 4624 abominationes,
1745 4539 1998 4616 eradicabitur.
2048 4538 2156 4613 Item:
2192 4537 2261 4630 Qui

244 4643 406 4715 futurum
422 4652 507 4727 erat
729 4731 731 4736 ,
1277 4641 1437 4731 gladium
1477 4639 1667 4730 acceperit,
1704 4639 1823 4730 gladio
1856 4640 2001 4732 peribit.
2066 4637 2261 4736 Aliquanto

177 4819 179 4824 ,
274 4739 291 4758 ''
339 4739 465 4815 'Tanta
491 4764 570 4812 cum
594 4739 702 4811 fuerit
723 4735 914 4830 sapientia,
939 4754 1072 4812 etcum
1096 4741 1228 4834 optime
1280 4742 1374 4813 enirn
1396 4756 1476 4834 pust
1495 4741 1628 4812 Xerxes
1643 4743 1689 4813 ab
1703 4742 1889 4816 Artabano
1904 4743 2196 4817 intersectusest.

248 4839 395 4915 meiit'us
409 4856 518 4936 esset,
544 4855 664 4915 tamen
680 4864 722 4911 er
736 4853 808 4912 tota
822 4836 972 4930 Graecia
987 4842 1152 4934 expulsus
1166 4854 1228 4914 est.

250 4943 304 5022 A'c
318 4944 473 5035 primurn
489 4941 522 5014 ei
538 4940 669 5018 iniusta
683 4931 765 5017 odia
781 4938 1143 5016 Lacedaemoniorum
1161 4967 1227 5014 no·
1318 4911 1624 4982 mmmm
1651 4911 1995 5004 1⁴⁰''95mwm’
2029 4909 2233 5020 quium

72 5099 75 5106 -
176 5127 183 5144 ⁶
251 5055 412 5116 ruerunt.
460 5041 586 5119 Postea
615 5058 650 5116 et
674 5044 769 5135 apud
794 5039 887 5112 cives
915 5043 1058 5116 aocessit
1080 5044 1229 5126 invidia,
1586 5029 1665 5082 m
1686 5013 1720 5082 Ρ
1726 5031 1747 5081 0
1756 5033 1804 5084 Ν
1813 5033 1867 5084 ‘1¹'
1875 5033 1957 5086 “m-

250 5169 336 5241 quaa
346 5143 467 5236 minus
479 5147 637 5223 modeste
648 5145 802 5218 vivebat.
843 5135 1068 5218 Erulamun
1082 5147 1127 5217 ad
1142 5143 1231 5216 Per·
1382 5140 1619 5216 ‹btoxeraen
1638 5137 2046 5239 Longtnanumeupra
2056 5144 2214 5222 diximus
2228 5149 2261 5218 in

252 5243 307 5318 sis
331 5243 497 5330 accessit,
531 5258 568 5316 et
596 5231 761 5337 promisit
785 5266 824 5338 se
853 5245 980 5316 ducem
1005 5245 1081 5318 iore
1102 5259 1230 5332 ¹contra
1280 5240 1433 5322 Oriente
1447 5247 1765 5336 regnumnenuisse
1787 5249 1933 5338 obrem
1955 5244 2084 5324 Korra
2137 5249 2261 5324 Graeci

252 5343 417 5423 Graecos.
476 5339 568 5418 Cum
589 5360 706 5437 autem
726 5371 786 5419 rex
807 5341 841 5416 ei
857 5347 1047 5422 exercitum
1065 5362 1099 5422 et
1119 5370 1229 5443 μου,
1279 5369 1362 5440 ergo
1377 5362 1750 5452 numeranteumpost
1765 5347 1918 5428 Xersen.
1957 5343 2084 5427 Dictus
2098 5350 2261 5426 eatan
