4726 5828
124 245 202 322 149

121 417 212 486 lant.
269 413 368 486 Haec
391 413 562 486 sententia
582 411 772 482 inanimis
792 409 1025 482 mediocrium
1047 403 1115 479 bo·

122 516 263 586 minum
279 516 417 586 firmior
430 540 552 586 murus
566 528 616 585 est
632 514 878 605 imperiorum,
894 535 998 605 quam
1015 533 1115 580 excr-

122 618 215 688 citus
239 631 275 689 et
294 642 413 702 arma,
445 640 534 710 quae
556 615 752 709 Dionysius
780 628 880 706 pater
908 612 1114 681 nominabat

121 717 367 789 Adamantius
382 718 482 808 regni
497 717 682 809 praesidia.
731 715 855 804 Longe
867 714 948 806 plus
962 728 1031 800 est,
1056 709 1113 781 ‹ti-¹

122 821 210 890 vina
227 843 312 888 voce
328 833 464 888 mentes
481 819 640 891 retineri.

168 927 171 931 ’
226 917 351 1008 Cogita
366 933 483 992 autem
498 921 613 989 fontes
621 916 764 988 Paulini
781 915 885 1002 dicti:
908 913 987 985 Vox
1001 914 1113 1003 magi·

124 1033 255 1092 stratus
272 1035 323 1092 est
338 1021 492 1112 primum
512 1021 567 1090 lex
590 1033 754 1104 naturae,
775 1028 937 1111 quaeest
958 1017 1034 1106 ipsa
1056 1015 1112 1084 lex

123 1118 204 1193 Dei.
257 1116 322 1191 Est
337 1134 453 1192 autem
469 1120 627 1191 iustitiae
642 1120 710 1190 Dei
726 1121 854 1211 punire
869 1130 1010 1187 ruentes
1026 1139 1113 1185 con-

123 1235 176 1292 tra
192 1245 293 1291 suam
310 1223 441 1311 legem,
468 1237 508 1294 ut
524 1221 583 1290 illa
603 1245 684 1291 vere
700 1221 882 1291 dicuntur:
908 1215 1005 1288 Deus
1021 1217 1112 1304 ignis

121 1315 337 1392 consdmens
351 1337 414 1397 est.
454 1321 536 1393 Scio
546 1319 700 1392 Domine
717 1323 813 1415 quod
829 1343 903 1390 non
918 1316 1030 1408 parcis
1047 1320 1110 1386 de·

120 1422 321 1518 linquenti,
346 1435 381 1492 et
403 1424 486 1494 illae
507 1447 611 1493 voces
625 1419 804 1506 ethnicae,
830 1443 917 1514 quas
930 1419 1110 1508 experien-

9 1601 11 1612 ‚
120 1524 171 1592 tia
194 1524 458 1615 comprobavit,
490 1523 563 1618 ἔχει’
581 1519 671 1605 θεὸς
698 1519 845 1596 ἔκδικον
863 1520 967 1612 ὄμμα
973 1571 986 1604 ,
1022 1513 1111 1598 θεὸς

119 1618 201 1696 olda
223 1617 399 1711 δικάζειν.
452 1621 558 1696 Item:
594 1621 638 1696 οὐ
654 1620 729 1722 γὰρ
744 1621 890 1715 σχέτλια
912 1620 1004 1718 ἔργα
1026 1615 1111 1691 θεοὶ

119 1717 287 1820 μάκαρες
311 1723 488 1821 φιλέουσι.
540 1724 678 1796 Deinde
700 1725 852 1794 armavit
868 1723 964 1793 Deus
985 1734 1019 1790 et
1033 1743 1110 1789 ma-

120 1826 307 1914 gistratum
334 1839 504 1919 potestate
526 1827 681 1896 addendi
703 1826 873 1917 quasdam
896 1824 1007 1911 leges,
1034 1842 1108 1890 uon

121 1927 267 2018 quidem
285 1940 481 2018 pugnantes
504 1950 584 1996 cum
606 1925 850 2008 naturalibus,
876 1925 935 1993 sed
958 1921 1108 1991 circum·

123 2026 288 2096 stantiam
315 2027 470 2118 aliquam
505 2025 684 2114 probabili
716 2025 855 2095 ratione
887 2023 1105 2093 definientes.

119 2123 189 2194 His
213 2126 350 2215 legibus
371 2127 476 2196 etiam
496 2123 595 2194 Deus
613 2125 835 2194 autoritatem
859 2124 898 2192 in
919 2116 987 2192 boc
1005 2120 1108 2191 Pauli

120 2227 218 2296 dicto
248 2227 429 2309 attribuit,
470 2240 504 2296 ct
535 2227 613 2295 vult
635 2249 691 2294 cas
714 2226 830 2294 valere
852 2237 999 2316 propter
1021 2225 1108 2292 duas

121 2350 262 2405 causas,
289 2339 436 2417 propter
455 2327 696 2415 magistratum
716 2325 890 2396 divinitus
904 2323 1107 2392 ordinatum

120 2443 156 2498 et
182 2441 356 2498 armatum
380 2440 472 2496 certa
494 2440 679 2518 potestate,
712 2443 745 2499 et
760 2437 913 2517 tproptcr
933 2425 1106 2492 rationem

120 2529 353 2619 probabilem.
406 2525 500 2596 Hinc
519 2527 627 2616 igitur
643 2526 783 2607 scimus,
809 2527 912 2618 quale
924 2523 1106 2592 vinculum

122 2630 195 2700 siut
210 2630 374 2721 politicae
386 2628 496 2717 leges,
522 2629 616 2721 quod
639 2628 729 2695 scire
751 2627 790 2694 in
812 2627 885 2695 vita
909 2637 944 2694 et
967 2637 1110 2715 propter

9 2783 11 2788 .
122 2730 274 2817 gloriam
299 2726 388 2812 Dei,
413 2743 448 2799 et
469 2741 615 2821 propter
635 2726 928 2820 tranquillitatem
952 2738 1108 2796 nostram

121 2829 348 2901 utilissimum
365 2843 428 2903 est.
528 2823 536 2842 ⁸

223 2927 301 3001 Hac
316 2929 479 3000 doctriua
501 2931 545 2999 dc
567 2926 720 3019 politicis
741 2926 879 3016 legibue
900 2923 1108 3003 confirmati,

118 3043 242 3124 postea
265 3032 526 3102 consideremus
551 3022 775 3122 κακοζηλίαν
798 3025 1029 3120 pontificiam,
1070 3025 1108 3094 in

119 3156 190 3226 qua
213 3145 297 3204 sunt
320 3132 423 3202 multi
447 3132 528 3208 tetri
545 3154 693 3202 errores.
745 3127 942 3198 linxerunt
957 3125 1109 3195 Pontifi-

118 3258 174 3305 ces
200 3257 240 3304 se
260 3256 383 3324 regum
406 3234 540 3303 similes
559 3255 651 3316 esse,
691 3245 725 3300 et
747 3233 878 3318 regiam
904 3240 1107 3318 potestatem

9 3405 10 3414 ,
119 3331 253 3405 habere
268 3335 307 3402 in
324 3335 521 3404 condendis
535 3334 685 3423 legibus.
720 3327 767 3399 Et
783 3330 927 3423 quidem
942 3328 1108 3396 scelerate

119 3437 336 3528 detorquent
359 3429 430 3504 buc
455 3435 607 3504 dictum:
643 3431 832 3500 Translato
855 3427 1049 3496 sacerdotio
1070 3425 1108 3495 bt

118 3537 206 3626 legis
223 3535 421 3606 translatio.
473 3531 656 3602 lusserunt
680 3531 788 3619 igitur
810 3529 908 3597 idola
928 3527 1018 3610 coli,
1051 3525 1108 3593 in-

119 3638 315 3709 stituerunt
330 3636 420 3706 ritus
436 3635 480 3703 de
495 3634 601 3717 cibis,
627 3631 816 3716 coelibatu,
843 3625 1109 3697 enumeratione

120 3739 354 3818 delictorum,
380 3734 567 3825 epitimiis,
594 3731 718 3805 etalii:
733 3729 853 3799 multis
869 3730 985 3797 rebus.
1034 3723 1109 3794 Ha-

119 3863 203 3909 rum
233 3838 351 3926 legnm
379 3835 610 3905 violationem
631 3832 756 3903 dicunt
779 3843 918 3920 peccata
940 3850 1034 3912 esse,
1075 3839 1109 3895 et

122 3950 259 4010 constat
277 3933 341 4008 bas
361 3937 454 4026 leges
475 3936 582 4006 luisse
606 3931 845 4004 carnificinam
876 3927 1107 4000 couscientia-

119 4063 222 4126 rnm,
264 4060 365 4130 quae·
383 4060 458 4105 uon
485 4037 569 4106 satis
596 4032 748 4106 describi
778 4044 901 4124 potest.
960 4026 1013 4100 Ac
1034 4052 1107 4099 non

120 4140 237 4210 multo
251 4152 332 4209 ante
348 4135 528 4208 Adrianus
537 4135 720 4218 Pontifex,
747 4131 866 4204 Caroli
884 4129 1110 4222 lmpcratoris

119 4251 329 4334 praeceptor
350 4239 461 4308 edidit
479 4259 645 4327 magnum
668 4231 863 4318 volumen,
879 4233 1007 4327 quibus
1030 4232 1110 4300 illas

120 4341 217 4432 leges
230 4353 421 4429 exasperat.
452 4334 499 4409 Et
513 4339 606 4408 dicta
622 4361 710 4429 quae
725 4334 963 4407 dulcissimam
978 4332 1111 4402 doctri-

121 4467 207 4514 nam
224 4454 259 4511 et
275 4440 553 4512 consolationem
574 4439 776 4522 continent,
793 4435 959 4506 transfert
981 4435 1026 4503 ad
1048 4456 1110 4504 su·

119 4542 369 4635 perstitionem
394 4554 429 4612 ct
449 4539 693 4634 tyrannidem:
727 4535 801 4626 eri
823 4557 887 4604 vos
908 4535 1028 4614 audit,
1053 4557 1110 4602 me

121 4645 238 4715 audit.
287 4639 393 4712 Item:
428 4639 581 4716 Obedite
597 4638 804 4733 praepositis
820 4634 956 4706 vestris.

226 4742 403 4813 Pindarus
433 4739 581 4837 inquit:¹
613 4733 809 4832 εὐώνυμον
846 4730 991 4828 ἒςδίκην
1023 4727 1111 4828 τρία

123 4843 212 4918 ἔπεα
228 4841 429 4934 ἐπαρκέσει.
484 4843 525 4912 ln
549 4845 643 4913 bona
664 4839 856 4911 causatria
882 4838 987 4906 verba
1012 4835 1111 4904 suffi-

121 4948 234 5018 ciunt.
289 4941 436 5026 Facilis,
462 4947 566 5036 plana
590 4957 627 5014 et
649 4942 829 5034 perspicua
851 4952 903 5009 est
925 4935 1110 5027 explicatio

122 5048 161 5116 in
179 5045 274 5116 veris
288 5046 411 5116 causis.
443 5043 575 5116 Contra
592 5069 676 5116 vero
690 5038 710 5114 ὁ
725 5036 851 5120 ἄδικος
866 5032 1110 5138 λόγοςγοσῶν

124 5147 165 5220 ἐν
179 5144 287 5240 ἀστῷ
300 5139 513 5242 φαρμάκων
526 5143 644 5219 δεῖται
662 5147 803 5242 σοφῶν.

226 5247 441 5319 Brevissima
465 5248 574 5337 igitur
590 5242 676 5318 baec
690 5258 745 5315 cst
760 5257 795 5314 et
808 5265 891 5312 vera
909 5235 1110 5328 responsio:

123 5351 228 5426 Dicta
257 5350 318 5422 illa
341 5351 385 5421 de
412 5345 840 5441 audiendispastoribus,
880 5363 955 5411 non
980 5335 1112 5408 consti·

392 291 397 298 ,
520 237 684 319 onon
716 235 793 314 nn
825 227 1413 314 orscmumnnncuu
1444 231 1637 312 romr.
1670 257 1754 314 nc

1164 417 1272 478 tuunt
1292 404 1342 473 eis
1365 427 1511 495 regnum
1534 419 1629 478 extra
1651 403 1898 501 Evangelium.
1958 415 2149 514 Praecepta
2262 435 2275 456 ⁴

2079 255 2151 330 150

1164 519 1247 578 sunt
1275 518 1309 576 et
1337 506 1609 593 consolationes,
1640 509 1783 598 iubent,
1814 528 1855 585 nt
1879 540 1999 588 vocem
2028 519 2147 596 allen

1162 607 1328 677 traditam
1342 608 1546 693 audiamus,
1571 623 1606 680 et
1627 611 1814 687 adfirmant
1834 611 1947 688 Deum
1969 643 2055 690 voce
2080 627 2147 693 do.

1164 709 1318 778 centium
1337 723 1430 780 certo
1446 709 1617 780 efficacem
1638 713 1731 796 sore,
1758 716 1905 806 perinde
1924 743 1964 789 ac
1982 721 2012 790 si
2030 723 2146 812 polam
2247 775 2257 788 .

1163 832 1228 879 nos
1244 809 1317 900 ipse
1334 809 1583 902 alloqueretur.
1637 811 1725 883 Vult
1748 829 1782 886 te
1804 831 1955 889 statuere
1968 817 2082 909 Deus,
2109 848 2146 895 se

1162 911 1282 979 adesse
1304 909 1355 979 tui
1379 911 1527 1000 pastoris
1552 912 1648 998 voci,
1683 939 1723 984 ac
1744 917 1917 989 efficacem
1939 944 2030 1008 esse,
2056 937 2091 995 et
2110 939 2146 995 te

1163 1013 1290 1081 debere
1319 1005 1402 1080 buic
1432 1012 1510 1080 voci
1537 1015 1720 1106 assentiri,
1753 1041 1818 1087 nec
1847 1021 2026 1108 dubitare,
2056 1026 2145 1118 quin

1163 1107 1247 1180 baec
1271 1135 1351 1180 vere
1372 1112 1415 1180 sit
1435 1111 1597 1182 voluntas
1612 1111 1697 1200 Dei,
1729 1141 1819 1210 quac
1845 1120 1911 1190 tibi
1933 1125 2146 1214 proponitur

1162 1213 1316 1282 ministri
1343 1211 1476 1302 lingua.
1543 1211 1646 1284 Hanc
1669 1218 1897 1290 necessariam
1923 1235 1959 1292 et
1980 1224 2145 1294 dulcissi-

1161 1337 1254 1381 mam
1278 1314 1553 1384 consolationem
1571 1317 1730 1390 obruunt
1752 1317 1941 1391 Pontifices
1967 1326 2146 1398 translatis
2199 1308 2206 1316 ¹

1161 1414 1232 1482 illis
1264 1415 1475 1484 testimoniis
1504 1417 1548 1483 ad
1575 1439 1655 1486 suas
1686 1421 1913 1507 traditiones,
1948 1409 1992 1492 in'
2015 1427 2146 1518 quibus

1161 1515 1258 1584 aliud
1276 1537 1386 1602 genus
1401 1515 1583 1585 doctrinae
1598 1519 1926 1597 comminiscuntur.

1263 1615 1433 1704 Magnum
1456 1629 1507 1685 est
1528 1634 1643 1689 autem
1666 1613 1772 1687 cbaos
1801 1623 2064 1714 pontificiarum
2092 1631 2145 1698 te·-

1160 1737 1260 1802 gum,
1285 1717 1374 1783 aliae
1390 1716 1506 1805 palam
1522 1717 1648 1788 iubent
1665 1719 1759 1789 idola
1777 1722 1858 1808 coli,
1882 1739 1922 1793 ut
1937 1749 2027 1815 quae
2042 1751 2144 1818 prae·

1160 1816 1296 1904 cipiunt
1319 1816 1364 1884 de
1386 1817 1610 1886 invocatione
1632 1813 1819 1891 bominum
1843 1838 2085 1908 mortuorum,
2110 1843 2146 1900 et

1160 1929 1372 2000 statuarum,
1398 1930 1434 1985 et
1457 1918 1500 1984 dc
1523 1913 1783 2011 ἅρτολατρεία,
1811 1924 1899 1992 aliae
1922 1926 2145 2018 praecipiunt

1160 2039 1285 2099 onera,
1324 2040 1415 2108 quae
1434 2017 1510 2085 sine
1534 2033 1674 2109 peccato
1697 2023 1862 2092 sustineri
1886 2048 1959 2094 non
1983 2043 2145 2117 possunt,

1159 2130 1199 2186 ut
1222 2117 1278 2185 lex
1295 2118 1346 2184 de
1368 2117 1562 2201 coelibatu,
1594 2120 1684 2187 aliae
1706 2135 1745 2190 ut
1769 2124 1812 2192 de
1838 2121 1942 2209 cibis,
1976 2127 2144 2198 videntur

1161 2218 1260 2310 loqui
1293 2217 1337 2284 de
1364 2219 1470 2286 rebus
1494 2241 1642 2310 quarum
1664 2243 1749 2290 usus
1771 2243 1835 2292 sno
1857 2247 1984 2313 genere
2006 2228 2144 2298 medius

1161 2331 1228 2396 est,
1256 2319 1316 2384 scd
1334 2331 1453 2386 tamen
1469 2313 1525 2386 bis
1537 2319 1665 2389 ritibus
1681 2322 1786 2392 etiam
1802 2347 1939 2395 errores
1960 2327 2065 2398 multi
2079 2330 2144 2398 ad·
2203 2305 2209 2318 .

1161 2418 1260 2486 mixti
1282 2431 1377 2486 sunt.
1665 2489 1667 2496 ,

1260 2517 1490 2608 Perspicuum
1518 2531 1571 2587 est
1597 2533 1733 2604 autem,
1767 2524 1840 2594 illis
1863 2525 2019 2616 legibus,
2053 2553 2143 2624 qnae

1160 2619 1343 2688 manifesta
1365 2617 1460 2686 idola
1485 2618 1688 2706 stabiliunt,
1718 2646 1938 2719 nequaqnam
1962 2630 2143 2722 obtempe-

1160 2721 1312 2788 randum
1336 2742 1420 2788 esse.
1492 2716 1589 2788 ldem
1623 2722 1667 2790 de
1695 2726 1849 2794 secundo
1872 2729 1984 2815 gradu
2006 2734 2144 2823 perspi-

1161 2844 1265 2888 cuum
1283 2831 1351 2902 est,
1376 2819 1435 2886 sed
1454 2819 1616 2891 detectio
1633 2823 1924 2914 quaeritGorson
1942 2825 2141 2916 ἐπιείκειας,

1162 2942 1225 2988 nec
1239 2931 1355 2987 tamen
1370 2918 1592 2990 conscientiis
1606 2925 1777 2997 medetur.
1810 2922 1993 3000 Lutberus
2005 2931 2146 3018 rectius,

1161 3019 1240 3113 qui,
1278 3035 1317 3088 ut
1346 3018 1547 3089 Alexander
1569 3017 1746 3092 Gordium
1772 3028 1927 3109 nodum,
1968 3053 2040 3101 uno
2070 3033 2145 3104 ictu

1162 3119 1281 3190 omnia
1300 3119 1438 3188 vincula
1453 3119 1594 3191 illarum
1616 3123 1845 3194 traditionum
1870 3128 2036 3213 dissecat,
2062 3155 2144 3202 cnm
2258 3132 2261 3140 ’

1161 3224 1264 3291 docet
1286 3221 1325 3287 in
1343 3215 1652 3308 Evangeliobanc
1675 3223 1876 3297 libertatem
1896 3227 2006 3300 aDeo
2027 3233 2144 3302 sauei-

1161 3334 1232 3391 tam
1255 3343 1347 3403 esse,
1373 3343 1438 3390 nec
1459 3323 1588 3391 mutari
1613 3347 1714 3414 posse
1739 3327 1811 3398 ulla
1833 3323 1987 3399 bumana
2009 3333 2145 3404 autori-

1161 3434 1242 3500 tate,
1267 3420 1449 3503 videlicet,
1471 3445 1517 3491 ne
1532 3423 1739 3494 traditiones
1756 3427 1850 3496 ullae
1864 3432 2067 3504 condantur
2083 3439 2145 3504 aut

1160 3521 1378 3614 recipiantur
1393 3545 1472 3590 cum
1488 3521 1659 3614 opinione
1674 3527 1866 3599 cultus'aut
1881 3532 2108 3603 necessitatis.

1261 3620 1340 3690 Hoc
1356 3621 1480 3691 divino
1500 3623 1622 3716 clypeo
1638 3627 1798 3696 munitus
1819 3651 1893 3699 non
1916 3632 2041 3702 metuit
2064 3655 2144 3703 ear-

1160 3720 1360 3806 nibciuam,
1386 3746 1491 3814 quam
1514 3722 1703 3795 Pontifices
1724 3739 1758 3796 et
1781 3725 1954 3816 Monacbi
1978 3733 2143 3804 atrociter

1160 3824 1387 3896 denunciant.

1262 3923 1331 3995 Sed
1350 3919 1408 3994 bic
1430 3925 1642 3997 vociferatur
1663 3924 1868 4013 Sadoletus,
1900 3955 1980 4002 cum
2002 3935 2144 4007 fatearis

1161 4024 1391 4095 violationem
1433 4025 1549 4114 legum
1583 4028 1807 4119 politicarum
1840 4048 2019 4123 peccatum
2052 4059 2143 4116 exse,

1161 4150 1225 4196 cur
1241 4127 1285 4194 de
1302 4140 1480 4216 pastorum
1495 4129 1670 4199 mandatis
1689 4130 1792 4201 aliter
1815 4132 1948 4202 sentis?
1987 4131 2045 4205 An
2068 4159 2143 4206 non

1162 4226 1358 4298 reverentia
1388 4227 1537 4297 debetur
1557 4223 1733 4300 Ecclesiae
1764 4232 1878 4302 maior
1907 4235 2011 4304 etiam
2035 4258 2142 4328 quarn

1162 4327 1345 4420 imperiis?
1368 4325 1568 4418 Responsio
1583 4327 1684 4398 lirrna
1699 4343 1766 4400 est:
1788 4329 1861 4403 Sua
1873 4335 2015 4428 utrique
2026 4336 2145 4424 diguis-

1161 4443 1213 4500 tas
1233 4443 1286 4499 est
1308 4441 1344 4498 et
1364 4450 1427 4498 sua
1442 4429 1630 4514 autoritas,
1653 4431 1714 4498 sed
1730 4443 1842 4502 metae·
1856 4457 1998 4528 quoque
2012 4457 2144 4524 cogno·

1161 4530 1411 4602 sceudaesunt.
1447 4524 1495 4598 Et
1505 4529 1697 4600 necessaria
1712 4531 1884 4621 sapientia
1897 4547 1960 4615 est,
1985 4533 2027 4606 in
2042 4547 2141 4606 utra-

1162 4655 1231 4724 que
1246 4652 1391 4700 cernere
1403 4626 1470 4699 Dei
1484 4629 1652 4698 beneficia
1667 4642 1701 4700 et
1717 4631 1934 4703 voluntatem
1950 4631 2030 4706 Dei.
2083 4636 2143 4709 Sic

1162 4731 1278 4802 meruit
1297 4730 1459 4800 ordinem
1477 4729 1660 4819 politicum
1677 4730 1791 4816 Deus,
1815 4745 1856 4800 ut
1879 4734 2039 4808 adfirmet
2061 4761 2144 4829 pec·

1162 4847 1276 4903 catum
1307 4853 1381 4900 esse
1407 4828 1635 4898 violationem
1658 4833 1774 4920 legum
1795 4831 2032 4921 politicarum.
2100 4837 2144 4908 ln

1160 4928 1319 5003 Ecclesia
1350 4953 1434 4999 vero
1464 4931 1577 5002 sancit
1594 4926 1698 5000 banc
1724 4930 1942 5022 libertatem,
1977 4960 2023 5008 ne
2048 4939 2143 5008 ullae

1161 5032 1368 5103 traditiones
1390 5031 1589 5102 condantur
1618 5043 1679 5100 aut
1709 5031 1926 5124 recipiantur
1956 5061 2036 5108 cum
2064 5040 2145 5130 opi-

1161 5133 1270 5203 nione
1290 5129 1405 5202 cultus
1428 5144 1488 5202 aut
1511 5129 1743 5217 necessitatis,
1782 5134 1865 5228 quia
1892 5137 1971 5210 vult
1997 5137 2079 5208 sciri
2104 5137 2143 5206 in

1160 5231 1355 5324 Evangelio
1378 5229 1553 5302 iusticiam
1573 5230 1726 5318 adferri,
1768 5257 1842 5304 non
1869 5235 2049 5308 simulatas
2070 5251 2143 5307 tra-

1140 5334 1301 5446 'gordias
1313 5344 1494 5425 gestuum,
1516 5353 1592 5401 non
1607 5328 1931 5432 ἐθολοθρησκιίσς,
1956 5336 2017 5407 sed
2031 5349 2144 5408 aeter·
2263 5381 2274 5395 ι

1518 5489 1523 5494 -
1548 5433 1621 5506 10*
