4726 5828
85 297 160 372 157
528 293 700 372 tmen
735 295 808 372 DE
840 293 1033 372 CAPTA
1064 289 1653 372 CONSTANTINOPOLI.
2037 291 2115 370 16⁸

84 469 188 540 liaris
209 467 289 540 fuit.
339 465 504 562 Denique
525 492 607 539 rere
629 464 698 540 hoc
718 469 803 540 dicti
828 482 959 560 potest,
992 469 1078 538 inde
1228 461 1395 538 Tandem
1421 488 1478 536 ars
1502 465 1692 554 excogitata
1717 477 1786 550 est,
1820 486 1889 558 qua
1916 465 2119 554 penetravit

83 595 201 665 usque
222 594 242 640 a
266 569 382 660 primo
399 568 635 641 Constantino
657 571 782 640 urbem
801 571 899 640 illam
914 567 1076 640 omniurn
1128 572 1221 641 intra
1244 584 1400 662 portum.
1430 565 1555 642 ,Tunc
1574 591 1659 636 vero
1681 566 1841 658 undique
1863 579 1956 635 terra
1973 567 2113 636 otmari

83 673 123 742 in
139 673 279 742 mundo
293 666 567 763 pulcherrimam
585 696 605 741 a
621 671 998 744 nomineConstantioi
1013 673 1076 741 ad·
1126 673 1266 743 moenia
1288 672 1388 742 urbis
1411 669 1687 762 quassabantur,
1720 681 1756 737 et
1777 681 1947 762 tyrannus
1970 689 2111 757 sperare

83 774 275 864 pellatam,
309 772 417 842 fuisse
448 773 670 864 praecipuam
694 771 873 844 Ecclesiae
899 775 1018 842 sedem
1043 786 1077 843 ct
1126 775 1260 866 coepit,
1283 795 1320 840 se
1346 773 1435 840 urbe
1453 773 1651 862 potiturum
1673 792 1756 843 esse.
1805 765 1967 860 Cumque
1988 768 2110 839 multis

81 875 248 944 omnium
263 874 506 943 doctrinarum
524 897 650 946 arcem.
1125 876 1213 968 locis
1236 873 1373 943 disiecti
1392 885 1506 940 essent
1524 872 1637 957 muri,
1663 885 1698 942 et
1713 893 1754 938 ex
1770 882 1878 958 portu
1892 869 2005 938 facilis
2020 883 2110 940 esset

188 972 287 1044 Haec
319 997 361 1044 eo
389 999 646 1059 commemoro,
687 989 726 1046 ut
755 974 865 1065 magis
894 975 1076 1046 doleamus
1125 975 1297 1067 irruptio,
1322 975 1380 1042 die
1397 964 1561 1042 vicesimo
1579 997 1676 1042 nono
1692 970 1804 1055 Maii,
1829 968 1957 1054 Turci,
1983 971 2111 1039 admo-

81 1098 210 1146 omnes
223 1075 301 1144 illas
312 1088 451 1163 gentes,
479 1073 799 1168 quaeChristianae
813 1090 1077 1169 nuncupantur,
1126 1079 1170 1150 tis
1193 1081 1237 1146 ad
1264 1073 1403 1144 moenia
1427 1074 1530 1142 scalis
1553 1089 1585 1146 et
1605 1099 1645 1144 ex
1661 1087 1764 1164 portu
1780 1085 1815 1142 et
1827 1071 1907 1140 aliis
1920 1069 2025 1157 locis,
2050 1071 2109 1140 in-

82 1189 223 1248 tantum
238 1177 344 1246 decus
361 1176 529 1252 amisisse.
1124 1179 1219 1270 genti
1234 1177 1386 1247 clamore
1404 1175 1442 1243 in
1458 1176 1582 1244 urbem
1600 1177 1796 1264 irrumpere
1811 1184 1997 1244 conantur.

1225 1277 1302 1349 Stat
1327 1288 1500 1368 spectator
1517 1287 1689 1370 tyrannus
1704 1275 1742 1342 in
1757 1273 1874 1342 vicino
1890 1273 1997 1356 colle,
2021 1265 2109 1341 hor·

187 1374 356 1464 Legimus
384 1388 501 1446 autem
530 1371 731 1446 inchoatam
757 1401 830 1449 esse
851 1381 1074 1451 obsidionem
1124 1393 1220 1453 tatur
1241 1392 1282 1450 ut
1303 1377 1440 1449 fortiter
1457 1379 1647 1447 ascendant
1670 1377 1709 1444 in
1730 1397 1870 1457 muros,
1895 1373 2110 1443 vociferatur

81 1477 199 1548 Nonis
216 1475 370 1564 Aprilis,
396 1490 431 1546 et
447 1479 539 1546 intra
556 1479 717 1564 moenia,
744 1494 883 1569 praeter
891 1480 1074 1554 Urbanam
1124 1480 1362 1564 horribiliter,
1388 1479 1437 1548 sic
1459 1479 1524 1549 ubi
1547 1479 1644 1547 videt
1657 1500 1740 1547 suos
1757 1475 1880 1568 repelli
1898 1485 1932 1544 et
1948 1474 2110 1560 interfici,

81 1577 353 1648 multitudinem
375 1591 513 1646 tantum
529 1578 635 1647 luisse
650 1602 708 1648 sex
724 1581 835 1649 millia
853 1580 1073 1653 Graecorum
1124 1587 1308 1657 confirmat
1324 1580 1491 1670 trepidos.

80 1679 259 1761 militum,
280 1690 325 1748 ‘et
348 1679 573 1748 auxiliarium
600 1677 820 1751 Venetorum
844 1696 877 1752 et
902 1681 1074 1753 Genuen-
1223 1681 1307 1753 Fuit
1324 1696 1440 1752 autem
1457 1693 1554 1750 tanta
1570 1680 1683 1750 virtus
1699 1680 1943 1760 defensorum,
1968 1691 2010 1748 ut
2026 1699 2108 1767 pars

81 1782 176 1849 sium
192 1777 260 1848 tria
277 1779 401 1848 millia·
494 1811 496 1816 ’
1123 1783 1268 1856 Turcici
1288 1783 1479 1868 exercitus,
1503 1805 1584 1852 cum
1607 1781 1712 1851 multi
1727 1780 1767 1848 in
1781 1801 1822 1849 eo
1837 1779 1915 1849 loco
1931 1778 2107 1849 interiecti

185 1876 319 1948 Contra
345 1873 573 1949 Mahometus
596 1881 789 1951 adduxerat
812 1884 1072 1975 quadringenta
1122 1897 1254 1964 essent,
1278 1885 1425 1953 cederet.

80 1979 200 2048 millia
216 1974 422 2063 hominum,
447 2002 537 2072 quae
555 1983 745 2051 multitudo
761 1984 912 2053 maxime
927 1986 1073 2057 collecta
1223 1983 1293 2055 Hic
1315 1997 1348 2054 et
1368 1983 1536 2055 victoriae
1556 2005 1633 2075 spes
1649 1983 1807 2052 animum
1824 2005 1863 2050 ac
1881 1979 1992 2050 robur
2005 1977 2106 2048 addit

79 2080 152 2150 fuit
173 2103 214 2147 ex
234 2078 362 2146 vicinis
384 2080 569 2166 gentibus,
596 2104 685 2173 quae
705 2077 821 2152 adhuc
836 2087 1073 2156 nominaban-
1124 2086 1210 2155 viris
1240 2087 1392 2157 fortibus
1421 2085 1729 2177 propugnantibus
1750 2082 1892 2165 urbem,
1926 2095 1960 2150 et
1983 2091 2107 2172 tyran-

80 2194 142 2249 tur
157 2175 402 2263 Christianae,
429 2202 469 2247 ex
483 2178 649 2265 Graecia,
673 2181 837 2276 Illyrico,
864 2183 1072 2271 Walachia,
1122 2211 1209 2257 num
1229 2188 1379 2280 periculi
1400 2187 1606 2276 magnitudo
1631 2185 1759 2268 movit,
1784 2197 1824 2254 ut
1845 2177 2010 2251 horribili
2023 2180 2106 2252 nlu-

79 2277 284 2362 Dardanis,
308 2275 482 2363 Thracia,
506 2277 689 2370 Bulgaris,
716 2281 901 2360 Triballis.
1122 2289 1218 2374 latu,
1251 2289 1477 2359 minitaretur
1499 2287 1726 2370 cedentibus,
1751 2299 1785 2356 et
1807 2278 1991 2364 cohortes,
2018 2305 2105 2374 quas

187 2377 301 2448 Turci
327 2381 432 2470 pauoi
460 2381 624 2467 fuerunt,
659 2395 693 2453 et
718 2407 797 2474 pars
819 2387 889 2458 suit
912 2411 953 2457 cx
974 2383 1072 2472 Asia,
1123 2391 1221 2460 velut
1249 2390 1388 2461 triarias
1411 2390 1503 2482 apud
1528 2411 1564 2458 se
1587 2387 1799 2473 retinuerat,
1831 2385 1970 2456 iuberet
1994 2383 2107 2454 inter-

79 2475 252 2573 Bithyni,
279 2476 444 2563 Galatae,
467 2476 562 2574 Lydi
578 2479 760 2560 etCilices.
810 2485 870 2557 Sic
885 2491 1072 2561 nobiscum
1121 2477 1411 2561 ficerc'redentes.

79 2581 177 2650 bella
197 2596 328 2670 gerunt
340 2580 484 2652 Turcici
506 2583 667 2676 tyranni,
692 2598 734 2655 ut
754 2601 875 2676 gentes
893 2593 997 2662 nobis
1012 2617 1071 2662 co·
1222 2590 1356 2663 Contra
1373 2589 1530 2660 Graecus
1543 2585 1733 2680 imperator
1752 2611 1772 2655 e
1792 2611 1853 2658 sna
1877 2585 2016 2677 specula
2033 2584 2106 2653 iam

80 2695 226 2772 gnatas,
251 2682 437 2752 uobiscum
453 2683 621 2752 dimicare
635 2701 772 2774 cogant.
1122 2695 1213 2763 bene
1240 2714 1402 2785 sperans,
1442 2686 1606 2760 hortatur
1632 2711 1734 2773 suos,
1769 2687 1810 2761 ut
1842 2712 1922 2758 curn
1951 2685 2105 2756 viderint

187 2782 249 2852 Sic
271 2798 389 2853 autem
411 2783 592 2854 distribuit
618 2785 753 2875 copias,
783 2800 825 2856 ut
848 2790 963 2862 tribus
985 2792 1073 2863 locis
1123 2793 1292 2862 arixilium
1317 2792 1399 2875 Dei,
1437 2793 1531 2861 bona
1560 2815 1640 2858 curn
1670 2813 1730 2881 spe
1763 2790 1990 2880 praelientur.
2050 2783 2106 2853 lbi

79 2899 179 2953 terra
197 2906 316 2952 muros
332 2898 533 2955 concuteret
547 2900 583 2956 et
597 2886 794 2973 disiiceret,
820 2902 854 2959 ct
872 2915 937 2983 per
950 2893 1073 2962 ruinas
1123 2915 1245 2962 rursus
1259 2896 1426 2963 conversa
1442 2906 1494 2962 est
1507 2892 1631 2982 praelii
1647 2891 1807 2975 fortuna,
1831 2891 2015 2960 vulnerato
2030 2883 2106 2956 Ge-

80 2998 238 3054 lfflltrel
251 2983 480 3074 lrfflpllomt·
748 3017 751 3025 ’
1122 2995 1248 3063 nuensi
1267 2992 1463 3065 lustiniano
1486 2994 1594 3076 duce,
1616 3013 1721 3084 quem
1738 2986 1900 3062 hortatur
1914 2989 2106 3080 imperator

186 3080 276 3155 Erat
290 3085 403 3154 virtus
417 3081 555 3177 egregia
573 3088 611 3156 in
628 3091 892 3175 defensoribus,
919 3117 1072 3188 quorum
1121 3094 1349 3185 Paleologu's,
1380 3117 1426 3163 ne
1449 3093 1560 3182 fugiat
1582 3116 1623 3161 ex
1644 3116 1705 3162 sua
1727 3093 1840 3175 turri,
1872 3114 1952 3162 cnm
1973 3089 2105 3158 vulnus

80 3189 154 3256 dux
184 3199 259 3256 erat
283 3182 502 3276 lustiniqnus
525 3186 746 3277 Genuensis,
781 3190 896 3264 ethic
919 3196 1070 3264 multum
1122 3219 1197 3265 non
1221 3196 1266 3265 sit
1288 3196 1407 3264 letale:
1434 3195 1494 3264 sed
1511 3195 1541 3262 is
1557 3195 1674 3283 potius
1690 3193 1810 3264 animo
1824 3195 1971 3276 fractus,
1997 3212 2104 3282 quam

80 3308 168 3356 usus
192 3298 271 3356 erat
293 3309 400 3376 opera
420 3288 491 3355 viri
511 3290 632 3373 fortis,
658 3293 720 3384 qui
738 3295 946 3364 nominatur
960 3297 999 3363 in
1016 3291 1072 3363 hi·
1120 3296 1268 3365 volnere
1298 3295 1504 3365 debilitatus
1532 3294 1639 3384 lugit,
1672 3317 1738 3366 nec
1765 3295 1874 3364 alium
1895 3292 2044 3362 collocat
2065 3290 2105 3358 in

81 3384 194 3456 storia
211 3380 389 3456 lohannes
406 3385 565 3459 Grandis
579 3391 772 3480 Almanus,
799 3409 833 3464 et
854 3396 994 3465 fortiter
1014 3421 1071 3464 re·
1120 3398 1219 3465 illam
1233 3396 1421 3486 speculam,
1441 3395 1503 3486 qui
1517 3408 1669 3462 caeteros
1681 3395 1904 3465 confirmaret
1918 3406 1951 3464 ct
1961 3403 2106 3480 regeret.

79 3487 266 3576 pellebant
281 3487 518 3579 irrumpentes
534 3491 679 3562 Turcas.
1224 3495 1268 3564 ln
1290 3521 1331 3566 eo
1348 3497 1426 3564 loco
1443 3497 1559 3584 sogam
1575 3494 1673 3563 ducis
1688 3521 1767 3564 cum
1784 3507 2015 3588 sequerentur
2029 3493 2105 3561 eius

8 3683 11 3694 .
186 3584 533 3680 Quanquamautem
544 3591 649 3660 multi
659 3591 804 3662 Turcici
817 3594 946 3665 milites
961 3597 1074 3666 inter·
1120 3598 1268 3682 milites,
1293 3621 1375 3690 quta
1391 3599 1443 3665 rbr
1458 3621 1512 3664 vta
1528 3617 1596 3662 ram
1615 3595 1652 3662 in
1669 3596 1793 3664 urbem
1809 3598 1965 3686 patebat,
1991 3592 2103 3662 Turci

80 3687 297 3758 liciebantur
319 3688 434 3778 globis
458 3702 493 3759 et
514 3691 668 3780 sagittis,
701 3707 819 3765 tamon
841 3690 907 3764 hae
929 3697 1073 3785 exiguae
1121 3699 1281 3769 videntes
1302 3722 1382 3768 eum
1400 3698 1516 3767 locum
1535 3695 1812 3764 adelensoribus
1826 3699 2002 3766 desertum
2019 3715 2104 3777 esse,

79 3789 207 3880 copiae
240 3789 334 3858 intra
363 3790 488 3859 urbem
516 3791 634 3863 tribus
653 3793 759 3874 locis,
792 3809 914 3866 contra
937 3811 1070 3867 tautam
1121 3823 1248 3888 magno
1265 3800 1405 3888 agmine
1421 3799 1471 3866 ibi
1487 3798 1581 3867 intra
1597 3798 1721 3866 urbem
1738 3797 1987 3867 infunduntur.
2030 3791 2105 3864 Fu·

78 3889 353 3959 multitudinem
368 3890 432 3959 diu
448 3891 692 3963 sufficerenon
706 3908 888 3986 poterant,
912 3920 1071 3988 praescr·
1120 3901 1171 3990 git
1200 3915 1316 3970 autem
1349 3897 1568 3969 Iustinianus
1590 3897 1630 3965 in
1653 3897 1808 3968 vicinam
1830 3893 2104 3979 Chalcedonem,

78 3993 149 4064 tim
173 4012 255 4058 cum
276 3990 852 4085 utrinqueeuniculiagcretrtur,
878 3999 1071 4092 inquibus
1120 4025 1210 4096 quae
1239 4024 1336 4071 nunc
1368 3997 1495 4070 Galata
1527 3999 1750 4084 nominatur,
1783 3995 1883 4070 'unde
1911 4009 2031 4089 postea
2063 3995 2103 4064 in

79 4107 203 4164 tamen
217 4089 606 4164 conatusTurcicomm
621 4097 798 4168 fossomm
816 4123 960 4190 prorsus
976 4101 1070 4172 irriti
1119 4099 1251 4174 Chium
1272 4100 1461 4190 navigans,
1485 4124 1546 4173 scu
1568 4099 1714 4170 vulnere
1735 4123 1797 4171 seu
1813 4121 1974 4174 moerore
1990 4097 2103 4169 anitni

78 4193 247 4274 luerunt,
272 4205 307 4261 et
323 4190 361 4260 in
379 4205 484 4282 portu
498 4196 636 4266 assidua
651 4199 784 4288 praelia
801 4197 936 4276 fierent.
1119 4217 1281 4276 mortuus
1297 4215 1361 4273 est.

183 4287 394 4362 Adduxerat
422 4294 517 4362 enim
538 4293 711 4368 Turcicus
740 4313 913 4395 tyrannus
944 4323 986 4369 ex
1013 4299 1069 4371 di·
1221 4300 1420 4394 Imperator
1430 4299 1638 4392 Paleologus
1659 4325 1740 4373 cum
1762 4298 1843 4370 aliis
1858 4298 1998 4383 multis,
2021 4319 2103 4368 cum

80 4391 194 4462 versis
212 4391 396 4464 littoribus
416 4395 524 4465 maris
539 4392 648 4488 Aegei
672 4412 707 4468 et
719 4396 854 4472 Euxini
871 4403 1023 4473 ducenta
1037 4415 1072 4474 et
1119 4404 1212 4477 vitae
1234 4427 1312 4495 spes
1332 4405 1371 4472 in
1385 4405 1468 4494 luga
1482 4417 1590 4488 essct,
1608 4404 1645 4472 'si
1663 4427 1705 4472 ex
1717 4401 1807 4472 urhe
1818 4399 2039 4488 effugissent,
2063 4397 2103 4467 in

80 4492 343 4586 qninquaginta
366 4493 526 4584 navigia,
558 4511 600 4568 ut
622 4512 765 4590 portum
785 4498 949 4596 Byzantii
974 4503 1070 4572 obsi-
1120 4507 1195 4598 ipsa
1220 4520 1320 4596 porta
1343 4507 1400 4574 vel
1421 4505 1616 4575 trucidatus
1627 4516 1696 4588 est,
1720 4502 1777 4572 vel
1791 4500 1975 4570 collisione
1989 4500 2103 4568 inter·
2233 4569 2236 4576 ,

79 4595 200 4678 deret,
222 4605 259 4664 et
272 4593 395 4665 littora
408 4595 562 4667 navibus
576 4612 745 4694 tauquam
764 4617 873 4693 ponte
886 4603 1058 4692 iungeret.
1119 4620 1268 4698 emptus.
1318 4605 1408 4678 Nam
1426 4606 1465 4675 in
1481 4619 1581 4697 porta
1599 4605 1799 4693 octingenta
1816 4601 1985 4671 cadavera
2000 4599 2104 4670 colli·

181 4689 320 4766 Contra
341 4695 513 4767 Turcicas
533 4721 643 4770 naves
665 4701 803 4774 stabant
827 4705 865 4773 in
888 4718 992 4794 portu
1015 4729 1069 4774 se·
1118 4729 1238 4778 sorum
1256 4720 1290 4776 et
1306 4707 1573 4779 vulneratomm
1585 4720 1722 4797 reperta
1740 4714 1833 4776 sunt.

78 4807 176 4899 ptem
199 4817 308 4864 naves
332 4793 600 4882 Genuensium,
632 4815 704 4872 tres
725 4801 963 4876 Cretensium.
1021 4801 1069 4876 Et
1219 4807 1380 4878 Victores
1390 4807 1501 4878 Tusci
1516 4820 1689 4898 vagantur
1701 4829 1764 4896 per
1776 4815 1885 4874 totam
1899 4801 2045 4887 urbem,
2068 4814 2105 4873 et
2153 4883 2156 4892 ,

79 4909 297 4966 accesserant
314 4896 457 4989 aliquae
479 4923 520 4969 ex
534 4897 645 4982 Chio,
670 4927 711 4973 ac
732 4917 855 4994 portus
874 4905 984 4975 ferrea
1000 4905 1069 4977 Ca·
1118 4908 1242 4979 obvios
1258 4923 1292 4979 et
1307 4909 1447 4979 abditos
1462 4911 1504 4978 in
1515 4907 1662 4979 aedibus
1678 4929 1787 4988 senes,
1812 4915 2003 4987 matronas,
2028 4902 2105 4972 vir·

80 4993 187 5066 thena
205 4996 345 5074 clausus
361 5011 456 5078 erat,
482 5023 528 5069 ne
545 5001 584 5070 in
600 5026 681 5072 eum
697 5019 881 5094 penetrare
897 5004 1068 5078 Turcicac
1118 5013 1234 5098 gines,
1258 5010 1410 5100 puberes
1426 5022 1461 5080 et
1479 5010 1681 5102 impuberes
1698 5005 1887 5076 trucidant.
1937 5001 2104 5095 Rapiun-

79 5119 188 5166 mm
208 5111 361 5184 P⁰saenh
413 5095 622 5191 Emperunt
638 5118 754 5174 autem
768 5131 832 5198 per
847 5110 1066 5178 occasionem
1117 5126 1176 5179 tur
1204 5111 1336 5182 multae
1356 5111 1494 5182 nobiles
1516 5123 1700 5180 matronae
1721 5119 1757 5177 ct
1779 5105 1935 5194 virgines
1957 5107 2002 5173 ad
2026 5118 2104 5175 stu-

79 5221 187 5265 naves
209 5196 456 5284 defensorum,
491 5201 553 5292 qui
576 5217 609 5273 et
632 5204 775 5276 fortiter
796 5207 957 5298 praeliati
983 5222 1067 5278 sunt
1117 5233 1199 5301 pra,
1226 5212 1388 5304 queritur
1411 5213 1541 5303 praeda
1563 5210 1601 5278 in
1618 5207 1779 5278 omnium
1797 5206 1945 5276 aedibus
1959 5217 1995 5274 ct
2012 5219 2104 5274 tem-

79 5319 158 5366 cum
166 5295 308 5382 Turris,
332 5313 365 5369 et
381 5300 569 5370 incendere
582 5327 705 5375 eorum
721 5329 827 5378 naves
839 5311 956 5381 conati
972 5324 1066 5396 suut,
1117 5311 1203 5402 plis,
1228 5336 1334 5407 quam
1350 5313 1500 5384 iusserat
1511 5305 1739 5380 Mahometns
1754 5320 1853 5399 capta
1865 5307 1956 5376 urbe
1969 5303 2102 5373 milites

79 5398 246 5492 stetitque
259 5399 396 5493 aliquot
411 5400 534 5474 diebus
549 5397 927 5481 Turcicaclassissiue
943 5432 1022 5487 usu.
1117 5427 1248 5490 tenere.
1306 5411 1350 5484 ln
1376 5411 1517 5504 templis
1538 5411 1700 5506 picturae
1722 5403 1864 5485 Christi·
1878 5401 2104 5478 coutumeliis
