4726 5828
100 269 155 346 Β
593 245 597 250 ’
678 255 838 342 DECL.
859 255 946 338 'DE
980 252 1228 336 HiER'UN.
1254 249 1571 334 'SCHUHBR‘
2073 261 2124 340 90

99 441 421 533 ebtammsrrduni
438 439 510 524 est,
535 431 653 527 stipsi
665 435 748 506 'crim
761 427 913 505 adhunc
930 429 1026 504 luris
1037 431 1091 504 ci-
1140 441 1291 515 nerunt,
1316 427 1480 502 eximiam
1501 424 1611 502 luisse
1630 423 1841 522 sapientiam
1862 441 1897 501 et
1917 421 2126 520 gravitatem

98 542 401 616 vilis-doctrinam
414 537 657 610 adiunxisscnt
672 536 779 607 aliam
790 534 998 625 sapientiam
1013 557 1091 604 ma·
1139 532 1178 601 in
1193 528 1346 617 Cralito,
1372 531 1435 624 qni
1451 555 1531 604 cum
1541 527 1685 611 Ulmum
1703 545 1846 604 vocatus
1866 544 1971 616 esset,
1997 528 2128 602 Hiero-

98 645 235 730 iorem,
260 643 396 715 scilicet
415 640 489 710 veri
505 637 575 710 Dei
596 636 813 729 agnitionem
835 649 869 707 et
893 633 1091 704 invocatio·
1138 656 1286 726 nymum
1311 645 1411 724 pater
1429 631 1469 703 in
1489 629 1717 706 Academiam
1732 630 1998 720 Tubingensem
2018 633 2128 714 misit,

98 769 202 825 nens,
226 745 361 814 alacres
379 763 420 812 ex
436 735 544 812 buius
561 740 654 810 vitae
667 735 848 808 aerumnis
863 737 908 805 ad
930 734 1089 806 coelestis
1139 734 1176 802 in
1201 756 1271 826 qua
1292 733 1424 824 etipse
1446 734 1510 805 diu
1530 732 1681 818 vixerat,
1723 746 1759 803 et
1787 757 1868 804 cnm
1888 729 2065 803 Nanclero
2094 747 2129 805 et

97 841 281 916 Ecclesiae
309 843 512 914 societatem
543 840 796 923 discesserunt,
830 836 936 908 dolor
966 838 1089 904 mode·
1138 829 1425 908 Summenhardo
1443 831 1629 924 Theologo
1646 832 1851 906 dulcissima
1870 833 2022 904 amicitia
2041 857 2127 904 con-

98 948 236 1016 raudus
263 957 334 1029 est,
371 941 544 1013 uremoria
573 953 690 1010 tamen
721 963 803 1009 cum
831 937 1090 1028 significatione
1138 933 1280 1009 iunctus
1306 949 1391 1008 erat.
1446 934 1501 1006 lbi
1519 933 1795 1006 Iurisconsultus
1818 929 2127 1024 audivitEbiuge-

100 1058 292 1138 perpetuae
311 1041 539 1132 gratitudinis
560 1041 746 1112 retinenda
770 1051 834 1114 est.
886 1036 970 1108 Ideo
992 1060 1090 1108 nunc
1138 1061 1238 1124 cnm,
1264 1037 1327 1131 qni
1342 1038 1406 1108 diu
1420 1052 1539 1129 postea
1556 1034 1664 1123 vixit,
1688 1048 1723 1106 et
1736 1035 1848 1106 lector
1863 1033 1955 1104 luris
1971 1035 2041 1104 init
2057 1059 2125 1104 an-

99 1145 258 1217 breviter
276 1141 462 1230 historiam
486 1143 555 1212 viri
573 1139 759 1212 clarissimi
772 1140 940 1212 Doctoris
956 1136 1090 1214 Hiero-
1139 1165 1204 1210 nos
1227 1150 1353 1210 treset
1382 1137 1660 1232 quinquaginta,
1700 1159 1805 1229 quem
1834 1147 1869 1218 et
1897 1137 1971 1228 ipse
1992 1135 2129 1210 Ductor

98 1241 376 1340 nymiSchurfiii
392 1244 566 1328 recitabo,
592 1265 683 1335 quae
697 1241 811 1312 multa
828 1248 986 1339 exempla
1004 1268 1090 1316 con·
1138 1240 1381 1334 Hieronymus
1393 1239 1559 1310 narrabat
1573 1237 1763 1309 minimum
1779 1233 2067 1331 labyrinthorum
2086 1239 2127 1308 in

97 1348 209 1430 tinet,
236 1369 388 1444 qnorum
412 1344 648 1416 consideratio
675 1354 711 1416 et
733 1345 884 1420 excitare
906 1351 952 1418 ad
976 1347 1091 1418 virtu·
1138 1343 1300 1412 docendo
1314 1341 1453 1410 adferre
1469 1337 1626 1422 solitum,
1646 1351 1680 1407 et
1694 1339 1811 1410 sontes
1825 1336 1917 1410 luris
1932 1332 2123 1411 rectissime

94 1460 169 1517 tem
191 1447 330 1540 aliquos
353 1447 499 1538 poterit,
532 1461 568 1521 et
587 1444 699 1522 multa
723 1449 767 1522 de
787 1450 914 1520 studiis
933 1470 1089 1520 monere.
1138 1443 1341 1512 ostendisse.
1401 1441 1460 1512 lbi
1490 1453 1524 1510 et
1545 1433 1736 1510 Ductorem
1757 1437 1951 1532 Lupffdich
1974 1441 2126 1526 audivit,

94 1545 177 1616 Hoc
199 1547 357 1616 officium
379 1570 446 1617 nos
467 1551 615 1646 quidem
638 1552 826 1643 praecipue
853 1550 886 1618 ei
908 1550 1089 1630 debemus,
1138 1545 1239 1614 cuins
1259 1541 1543 1638 perspicuitatem
1566 1540 1604 1609 in
1627 1543 1787 1612 docendo
1809 1541 1915 1614 etiam
1939 1541 2132 1636 probabat,

96 1648 160 1741 qni
185 1647 320 1718 suimus
339 1643 453 1740 ipsius
475 1653 676 1736 auditores,
700 1663 736 1721 et
757 1674 838 1720 vere
860 1645 928 1720 boc
948 1647 1090 1742 praedi·
1136 1644 1384 1714 simulantem
1397 1637 1621 1732 Theologum
1635 1637 1961 1714 Summenbardum
1977 1641 2129 1726 audivit,

97 1773 178 1818 care
200 1771 405 1840 possumus,
436 1751 633 1843 plurimum
655 1752 760 1823 nobis
782 1753 933 1821 formam
956 1747 1089 1819 doctri·
1137 1768 1242 1836 quem
1258 1759 1293 1815 et
1306 1741 1472 1814 aliilnris
1485 1743 1636 1815 studiosi
1653 1744 1866 1828 audiebant,
1891 1744 1974 1836 qnia
1990 1743 2125 1812 doctri-

95 1871 185 1934 nae,
210 1873 280 1942 qua
299 1871 383 1918 usus
397 1867 472 1938 est,
495 1869 530 1925 et
553 1855 627 1923 eins
649 1853 688 1920 in
716 1853 907 1923 iudicando
930 1851 1088 1942 pruden-
1137 1868 1218 1915 nam
1244 1841 1424 1915 Ecclesiae
1454 1846 1618 1916 evolvere
1643 1867 1685 1916 est
1712 1843 1908 1934 praestigiis
1937 1843 2123 1914 inutilium

95 1949 184 2020 tiam
200 1964 235 2019 et
250 1949 502 2023 rectitudinem
521 1953 706 2046 proluisse.
1135 1945 1416 2036 disputationum
1442 1959 1478 2017 et
1500 1969 1542 2016 ex
1562 1945 1803 2036 superstitiosa
1830 1944 2129 2036 interpretatione,

199 2044 338 2118 Ordior
363 2067 481 2124 antem
505 2077 525 2122 a
548 2051 673 2145 patria.
731 2051 776 2120 In
791 2049 966 2121 Helvetiis
987 2063 1087 2120 vetus
1135 2046 1369 2118 traditionum
1390 2041 1628 2120 humanarum
1650 2047 1864 2133 conabatur,
1889 2059 1925 2116 et
1948 2041 2122 2116 Gersunis

93 2148 231 2220 familia
252 2163 306 2219 est
322 2149 603 2238 Scbnssburum,
628 2165 662 2222 et
685 2176 765 2224 cum
787 2153 856 2222 alia
879 2166 963 2223 sunt
985 2165 1087 2223 vetu-
1135 2149 1292 2220 imitator
1309 2162 1395 2223 erat.
1420 2223 1423 2230 ,
2118 2179 2122 2192 ·

91 2251 195 2322 statis
211 2250 435 2340 testimonia,
456 2268 531 2325 tum
548 2249 617 2324 boc
632 2275 793 2348 quoque,
817 2254 914 2345 quod
936 2253 973 2321 in
992 2251 1087 2346 Syu7
1235 2247 1328 2321 Cum
1368 2261 1488 2319 antem
1524 2243 1785 2320 illustrissimus
1821 2241 1904 2315 Dux
1948 2243 2121 2318 Saxoniae

94 2354 166 2420 odo
196 2345 467 2425 Constantiensi
497 2354 565 2425 luit
598 2355 736 2426 Doctor
764 2347 962 2426 Schnrffius
993 2351 1088 2423 iuter
1135 2347 1279 2421 Elector
1294 2348 1498 2420 Fridericns
1518 2349 1730 2421 decrevisset
1744 2343 1972 2418 Academiam
1997 2341 2122 2426 inboc

92 2452 250 2522 delectos
267 2449 503 2526 Germanicae
525 2453 682 2526 nationis
701 2455 744 2525 ad
769 2454 975 2546 praecipuas
996 2453 1087 2523 deli·
1135 2451 1266 2544 oppido
1285 2451 1516 2531 constituere,
1540 2463 1576 2522 et
1598 2449 1830 2522 laudarentur
1848 2449 1963 2518 studia
1980 2449 2118 2520 Acade-

93 2552 301 2624 beratioucs
318 2570 357 2627 nt
372 2555 547 2646 catalogus
560 2555 814 2647 praestantium
832 2555 1004 2638 virorum,
1023 2553 1086 2648 qni
1135 2553 1229 2622 miae
1243 2551 1503 2642 Tubingensis,
1529 2548 1644 2620 voluit
1656 2544 1748 2618 banc
1762 2571 1860 2617 suam
1877 2543 2032 2620 scholam
2049 2545 2121 2620 Co-

94 2653 135 2722 in
160 2676 201 2722 ea
226 2654 372 2750 Synodu
393 2647 561 2740 suerunt,
585 2656 751 2730 ostendit.
800 2653 905 2725 Pater
928 2655 1086 2726 medicus
1135 2653 1269 2722 louiam
1288 2675 1362 2724 esse
1385 2647 1705 2730 hammensium,
1739 2647 1898 2739 Lipsicae
1920 2661 1956 2718 et
1977 2647 2119 2721 'l'nbiu-

93 2754 188 2826 vixit
204 2755 243 2824 in
259 2755 367 2836 urbe,
392 2757 449 2826 cui
466 2780 597 2825 nomen
611 2753 834 2827 estaSancto
846 2753 967 2830 Gallo.
1002 2751 1085 2824 Ma·
1134 2754 1259 2842 gensis.
1315 2747 1369 2822 Ac
1390 2751 1555 2824 mandata
1576 2749 1675 2820 dedit
1689 2745 1891 2841 Stanpicio,
1923 2763 1968 2842 nt
1985 2772 2025 2818 ex
2042 2747 2119 2820 Tu·

92 2865 154 2924 ter
169 2851 316 2926 honeste
331 2870 491 2928 matrona
508 2854 820 2938 suitBibraccnsis,
846 2868 994 2946 cognata
1007 2855 1084 2924 viro
1133 2853 1243 2942 binga
1261 2853 1409 2922 lectores
1425 2852 1564 2944 aliquot
1577 2848 1670 2923 luris
1692 2861 1727 2920 et
1751 2851 1932 2920 doctrinae
1954 2848 2118 2920 ecclesia-

94 2955 285 3036 sxcellenti
302 2955 473 3048 sapientia
487 2970 521 3026 et
537 2955 669 3028 virtute
679 2952 854 3044 Gregorio
867 2953 1085 3048 Lamparter,
1134 2953 1240 3024 sticae
1255 2965 1289 3022 et
1307 2946 1553 3045 philosophiae
1570 2951 1769 3020 adduceret.
1802 2949 1873 3018 Hic
1887 2951 1995 3040 igitur
2008 2947 2118 3020 luris·

94 3056 308 3126 cancellario
324 3053 432 3126 Ducis
444 3055 762 3145 Wirtebergensis.
800 3053 874 3127 Hic
890 3054 1084 3146 Gregorius
1134 3051 1315 3124 consultos
1328 3054 1420 3124 dnos
1435 3049 1712 3142 Wolffgangnm
1731 3063 1764 3122 et
1779 3049 1997 3122 Vollandnm
2020 3053 2119 3140 inge-

93 3153 287 3229 Doctorcm
303 3153 562 3251 Hieronymum
579 3170 724 3248 propter
742 3157 951 3227 memoriam
967 3155 1081 3248 pater·
1135 3155 1275 3224 niosnm
1306 3154 1444 3238 virum,
1484 3153 1548 3246 qni
1576 3166 1611 3223 et
1639 3149 1869 3222 cancellarius
1898 3165 2017 3244 postea
2049 3151 2118 3222 suit

93 3283 162 3328 nne
184 3257 360 3328 amicitiae
385 3273 420 3330 et
444 3257 665 3347 cognationis
687 3257 964 3328 familiarissime
986 3283 1083 3328 com-
1133 3255 1243 3328 Ducis
1257 3251 1585 3342 Wirtebergensis,
1610 3253 1769 3324 adduxit.

92 3360 220 3449 plexus
247 3372 299 3429 est
328 3356 366 3428 iu
389 3372 567 3428 conventu
592 3357 883 3443 Wormaciensi,
923 3383 1003 3430 cnm
1031 3357 1083 3427 ibl
1237 3353 1407 3424 Vollandi
1434 3353 1618 3444 ingenium
1646 3353 1915 3442 magnifaciebat
1937 3351 2117 3447 Hierony·
2202 3397 2226 3406 .‚

93 3458 294 3549 Gregorius
314 3473 404 3531 esset
426 3459 521 3528 inter
543 3458 765 3528 consiliarios
787 3456 909 3543 Caroli
929 3457 1083 3549 Impera·
1134 3477 1232 3540 mus,
1260 3456 1340 3526 ideo
1354 3454 1524 3524 invitatus
1541 3456 1586 3525 ab
1608 3480 1651 3524 eo
1677 3477 1793 3525 comes
1813 3455 1881 3525 init
1905 3449 2013 3526 buius
2036 3456 2116 3523 lon-

92 3561 185 3633 turis
199 3560 428 3651 praecipuos,
450 3581 546 3628 anuo
562 3559 763 3644 millesimo,
789 3559 1084 3652 quingentesimo,
1133 3557 1266 3650 ginqne
1286 3553 1527 3646 profectionis.
1579 3551 1735 3626 Adducti
1750 3567 1833 3624 sunt
1847 3555 1956 3626 etalii
1970 3556 2119 3634 lectores

90 3662 263 3731 vicesimo
279 3661 416 3752 primo,
437 3660 501 3730 ubi
515 3683 596 3730 cum
612 3660 692 3729 aliis
699 3658 906 3751 Principum
923 3659 1084 3748 negotiis,
1134 3652 1384 3749 philosophici,
1396 3653 1646 3744 sigismundus
1658 3669 1693 3726 et
1701 3653 1906 3747 Dionysius,
1921 3654 1983 3747 qui
1998 3673 2117 3746 postea

92 3775 174 3832 tum
198 3785 282 3832 veru
307 3761 413 3832 etiam
438 3763 483 3830 de
503 3759 755 3832 controversiis
776 3756 953 3830 Ecclesiae
980 3779 1083 3852 saepe
1134 3758 1319 3828 consenuit
1332 3757 1373 3825 iu
1386 3753 1872 3846 monasteriotltrsaugiemi,
1911 3753 1982 3828 Sed
1999 3757 2042 3826 dc
2058 3751 2116 3825 bis

93 3887 177 3934 curn
211 3885 254 3932 eo
279 3859 415 3933 Ductor
434 3859 677 3955 Hieronymus
707 3861 904 3931 collocutus
933 3871 1002 3945 est,
1047 3873 1083 3931 et
1133 3881 1318 3930 nuncnon
1335 3860 1463 3928 dicam.

93 3964 388 4034 commemoravit
404 3963 453 4047 ei,
478 3976 593 4033 motas
610 3985 685 4032 esse
700 3960 957 4032 controversias
973 3982 992 4029 a
1011 3959 1081 4031 Lu·
1234 3956 1316 4029 Dux
1325 3956 1539 4038 Fridericus,
1563 3959 1646 4055 quia
1662 3957 1794 4033 sciebat
1809 3957 1848 4026 in
1861 3957 2116 4048 gubernatione

91 4059 212 4148 tbero,
237 4089 310 4133 non
323 4063 547 4153 privataulla
562 4063 767 4155 cupiditate,
788 4064 850 4131 sed
865 4074 905 4132 ut
920 4061 1081 4133 doctrina
1131 4083 1225 4153 opus
1244 4081 1318 4128 esse
1341 4058 1544 4148 cognitione
1563 4057 1673 4146 luris,
1698 4059 1774 4130 eiua
1796 4059 1978 4130 doctrinae
2000 4061 2116 4130 studia

91 4165 291 4236 necessaria
314 4165 573 4250 illustraretur,
610 4177 646 4236 et
667 4164 828 4254 exposuit
849 4161 927 4232 seni
948 4163 1082 4234 doctri·
1132 4159 1284 4229 maxime
1299 4159 1450 4230 excitare
1466 4159 1650 4252 cupiebat,
1675 4173 1811 4231 etcum
1832 4172 1949 4231 essent
1969 4159 2116 4231 lectores

89 4291 178 4336 nam
208 4267 255 4336 de
284 4266 502 4357 poenitentia
530 4278 563 4336 ct
592 4265 743 4354 gratuita
779 4261 1080 4347 reconciliatione,
1132 4261 1282 4345 eruditi,
1303 4273 1339 4330 et
1361 4260 1564 4330 auditorum
1585 4259 1775 4330 mediocris
1796 4259 2014 4352 frequentia,
2040 4260 2115 4350 ipsc

90 4391 201 4461 quam
229 4366 290 4436 ille
311 4367 684 4437 commemorationem
710 4366 891 4436 confessus
911 4375 981 4449 est,
1009 4364 1081 4436 sibi
1131 4384 1211 4430 curn
1236 4363 1344 4433 fratre
1364 4358 1545 4432 interdurn
1565 4360 1734 4431 lectiones
1761 4361 1938 4436 audiebat.
2001 4355 2117 4432 Erant

90 4482 228 4556 gratam
243 4468 363 4541 luisse.
412 4465 461 4538 Et
477 4481 552 4538 erat
565 4469 595 4536 is
611 4484 696 4538 tnnc
716 4463 926 4538 Mercurino
942 4466 1079 4535 cancel·
1131 4462 1241 4550 igitur
1265 4456 1324 4531 bic
1344 4484 1384 4532 ea
1408 4461 1524 4532 studia
1550 4462 1772 4546 ardentiora,
1807 4475 1842 4532 et
1863 4459 2126 4557 Hieronymus,

89 4570 185 4639 lario
203 4567 431 4660 Imperatoris
444 4568 752 4640 familiarissimus.
946 4629 948 4634 .
1131 4585 1335 4656 quanquam
1361 4562 1619 4643 auditorem,
1660 4571 1778 4632 tamen
1803 4562 1886 4654 quia
1910 4560 2054 4651 ingenio
2081 4575 2116 4636 et

196 4669 309 4740 Natus
338 4684 438 4762 patre
465 4667 598 4742 Ioanne
627 4664 806 4740 Scburffio
841 4665 999 4752 medico,
1037 4667 1083 4752 let
1131 4663 1334 4752 cognitione
1356 4660 1449 4733 luris
1469 4663 1614 4732 caeteris
1630 4661 1855 4734 auditoribus
1874 4661 2118 4748 antecellebat,

88 4782 207 4841 mstre
221 4765 428 4842 Hibracensi
449 4769 488 4840 iu
503 4772 636 4862 ‘oppido
651 4768 690 4842 S.
708 4765 825 4853 Galli,
851 4790 931 4838 cnm
949 4763 1080 4838 Gram-
1131 4788 1206 4834 non
1229 4777 1367 4836 tantum
1393 4762 1646 4850 electoribus,
1670 4764 1732 4834 sed
1755 4763 1860 4834 etiam
1881 4763 1926 4832 ab
1948 4761 1992 4834 iis
2015 4761 2116 4846 viris,

87 4871 245 4944 maticen
263 4869 301 4940 in
316 4873 430 4962 patria
445 4871 646 4950 didicisset,
669 4867 847 4940 Basilearn
868 4866 997 4939 missus
1016 4879 1080 4951 est,
1131 4865 1338 4958 quorumin
1355 4864 1435 4934 aula
1459 4864 1646 4956 praecipua
1667 4877 1744 4934 erat
1763 4862 1950 4948 autoritas,
1989 4863 2116 4956 dilige·

87 4969 402 5058 anibulantem,
421 4972 511 5067 qnia
526 4971 699 5045 excellens
715 4971 755 5040 in
770 4992 812 5041 eo
825 4970 963 5060 ingenii
976 4967 1080 5038 recti-
1130 4968 1248 5039 balsan
1297 4967 1420 5059 ltaque
1433 4988 1514 5038 cum
1530 4989 1603 5036 uon
1619 4963 1770 5056 amplius
1788 4986 1883 5034 anno
1903 4959 1961 5034 hic
1980 4963 2117 5050 suisset,

88 5077 180 5144 tudo
207 5087 299 5158 eret,
317 5075 494 5144 celeriter
517 5073 691 5166 percepit,
727 5086 762 5143 et
785 5083 905 5141 mettis
924 5070 1080 5140 admira·
1128 5081 1277 5138 ornatus
1304 5079 1357 5138 est
1380 5067 1491 5156 gradu
1512 5065 1697 5152 Ductoris,
1738 5078 1773 5135 et
1797 5066 1911 5136 amico
1938 5063 2115 5134 Vollando

86 5174 187 5248 tione
197 5171 403 5264 sapientiae,
429 5169 922 5246 etvirtntisDuetorisCrallti
931 5169 1080 5244 Ulmen-
1130 5167 1293 5238 redeunti
1316 5167 1355 5236 in
1376 5171 1526 5258 patriam
1551 5167 1589 5236 in
1610 5189 1756 5238 munere
1778 5165 1918 5258 legendi
1942 5166 2118 5237 successit.

88 5276 155 5362 sis,
179 5275 585 5366 omissapsternaarte,
611 5269 704 5349 luris
718 5275 900 5346 doctrinae
921 5295 959 5342 se
978 5272 1080 5342 dedi-
1129 5266 1177 5340 Et
1196 5291 1277 5339 mm
1293 5267 1331 5338 in
1349 5268 1561 5341 lectionibus
1580 5267 1737 5338 lucerent
1754 5268 1807 5336 vis
1822 5267 1956 5356 ingenii
1979 5280 2012 5336 et
2033 5283 2116 5334 en>

86 5376 153 5450 dit.
207 5376 433 5452 Mottiana
452 5371 572 5450 adbuc
587 5373 798 5448 Basileaeet
815 5371 941 5448 Ulmae
953 5371 1079 5444 mesni·
1129 5369 1239 5457 ditio,
1264 5370 1447 5466 aliquanto
1469 5380 1548 5460 post
1562 5363 1643 5442 Dux
1659 5366 1861 5441 Fridericns
1882 5389 1962 5438 eum
1979 5366 2116 5438 delibo-
