<?xml version="1.0" encoding="UTF-8"?>
<!DOCTYPE html PUBLIC "-//W3C//DTD XHTML 1.0 Transitional//EN"
    "http://www.w3.org/TR/xhtml1/DTD/xhtml1-transitional.dtd">
<html xmlns="http://www.w3.org/1999/xhtml" xml:lang="en" lang="en">
 <head>
  <title>
</title>
<meta http-equiv="Content-Type" content="text/html;charset=utf-8" />
  <meta name='ocr-system' content='tesseract 3.04.00' />
  <meta name='ocr-capabilities' content='ocr_page ocr_carea ocr_par ocr_line ocrx_word'/>
</head>
<body>
  <div class='ocr_page' id='page_1' title='image "./corpusreformato13melagoog_0391.png"; bbox 0 0 4604 5804; ppageno 0'>
   <div class='ocr_carea' id='block_1_1' title="bbox 221 209 2231 395">
    <p class='ocr_par' dir='ltr' id='par_1_1' title="bbox 221 209 2231 395">
     <span class='ocr_line' id='line_1_1' title="bbox 221 209 2231 395; baseline 0.006 -43"><span class='ocrx_word' id='word_1_1' title='bbox 221 274 298 388; x_wconf 77' lang='lat' dir='ltr'>aas</span> <span class='ocrx_word' id='word_1_2' title='bbox 472 269 681 347; x_wconf 71' lang='lat' dir='ltr'>scanne</span> <span class='ocrx_word' id='word_1_3' title='bbox 704 273 781 350; x_wconf 86' lang='lat' dir='ltr'>eu.</span> <span class='ocrx_word' id='word_1_4' title='bbox 808 271 927 352; x_wconf 77' lang='lat' dir='ltr'>unt.</span> <span class='ocrx_word' id='word_1_5' title='bbox 953 272 1022 349; x_wconf 78' lang='lat' dir='ltr'>an</span> <span class='ocrx_word' id='word_1_6' title='bbox 1045 275 1172 352; x_wconf 83' lang='lat' dir='ltr'>nrsr.</span> <span class='ocrx_word' id='word_1_7' title='bbox 1198 273 1344 395; x_wconf 80' lang='lat' dir='ltr'>eaor.</span> <span class='ocrx_word' id='word_1_8' title='bbox 1369 240 1658 352; x_wconf 80' lang='lat' dir='ltr'>er&#39;rnuos.</span> <span class='ocrx_word' id='word_1_9' title='bbox 1685 209 2008 388; x_wconf 71' lang='lat' dir='ltr'>sinerentur.</span> <span class='ocrx_word' id='word_1_10' title='bbox 2110 225 2113 236; x_wconf 43' lang='lat'><strong><em>‘</em></strong></span> <span class='ocrx_word' id='word_1_11' title='bbox 2153 287 2231 364; x_wconf 31' lang='lat' dir='ltr'>vrrs</span> 
     </span>
    </p>
   </div>
   <div class='ocr_carea' id='block_1_2' title="bbox 54 441 2279 5418">
    <p class='ocr_par' dir='ltr' id='par_1_2' title="bbox 54 441 2279 5418">
     <span class='ocr_line' id='line_1_2' title="bbox 225 441 2232 544; baseline 0.003 -24"><span class='ocrx_word' id='word_1_12' title='bbox 225 451 265 520; x_wconf 90' lang='lat' dir='ltr'>in</span> <span class='ocrx_word' id='word_1_13' title='bbox 285 469 356 544; x_wconf 88' lang='lat' dir='ltr'>qua</span> <span class='ocrx_word' id='word_1_14' title='bbox 384 441 505 518; x_wconf 75' lang='lat' dir='ltr'>literas</span> <span class='ocrx_word' id='word_1_15' title='bbox 519 441 709 535; x_wconf 83' lang='lat' dir='ltr'>pinxerat,</span> <span class='ocrx_word' id='word_1_16' title='bbox 746 443 855 535; x_wconf 89' lang='lat' dir='ltr'>capiti</span> <span class='ocrx_word' id='word_1_17' title='bbox 876 442 963 516; x_wconf 79' lang='lat' dir='ltr'>Lini</span> <span class='ocrx_word' id='word_1_18' title='bbox 990 445 1117 532; x_wconf 77' lang='lat' dir='ltr'><strong>illisit,</strong></span> <span class='ocrx_word' id='word_1_19' title='bbox 1147 469 1220 540; x_wconf 90' lang='lat' dir='ltr'>qno</span> <span class='ocrx_word' id='word_1_20' title='bbox 1270 467 1373 539; x_wconf 88' lang='lat' dir='ltr'>saepe</span> <span class='ocrx_word' id='word_1_21' title='bbox 1391 461 1496 520; x_wconf 84' lang='lat' dir='ltr'>causa</span> <span class='ocrx_word' id='word_1_22' title='bbox 1517 447 1588 520; x_wconf 85' lang='lat' dir='ltr'>luit</span> <span class='ocrx_word' id='word_1_23' title='bbox 1610 447 1831 520; x_wconf 83' lang='lat' dir='ltr'>confirmatio</span> <span class='ocrx_word' id='word_1_24' title='bbox 1855 449 2051 538; x_wconf 88' lang='lat' dir='ltr'>idolomrn,</span> <span class='ocrx_word' id='word_1_25' title='bbox 2074 467 2112 526; x_wconf 91' lang='lat' dir='ltr'>ot</span> <span class='ocrx_word' id='word_1_26' title='bbox 2126 456 2232 526; x_wconf 90' lang='lat' dir='ltr'>mortis</span> 
     </span>
     <span class='ocr_line' id='line_1_3' title="bbox 226 543 2232 640; baseline 0.003 -19"><span class='ocrx_word' id='word_1_27' title='bbox 226 548 604 624; x_wconf 83' lang='lat' dir='ltr'>ictn&#39;Linusmortuus</span> <span class='ocrx_word' id='word_1_28' title='bbox 624 557 688 616; x_wconf 89' lang='lat' dir='ltr'>est.</span> <span class='ocrx_word' id='word_1_29' title='bbox 739 543 911 618; x_wconf 81' lang='lat' dir='ltr'>Scribant</span> <span class='ocrx_word' id='word_1_30' title='bbox 928 543 1024 618; x_wconf 87' lang='lat' dir='ltr'>hunc</span> <span class='ocrx_word' id='word_1_31' title='bbox 1049 543 1221 618; x_wconf 89' lang='lat' dir='ltr'>exPhoe-</span> <span class='ocrx_word' id='word_1_32' title='bbox 1270 543 1410 640; x_wconf 82' lang='lat' dir='ltr'>Orphei</span> <span class='ocrx_word' id='word_1_33' title='bbox 1428 562 1462 620; x_wconf 92' lang='lat' dir='ltr'>et</span> <span class='ocrx_word' id='word_1_34' title='bbox 1475 545 1637 622; x_wconf 89' lang='lat' dir='ltr'>Hesiodi.</span> <span class='ocrx_word' id='word_1_35' title='bbox 1687 545 1765 622; x_wconf 88' lang='lat' dir='ltr'>Etsi</span> <span class='ocrx_word' id='word_1_36' title='bbox 1781 563 1901 624; x_wconf 88' lang='lat' dir='ltr'>autem</span> <span class='ocrx_word' id='word_1_37' title='bbox 1917 553 1957 626; x_wconf 88' lang='lat' dir='ltr'>lit</span> <span class='ocrx_word' id='word_1_38' title='bbox 1978 557 2232 628; x_wconf 86' lang='lat' dir='ltr'>mentiemulto·</span> 
     </span>
     <span class='ocr_line' id='line_1_4' title="bbox 227 644 2233 750; baseline 0.001 -24"><span class='ocrx_word' id='word_1_39' title='bbox 227 654 323 726; x_wconf 87' lang='lat' dir='ltr'>nicia</span> <span class='ocrx_word' id='word_1_40' title='bbox 355 650 535 742; x_wconf 85' lang='lat' dir='ltr'>doctrinas</span> <span class='ocrx_word' id='word_1_41' title='bbox 564 649 604 716; x_wconf 92' lang='lat' dir='ltr'>in</span> <span class='ocrx_word' id='word_1_42' title='bbox 629 644 815 718; x_wconf 77' lang='lat' dir='ltr'>Graeciam</span> <span class='ocrx_word' id='word_1_43' title='bbox 846 648 1013 722; x_wconf 88' lang='lat' dir='ltr'>attulisse.</span> <span class='ocrx_word' id='word_1_44' title='bbox 1072 646 1222 742; x_wconf 84' lang='lat' dir='ltr'>Reliqui</span> <span class='ocrx_word' id='word_1_45' title='bbox 1269 673 1349 722; x_wconf 91' lang='lat' dir='ltr'>rum</span> <span class='ocrx_word' id='word_1_46' title='bbox 1366 649 1657 722; x_wconf 88' lang='lat' dir='ltr'>aliorumvatum</span> <span class='ocrx_word' id='word_1_47' title='bbox 1674 651 1939 744; x_wconf 86' lang='lat' dir='ltr'>etscriptorum</span> <span class='ocrx_word' id='word_1_48' title='bbox 1959 655 2000 726; x_wconf 91' lang='lat' dir='ltr'>in</span> <span class='ocrx_word' id='word_1_49' title='bbox 2019 651 2233 750; x_wconf 73' lang='lat' dir='ltr'>hacantiqui</span> 
     </span>
     <span class='ocr_line' id='line_1_5' title="bbox 227 745 2234 844; baseline 0.002 -18"><span class='ocrx_word' id='word_1_50' title='bbox 227 753 407 826; x_wconf 89' lang='lat' dir='ltr'>habentur</span> <span class='ocrx_word' id='word_1_51' title='bbox 433 751 537 844; x_wconf 91' lang='lat' dir='ltr'>pauci</span> <span class='ocrx_word' id='word_1_52' title='bbox 560 748 674 839; x_wconf 80' lang='lat' dir='ltr'>ipsius</span> <span class='ocrx_word' id='word_1_53' title='bbox 699 771 844 834; x_wconf 87' lang='lat' dir='ltr'>versus,</span> <span class='ocrx_word' id='word_1_54' title='bbox 879 773 1030 843; x_wconf 90' lang='lat' dir='ltr'>qnorum</span> <span class='ocrx_word' id='word_1_55' title='bbox 1054 745 1114 820; x_wconf 91' lang='lat' dir='ltr'>hie</span> <span class='ocrx_word' id='word_1_56' title='bbox 1129 753 1222 822; x_wconf 89' lang='lat' dir='ltr'>cele-</span> <span class='ocrx_word' id='word_1_57' title='bbox 1269 764 1343 824; x_wconf 89' lang='lat' dir='ltr'>tate</span> <span class='ocrx_word' id='word_1_58' title='bbox 1356 750 1493 844; x_wconf 87' lang='lat' dir='ltr'>primae</span> <span class='ocrx_word' id='word_1_59' title='bbox 1513 748 1760 842; x_wconf 79' lang='lat' dir='ltr'>monarchiae,</span> <span class='ocrx_word' id='word_1_60' title='bbox 1786 767 1906 827; x_wconf 86' lang='lat' dir='ltr'>tamen</span> <span class='ocrx_word' id='word_1_61' title='bbox 1928 759 2132 831; x_wconf 89' lang='lat' dir='ltr'>eosomitto.</span> <span class='ocrx_word' id='word_1_62' title='bbox 2178 758 2234 831; x_wconf 87' lang='lat' dir='ltr'>Ut·</span> 
     </span>
     <span class='ocr_line' id='line_1_6' title="bbox 229 841 2233 956; baseline 0 -28"><span class='ocrx_word' id='word_1_63' title='bbox 229 854 451 929; x_wconf 87' lang='lat' dir='ltr'>brstissimus</span> <span class='ocrx_word' id='word_1_64' title='bbox 473 867 540 925; x_wconf 89' lang='lat' dir='ltr'>est:</span> <span class='ocrx_word' id='word_1_65' title='bbox 568 843 699 923; x_wconf 80' lang='lat' dir='ltr'>‘Poidses</span> <span class='ocrx_word' id='word_1_66' title='bbox 719 841 843 924; x_wconf 75' lang='grc' dir='ltr'><em>πάντα</em></span> <span class='ocrx_word' id='word_1_67' title='bbox 865 849 947 948; x_wconf 78' lang='grc' dir='ltr'>θεῷ</span> <span class='ocrx_word' id='word_1_68' title='bbox 968 847 1132 942; x_wconf 78' lang='grc' dir='ltr'><strong><em>τελέσαι,</em></strong></span> <span class='ocrx_word' id='word_1_69' title='bbox 1158 847 1222 926; x_wconf 76' lang='grc' dir='ltr'>καὶ</span> <span class='ocrx_word' id='word_1_70' title='bbox 1270 877 1411 948; x_wconf 87' lang='lat' dir='ltr'>cunque</span> <span class='ocrx_word' id='word_1_71' title='bbox 1428 854 1524 924; x_wconf 86' lang='lat' dir='ltr'>enim</span> <span class='ocrx_word' id='word_1_72' title='bbox 1542 877 1584 924; x_wconf 86' lang='lat' dir='ltr'>ex</span> <span class='ocrx_word' id='word_1_73' title='bbox 1599 849 1730 926; x_wconf 91' lang='lat' dir='ltr'>horum</span> <span class='ocrx_word' id='word_1_74' title='bbox 1745 859 2006 944; x_wconf 71' lang='lat' dir='ltr'>monumentis,</span> <span class='ocrx_word' id='word_1_75' title='bbox 2030 883 2116 956; x_wconf 89' lang='lat' dir='ltr'>qnos</span> <span class='ocrx_word' id='word_1_76' title='bbox 2129 883 2233 930; x_wconf 88' lang='lat' dir='ltr'>recen-</span> 
     </span>
     <span class='ocr_line' id='line_1_7' title="bbox 230 947 2233 1052; baseline 0.001 -22"><span class='ocrx_word' id='word_1_77' title='bbox 230 949 445 1051; x_wconf 75' lang='grc' dir='ltr'><strong><em>ἅντήνυτον</em></strong></span> <span class='ocrx_word' id='word_1_78' title='bbox 458 947 581 1027; x_wconf 77' lang='grc' dir='ltr'><em>οὐδὲν.</em></span> <span class='ocrx_word' id='word_1_79' title='bbox 1270 956 1345 1037; x_wconf 92' lang='lat' dir='ltr'>sui,</span> <span class='ocrx_word' id='word_1_80' title='bbox 1376 955 1529 1046; x_wconf 77' lang='lat' dir='ltr'>intelligi</span> <span class='ocrx_word' id='word_1_81' title='bbox 1559 969 1692 1048; x_wconf 89' lang='lat' dir='ltr'>potest,</span> <span class='ocrx_word' id='word_1_82' title='bbox 1721 981 1812 1052; x_wconf 89' lang='lat' dir='ltr'>quae</span> <span class='ocrx_word' id='word_1_83' title='bbox 1833 960 1944 1030; x_wconf 85' lang='lat' dir='ltr'>fuerit</span> <span class='ocrx_word' id='word_1_84' title='bbox 1963 974 2063 1034; x_wconf 82' lang='lat' dir='ltr'>vetus</span> <span class='ocrx_word' id='word_1_85' title='bbox 2085 961 2233 1034; x_wconf 79' lang='lat' dir='ltr'>Graeciae</span> 
     </span>
     <span class='ocr_line' id='line_1_8' title="bbox 331 1049 2279 1154; baseline 0.004 -27"><span class='ocrx_word' id='word_1_86' title='bbox 331 1049 506 1154; x_wconf 84' lang='lat' dir='ltr'>Orpheus</span> <span class='ocrx_word' id='word_1_87' title='bbox 522 1054 608 1126; x_wconf 91' lang='lat' dir='ltr'>Lini</span> <span class='ocrx_word' id='word_1_88' title='bbox 623 1054 785 1140; x_wconf 89' lang='lat' dir='ltr'>auditor,</span> <span class='ocrx_word' id='word_1_89' title='bbox 810 1053 881 1125; x_wconf 89' lang='lat' dir='ltr'>suit</span> <span class='ocrx_word' id='word_1_90' title='bbox 896 1077 1014 1127; x_wconf 89' lang='lat' dir='ltr'>comes</span> <span class='ocrx_word' id='word_1_91' title='bbox 1031 1050 1222 1148; x_wconf 88' lang='lat' dir='ltr'>Argonau-</span> <span class='ocrx_word' id='word_1_92' title='bbox 1269 1057 1466 1151; x_wconf 70' lang='lat' dir='ltr'>sapientia,</span> <span class='ocrx_word' id='word_1_93' title='bbox 1491 1059 1590 1151; x_wconf 88' lang='lat' dir='ltr'>quod</span> <span class='ocrx_word' id='word_1_94' title='bbox 1608 1059 1907 1132; x_wconf 88' lang='lat' dir='ltr'>considerandum</span> <span class='ocrx_word' id='word_1_95' title='bbox 1924 1076 1988 1137; x_wconf 89' lang='lat' dir='ltr'>est.</span> <span class='ocrx_word' id='word_1_96' title='bbox 2278 1139 2279 1142; x_wconf 61' lang='grc'>,</span> 
     </span>
     <span class='ocr_line' id='line_1_9' title="bbox 229 1154 2279 1258; baseline 0 -24"><span class='ocrx_word' id='word_1_97' title='bbox 229 1177 359 1234; x_wconf 90' lang='lat' dir='ltr'>tarum.</span> <span class='ocrx_word' id='word_1_98' title='bbox 412 1156 562 1249; x_wconf 74' lang='lat' dir='ltr'>Scripsit</span> <span class='ocrx_word' id='word_1_99' title='bbox 580 1156 672 1226; x_wconf 91' lang='lat' dir='ltr'>bella</span> <span class='ocrx_word' id='word_1_100' title='bbox 690 1154 883 1242; x_wconf 86' lang='lat' dir='ltr'>Titanum,</span> <span class='ocrx_word' id='word_1_101' title='bbox 909 1169 944 1227; x_wconf 86' lang='lat' dir='ltr'>et</span> <span class='ocrx_word' id='word_1_102' title='bbox 960 1159 1221 1252; x_wconf 73' lang='lat' dir='ltr'>expeditionem</span> <span class='ocrx_word' id='word_1_103' title='bbox 1373 1157 1490 1232; x_wconf 87' lang='lat' dir='ltr'>Simul</span> <span class='ocrx_word' id='word_1_104' title='bbox 1505 1172 1623 1230; x_wconf 90' lang='lat' dir='ltr'>autem</span> <span class='ocrx_word' id='word_1_105' title='bbox 1637 1162 2146 1252; x_wconf 74' lang='lat' dir='ltr'>neceueesssnsstecogitare,</span> <span class='ocrx_word' id='word_1_106' title='bbox 2161 1164 2233 1258; x_wconf 90' lang='lat' dir='ltr'>quid</span> <span class='ocrx_word' id='word_1_107' title='bbox 2278 1163 2279 1208; x_wconf 55' lang='grc' dir='ltr'><strong>ἓ</strong></span> 
     </span>
     <span class='ocr_line' id='line_1_10' title="bbox 229 1255 2279 1355; baseline -0.001 -19"><span class='ocrx_word' id='word_1_108' title='bbox 229 1263 531 1352; x_wconf 78' lang='lat' dir='ltr'>Argonautarum.</span> <span class='ocrx_word' id='word_1_109' title='bbox 592 1256 770 1329; x_wconf 85' lang='lat' dir='ltr'>Scribitur</span> <span class='ocrx_word' id='word_1_110' title='bbox 792 1259 988 1350; x_wconf 88' lang='lat' dir='ltr'>discerptus</span> <span class='ocrx_word' id='word_1_111' title='bbox 1009 1284 1083 1332; x_wconf 89' lang='lat' dir='ltr'>esse</span> <span class='ocrx_word' id='word_1_112' title='bbox 1106 1284 1222 1331; x_wconf 89' lang='lat' dir='ltr'>amu·</span> <span class='ocrx_word' id='word_1_113' title='bbox 1271 1261 1412 1334; x_wconf 81' lang='lat' dir='ltr'>intersit</span> <span class='ocrx_word' id='word_1_114' title='bbox 1427 1262 1523 1333; x_wconf 93' lang='lat' dir='ltr'>inter</span> <span class='ocrx_word' id='word_1_115' title='bbox 1539 1255 1777 1334; x_wconf 88' lang='lat' dir='ltr'>Ethnieorum</span> <span class='ocrx_word' id='word_1_116' title='bbox 1794 1276 1830 1334; x_wconf 91' lang='lat' dir='ltr'>et</span> <span class='ocrx_word' id='word_1_117' title='bbox 1844 1260 2023 1336; x_wconf 71' lang='lat' dir='ltr'>Ecclesiae</span> <span class='ocrx_word' id='word_1_118' title='bbox 2037 1264 2233 1355; x_wconf 82' lang='lat' dir='ltr'>sapientiam,</span> <span class='ocrx_word' id='word_1_119' title='bbox 2278 1275 2279 1280; x_wconf 77' lang='grc'>’</span> 
     </span>
     <span class='ocr_line' id='line_1_11' title="bbox 231 1356 2279 1457; baseline -0.001 -21"><span class='ocrx_word' id='word_1_120' title='bbox 231 1366 381 1436; x_wconf 87' lang='lat' dir='ltr'>lieribus</span> <span class='ocrx_word' id='word_1_121' title='bbox 405 1363 446 1431; x_wconf 87' lang='lat' dir='ltr'>in</span> <span class='ocrx_word' id='word_1_122' title='bbox 474 1356 648 1441; x_wconf 90' lang='lat' dir='ltr'>Thracia,</span> <span class='ocrx_word' id='word_1_123' title='bbox 683 1359 936 1452; x_wconf 84' lang='lat' dir='ltr'>superstitione</span> <span class='ocrx_word' id='word_1_124' title='bbox 967 1361 1106 1456; x_wconf 89' lang='lat' dir='ltr'>aliqua,</span> <span class='ocrx_word' id='word_1_125' title='bbox 1138 1362 1222 1456; x_wconf 89' lang='lat' dir='ltr'>quia</span> <span class='ocrx_word' id='word_1_126' title='bbox 1270 1376 1306 1434; x_wconf 91' lang='lat' dir='ltr'>et</span> <span class='ocrx_word' id='word_1_127' title='bbox 1327 1363 1392 1435; x_wconf 89' lang='lat' dir='ltr'>ubi</span> <span class='ocrx_word' id='word_1_128' title='bbox 1413 1377 1448 1435; x_wconf 89' lang='lat' dir='ltr'>et</span> <span class='ocrx_word' id='word_1_129' title='bbox 1463 1385 1554 1457; x_wconf 90' lang='lat' dir='ltr'>quae</span> <span class='ocrx_word' id='word_1_130' title='bbox 1573 1363 1709 1434; x_wconf 85' lang='lat' dir='ltr'>interea</span> <span class='ocrx_word' id='word_1_131' title='bbox 1728 1364 1837 1436; x_wconf 83' lang='lat' dir='ltr'>fuerit</span> <span class='ocrx_word' id='word_1_132' title='bbox 1850 1361 2010 1438; x_wconf 82' lang='lat' dir='ltr'>Ecclesia</span> <span class='ocrx_word' id='word_1_133' title='bbox 2024 1364 2099 1437; x_wconf 91' lang='lat' dir='ltr'>Dei.</span> <span class='ocrx_word' id='word_1_134' title='bbox 2147 1363 2233 1436; x_wconf 89' lang='lat' dir='ltr'>Ami·</span> <span class='ocrx_word' id='word_1_135' title='bbox 2278 1389 2279 1404; x_wconf 57' lang='lat'>¹</span> 
     </span>
     <span class='ocr_line' id='line_1_12' title="bbox 225 1464 2233 1558; baseline 0 -22"><span class='ocrx_word' id='word_1_136' title='bbox 225 1476 430 1538; x_wconf 85' lang='lat' dir='ltr'>mutaverat</span> <span class='ocrx_word' id='word_1_137' title='bbox 445 1464 548 1551; x_wconf 88' lang='lat' dir='ltr'>leges.</span> <span class='ocrx_word' id='word_1_138' title='bbox 1151 1473 1154 1488; x_wconf 93' lang='lat'>&#39;</span> <span class='ocrx_word' id='word_1_139' title='bbox 1270 1478 1393 1536; x_wconf 89' lang='lat' dir='ltr'>serunt</span> <span class='ocrx_word' id='word_1_140' title='bbox 1429 1467 1526 1534; x_wconf 88' lang='lat' dir='ltr'>enirn</span> <span class='ocrx_word' id='word_1_141' title='bbox 1566 1478 1687 1555; x_wconf 90' lang='lat' dir='ltr'>gentes</span> <span class='ocrx_word' id='word_1_142' title='bbox 1717 1467 1917 1538; x_wconf 87' lang='lat' dir='ltr'>doctrinam</span> <span class='ocrx_word' id='word_1_143' title='bbox 1934 1471 1993 1549; x_wconf 59' lang='lat' dir='ltr'>lde</span> <span class='ocrx_word' id='word_1_144' title='bbox 2023 1467 2233 1558; x_wconf 78' lang='lat' dir='ltr'>promissione</span> 
     </span>
     <span class='ocr_line' id='line_1_13' title="bbox 334 1562 2232 1662; baseline 0.002 -28"><span class='ocrx_word' id='word_1_145' title='bbox 334 1563 518 1636; x_wconf 86' lang='lat' dir='ltr'>Homerus</span> <span class='ocrx_word' id='word_1_146' title='bbox 539 1564 628 1633; x_wconf 75' lang='lat' dir='ltr'>viru</span> <span class='ocrx_word' id='word_1_147' title='bbox 652 1578 730 1656; x_wconf 89' lang='lat' dir='ltr'>post</span> <span class='ocrx_word' id='word_1_148' title='bbox 747 1563 882 1636; x_wconf 92' lang='lat' dir='ltr'>bellum</span> <span class='ocrx_word' id='word_1_149' title='bbox 899 1562 1116 1652; x_wconf 85' lang='lat' dir='ltr'>Troianum,</span> <span class='ocrx_word' id='word_1_150' title='bbox 1141 1589 1220 1636; x_wconf 90' lang='lat' dir='ltr'>cum</span> <span class='ocrx_word' id='word_1_151' title='bbox 1268 1567 1493 1652; x_wconf 88' lang='lat' dir='ltr'>mediatoris,</span> <span class='ocrx_word' id='word_1_152' title='bbox 1527 1580 1562 1638; x_wconf 87' lang='lat' dir='ltr'>et</span> <span class='ocrx_word' id='word_1_153' title='bbox 1592 1567 1763 1656; x_wconf 87' lang='lat' dir='ltr'>paulatim</span> <span class='ocrx_word' id='word_1_154' title='bbox 1793 1569 1849 1638; x_wconf 85' lang='lat' dir='ltr'>lex</span> <span class='ocrx_word' id='word_1_155' title='bbox 1877 1573 1973 1662; x_wconf 87' lang='lat' dir='ltr'>apud</span> <span class='ocrx_word' id='word_1_156' title='bbox 1994 1564 2161 1640; x_wconf 86' lang='lat' dir='ltr'>Ethnicos</span> <span class='ocrx_word' id='word_1_157' title='bbox 2180 1569 2232 1636; x_wconf 88' lang='lat' dir='ltr'>ob-</span> 
     </span>
     <span class='ocr_line' id='line_1_14' title="bbox 231 1666 2233 1762; baseline 0 -22"><span class='ocrx_word' id='word_1_158' title='bbox 231 1681 347 1756; x_wconf 78' lang='lat' dir='ltr'>essent</span> <span class='ocrx_word' id='word_1_159' title='bbox 361 1668 471 1738; x_wconf 85' lang='lat' dir='ltr'>exacti</span> <span class='ocrx_word' id='word_1_160' title='bbox 487 1668 572 1735; x_wconf 88' lang='lat' dir='ltr'>anni</span> <span class='ocrx_word' id='word_1_161' title='bbox 590 1679 730 1737; x_wconf 91' lang='lat' dir='ltr'>centum</span> <span class='ocrx_word' id='word_1_162' title='bbox 747 1680 780 1738; x_wconf 90' lang='lat' dir='ltr'>et</span> <span class='ocrx_word' id='word_1_163' title='bbox 797 1666 1068 1760; x_wconf 87' lang='lat' dir='ltr'>quinquaginta,</span> <span class='ocrx_word' id='word_1_164' title='bbox 1094 1683 1128 1739; x_wconf 88' lang='lat' dir='ltr'>et</span> <span class='ocrx_word' id='word_1_165' title='bbox 1140 1681 1221 1738; x_wconf 87' lang='lat' dir='ltr'>ante</span> <span class='ocrx_word' id='word_1_166' title='bbox 1269 1682 1406 1740; x_wconf 84' lang='lat' dir='ltr'>scutata</span> <span class='ocrx_word' id='word_1_167' title='bbox 1423 1681 1494 1753; x_wconf 87' lang='lat' dir='ltr'>est,</span> <span class='ocrx_word' id='word_1_168' title='bbox 1519 1680 1554 1737; x_wconf 90' lang='lat' dir='ltr'>et</span> <span class='ocrx_word' id='word_1_169' title='bbox 1574 1668 1695 1758; x_wconf 88' lang='lat' dir='ltr'>magni</span> <span class='ocrx_word' id='word_1_170' title='bbox 1709 1670 1849 1740; x_wconf 79' lang='lat' dir='ltr'>fureres</span> <span class='ocrx_word' id='word_1_171' title='bbox 1860 1670 1901 1739; x_wconf 91' lang='lat' dir='ltr'>iu</span> <span class='ocrx_word' id='word_1_172' title='bbox 1917 1670 2149 1762; x_wconf 77' lang='lat' dir='ltr'>excogitandis</span> <span class='ocrx_word' id='word_1_173' title='bbox 2168 1670 2233 1740; x_wconf 85' lang='lat' dir='ltr'>ide·</span> 
     </span>
     <span class='ocr_line' id='line_1_15' title="bbox 232 1762 1868 1864; baseline -0.001 -20"><span class='ocrx_word' id='word_1_174' title='bbox 232 1771 411 1844; x_wconf 88' lang='lat' dir='ltr'>conditam</span> <span class='ocrx_word' id='word_1_175' title='bbox 434 1765 588 1838; x_wconf 88' lang='lat' dir='ltr'>Romam</span> <span class='ocrx_word' id='word_1_176' title='bbox 614 1789 728 1838; x_wconf 90' lang='lat' dir='ltr'>annos</span> <span class='ocrx_word' id='word_1_177' title='bbox 750 1767 891 1838; x_wconf 87' lang='lat' dir='ltr'>circiter</span> <span class='ocrx_word' id='word_1_178' title='bbox 911 1781 1053 1839; x_wconf 91' lang='lat' dir='ltr'>centnm</span> <span class='ocrx_word' id='word_1_179' title='bbox 1068 1782 1102 1840; x_wconf 92' lang='lat' dir='ltr'>et</span> <span class='ocrx_word' id='word_1_180' title='bbox 1114 1769 1222 1863; x_wconf 89' lang='lat' dir='ltr'>quin·</span> <span class='ocrx_word' id='word_1_181' title='bbox 1269 1771 1315 1842; x_wconf 92' lang='lat' dir='ltr'>lis</span> <span class='ocrx_word' id='word_1_182' title='bbox 1329 1783 1364 1842; x_wconf 92' lang='lat' dir='ltr'>et</span> <span class='ocrx_word' id='word_1_183' title='bbox 1378 1769 1591 1842; x_wconf 89' lang='lat' dir='ltr'>libidinibus</span> <span class='ocrx_word' id='word_1_184' title='bbox 1605 1770 1738 1864; x_wconf 91' lang='lat' dir='ltr'>recepti</span> <span class='ocrx_word' id='word_1_185' title='bbox 1750 1785 1844 1842; x_wconf 86' lang='lat' dir='ltr'>sont.</span> <span class='ocrx_word' id='word_1_186' title='bbox 1864 1762 1868 1771; x_wconf 70' lang='grc'><strong>’</strong></span> 
     </span>
     <span class='ocr_line' id='line_1_16' title="bbox 233 1865 1398 1968; baseline -0.004 -25"><span class='ocrx_word' id='word_1_187' title='bbox 233 1873 413 1968; x_wconf 80' lang='lat' dir='ltr'>quaginta.</span> <span class='ocrx_word' id='word_1_188' title='bbox 472 1869 557 1941; x_wconf 90' lang='lat' dir='ltr'>Non</span> <span class='ocrx_word' id='word_1_189' title='bbox 582 1871 705 1960; x_wconf 84' lang='lat' dir='ltr'>procrrl</span> <span class='ocrx_word' id='word_1_190' title='bbox 731 1871 830 1941; x_wconf 91' lang='lat' dir='ltr'>abest</span> <span class='ocrx_word' id='word_1_191' title='bbox 850 1869 895 1938; x_wconf 89' lang='lat' dir='ltr'>ab</span> <span class='ocrx_word' id='word_1_192' title='bbox 910 1865 1036 1941; x_wconf 83' lang='lat' dir='ltr'>Esaiae</span> <span class='ocrx_word' id='word_1_193' title='bbox 1052 1878 1221 1962; x_wconf 79' lang='lat' dir='ltr'>tempere.</span> <span class='ocrx_word' id='word_1_194' title='bbox 1396 1871 1398 1880; x_wconf 88' lang='grc'><strong>’</strong></span> 
     </span>
     <span class='ocr_line' id='line_1_17' title="bbox 232 1955 2279 2062; baseline -0.002 -16"><span class='ocrx_word' id='word_1_195' title='bbox 232 1973 323 2048; x_wconf 88' lang='lat' dir='ltr'>Eius</span> <span class='ocrx_word' id='word_1_196' title='bbox 356 1994 498 2044; x_wconf 89' lang='lat' dir='ltr'>carmen</span> <span class='ocrx_word' id='word_1_197' title='bbox 536 1972 691 2042; x_wconf 86' lang='lat' dir='ltr'>ostendit</span> <span class='ocrx_word' id='word_1_198' title='bbox 721 1968 929 2062; x_wconf 88' lang='lat' dir='ltr'>Principum</span> <span class='ocrx_word' id='word_1_199' title='bbox 964 1972 1116 2042; x_wconf 79' lang='lat' dir='ltr'>familias</span> <span class='ocrx_word' id='word_1_200' title='bbox 1146 1976 1222 2044; x_wconf 88' lang='lat' dir='ltr'>eius</span> <span class='ocrx_word' id='word_1_201' title='bbox 1450 1959 1517 2030; x_wconf 69' lang='lat' dir='ltr'>De</span> <span class='ocrx_word' id='word_1_202' title='bbox 1548 1961 1694 2032; x_wconf 84' lang='lat' dir='ltr'>issilio</span> <span class='ocrx_word' id='word_1_203' title='bbox 1728 1955 1862 2032; x_wconf 62' lang='grc' dir='ltr'>ΜΝ</span> <span class='ocrx_word' id='word_1_204' title='bbox 1894 1963 2076 2036; x_wconf 66' lang='lat' dir='ltr'>Romae·</span> <span class='ocrx_word' id='word_1_205' title='bbox 2278 2029 2279 2032; x_wconf 63' lang='lat'>,</span> 
     </span>
     <span class='ocr_line' id='line_1_18' title="bbox 233 2069 2279 2166; baseline -0.003 -16"><span class='ocrx_word' id='word_1_206' title='bbox 233 2075 387 2159; x_wconf 84' lang='lat' dir='ltr'>aetatis,</span> <span class='ocrx_word' id='word_1_207' title='bbox 403 2089 437 2146; x_wconf 92' lang='lat' dir='ltr'>et</span> <span class='ocrx_word' id='word_1_208' title='bbox 461 2073 576 2165; x_wconf 81' lang='lat' dir='ltr'>pingit</span> <span class='ocrx_word' id='word_1_209' title='bbox 596 2073 767 2162; x_wconf 80' lang='lat' dir='ltr'>imagines</span> <span class='ocrx_word' id='word_1_210' title='bbox 787 2073 1223 2166; x_wconf 86' lang='lat' dir='ltr'>variarompersouarum,</span> <span class='ocrx_word' id='word_1_211' title='bbox 1373 2069 1482 2146; x_wconf 91' lang='lat' dir='ltr'>Anno</span> <span class='ocrx_word' id='word_1_212' title='bbox 1513 2075 1641 2145; x_wconf 90' lang='lat' dir='ltr'>mundi</span> <span class='ocrx_word' id='word_1_213' title='bbox 1673 2075 1785 2149; x_wconf 71' lang='lat'><strong>8212.</strong></span> <span class='ocrx_word' id='word_1_214' title='bbox 1814 2099 1912 2148; x_wconf 88' lang='lat' dir='ltr'>anno</span> <span class='ocrx_word' id='word_1_215' title='bbox 1941 2077 2061 2164; x_wconf 70' lang='lat' dir='ltr'>pmmo</span> <span class='ocrx_word' id='word_1_216' title='bbox 2089 2075 2232 2166; x_wconf 84' lang='lat' dir='ltr'>septimae</span> <span class='ocrx_word' id='word_1_217' title='bbox 2278 2123 2279 2142; x_wconf 45' lang='grc' dir='ltr'><strong>ι</strong></span> 
     </span>
     <span class='ocr_line' id='line_1_19' title="bbox 231 2171 2232 2271; baseline -0.004 -21"><span class='ocrx_word' id='word_1_218' title='bbox 231 2177 486 2256; x_wconf 82' lang='lat' dir='ltr'>consiliorum,</span> <span class='ocrx_word' id='word_1_219' title='bbox 525 2188 561 2246; x_wconf 89' lang='lat' dir='ltr'>et</span> <span class='ocrx_word' id='word_1_220' title='bbox 595 2173 815 2245; x_wconf 86' lang='lat' dir='ltr'>mirabilium</span> <span class='ocrx_word' id='word_1_221' title='bbox 848 2188 1038 2246; x_wconf 84' lang='lat' dir='ltr'>eventuum</span> <span class='ocrx_word' id='word_1_222' title='bbox 1068 2175 1107 2244; x_wconf 91' lang='lat' dir='ltr'>in</span> <span class='ocrx_word' id='word_1_223' title='bbox 1137 2177 1222 2250; x_wconf 86' lang='lat' dir='ltr'>vita.</span> <span class='ocrx_word' id='word_1_224' title='bbox 1270 2171 1515 2271; x_wconf 88' lang='lat' dir='ltr'>Olympiadis,</span> <span class='ocrx_word' id='word_1_225' title='bbox 1541 2177 1599 2245; x_wconf 90' lang='lat' dir='ltr'>die</span> <span class='ocrx_word' id='word_1_226' title='bbox 1620 2177 1681 2250; x_wconf 79' lang='lat'>21.</span> <span class='ocrx_word' id='word_1_227' title='bbox 1704 2173 1858 2268; x_wconf 87' lang='lat' dir='ltr'>Aprilis,</span> <span class='ocrx_word' id='word_1_228' title='bbox 1884 2177 2051 2249; x_wconf 85' lang='lat' dir='ltr'>videlicet</span> <span class='ocrx_word' id='word_1_229' title='bbox 2074 2203 2140 2271; x_wconf 90' lang='lat' dir='ltr'>qoo</span> <span class='ocrx_word' id='word_1_230' title='bbox 2154 2175 2232 2246; x_wconf 82' lang='lat' dir='ltr'>Pali-</span> 
     </span>
     <span class='ocr_line' id='line_1_20' title="bbox 234 2275 2232 2372; baseline -0.002 -21"><span class='ocrx_word' id='word_1_231' title='bbox 234 2280 337 2372; x_wconf 84' lang='lat' dir='ltr'>Quae</span> <span class='ocrx_word' id='word_1_232' title='bbox 353 2278 526 2366; x_wconf 86' lang='lat' dir='ltr'>imagines</span> <span class='ocrx_word' id='word_1_233' title='bbox 541 2288 624 2348; x_wconf 90' lang='lat' dir='ltr'>sunt</span> <span class='ocrx_word' id='word_1_234' title='bbox 640 2276 797 2367; x_wconf 80' lang='lat' dir='ltr'>exempla</span> <span class='ocrx_word' id='word_1_235' title='bbox 815 2291 849 2348; x_wconf 90' lang='lat' dir='ltr'>et</span> <span class='ocrx_word' id='word_1_236' title='bbox 864 2279 1222 2348; x_wconf 79' lang='lat' dir='ltr'>commonefactiones</span> <span class='ocrx_word' id='word_1_237' title='bbox 1270 2279 1319 2349; x_wconf 91' lang='lat' dir='ltr'>lia</span> <span class='ocrx_word' id='word_1_238' title='bbox 1332 2279 1620 2362; x_wconf 86' lang='lat' dir='ltr'>celebrabantur,</span> <span class='ocrx_word' id='word_1_239' title='bbox 1645 2280 1771 2348; x_wconf 90' lang='lat' dir='ltr'>urbem</span> <span class='ocrx_word' id='word_1_240' title='bbox 1786 2275 1940 2350; x_wconf 83' lang='lat' dir='ltr'>Romam</span> <span class='ocrx_word' id='word_1_241' title='bbox 1963 2281 2114 2350; x_wconf 83' lang='lat' dir='ltr'>condere</span> <span class='ocrx_word' id='word_1_242' title='bbox 2128 2299 2232 2367; x_wconf 75' lang='lat' dir='ltr'>coepe</span> 
     </span>
     <span class='ocr_line' id='line_1_21' title="bbox 234 2376 2232 2476; baseline -0.003 -22"><span class='ocrx_word' id='word_1_243' title='bbox 234 2385 280 2454; x_wconf 92' lang='lat' dir='ltr'>de</span> <span class='ocrx_word' id='word_1_244' title='bbox 300 2379 423 2458; x_wconf 89' lang='lat' dir='ltr'>multis</span> <span class='ocrx_word' id='word_1_245' title='bbox 446 2377 582 2468; x_wconf 91' lang='lat' dir='ltr'>magnis</span> <span class='ocrx_word' id='word_1_246' title='bbox 610 2380 728 2476; x_wconf 79' lang='lat' dir='ltr'>rebus.</span> <span class='ocrx_word' id='word_1_247' title='bbox 787 2376 905 2448; x_wconf 86' lang='lat' dir='ltr'>Simul</span> <span class='ocrx_word' id='word_1_248' title='bbox 933 2379 1040 2449; x_wconf 87' lang='lat' dir='ltr'>etiam</span> <span class='ocrx_word' id='word_1_249' title='bbox 1070 2380 1222 2450; x_wconf 90' lang='lat' dir='ltr'>dulcedo</span> <span class='ocrx_word' id='word_1_250' title='bbox 1270 2393 1359 2451; x_wconf 88' lang='lat' dir='ltr'>runt</span> <span class='ocrx_word' id='word_1_251' title='bbox 1377 2378 1557 2452; x_wconf 88' lang='lat' dir='ltr'>Romulos</span> <span class='ocrx_word' id='word_1_252' title='bbox 1585 2391 1619 2448; x_wconf 92' lang='lat' dir='ltr'>et</span> <span class='ocrx_word' id='word_1_253' title='bbox 1640 2379 1800 2462; x_wconf 86' lang='lat' dir='ltr'>Remus,</span> <span class='ocrx_word' id='word_1_254' title='bbox 1831 2380 1908 2450; x_wconf 91' lang='lat' dir='ltr'>nati</span> <span class='ocrx_word' id='word_1_255' title='bbox 1934 2403 1975 2450; x_wconf 86' lang='lat' dir='ltr'>ex</span> <span class='ocrx_word' id='word_1_256' title='bbox 1997 2377 2101 2452; x_wconf 85' lang='lat' dir='ltr'>Rhea</span> <span class='ocrx_word' id='word_1_257' title='bbox 2120 2379 2232 2473; x_wconf 73' lang='lat' dir='ltr'>sylvia,</span> 
     </span>
     <span class='ocr_line' id='line_1_22' title="bbox 234 2476 2279 2576; baseline -0.002 -21"><span class='ocrx_word' id='word_1_258' title='bbox 234 2482 402 2555; x_wconf 85' lang='lat' dir='ltr'>carminis</span> <span class='ocrx_word' id='word_1_259' title='bbox 421 2477 602 2550; x_wconf 87' lang='lat' dir='ltr'>Homerici</span> <span class='ocrx_word' id='word_1_260' title='bbox 628 2479 803 2564; x_wconf 87' lang='lat' dir='ltr'>ostendit,</span> <span class='ocrx_word' id='word_1_261' title='bbox 837 2480 875 2550; x_wconf 92' lang='lat' dir='ltr'>in</span> <span class='ocrx_word' id='word_1_262' title='bbox 898 2477 1018 2550; x_wconf 85' lang='lat' dir='ltr'>ionica</span> <span class='ocrx_word' id='word_1_263' title='bbox 1041 2494 1145 2570; x_wconf 87' lang='lat' dir='ltr'>gente</span> <span class='ocrx_word' id='word_1_264' title='bbox 1162 2505 1223 2550; x_wconf 82' lang='lat' dir='ltr'>ex·</span> <span class='ocrx_word' id='word_1_265' title='bbox 1270 2481 1469 2552; x_wconf 88' lang='lat' dir='ltr'>Numitoris</span> <span class='ocrx_word' id='word_1_266' title='bbox 1491 2481 1584 2570; x_wconf 87' lang='lat' dir='ltr'>regis</span> <span class='ocrx_word' id='word_1_267' title='bbox 1599 2476 1734 2552; x_wconf 88' lang='lat' dir='ltr'>Albani</span> <span class='ocrx_word' id='word_1_268' title='bbox 1749 2481 1833 2550; x_wconf 81' lang='lat' dir='ltr'>fitia.</span> <span class='ocrx_word' id='word_1_269' title='bbox 1883 2479 2098 2554; x_wconf 86' lang='lat' dir='ltr'>Plutarchus</span> <span class='ocrx_word' id='word_1_270' title='bbox 2111 2479 2232 2550; x_wconf 85' lang='lat' dir='ltr'>initium</span> <span class='ocrx_word' id='word_1_271' title='bbox 2278 2489 2279 2576; x_wconf 55' lang='lat' dir='ltr'>l</span> 
     </span>
     <span class='ocr_line' id='line_1_23' title="bbox 233 2579 2279 2678; baseline -0.003 -22"><span class='ocrx_word' id='word_1_272' title='bbox 233 2585 418 2656; x_wconf 81' lang='lat' dir='ltr'>callentem</span> <span class='ocrx_word' id='word_1_273' title='bbox 434 2580 543 2650; x_wconf 83' lang='lat' dir='ltr'>foisse</span> <span class='ocrx_word' id='word_1_274' title='bbox 557 2580 701 2672; x_wconf 85' lang='lat' dir='ltr'>linguae</span> <span class='ocrx_word' id='word_1_275' title='bbox 717 2581 946 2667; x_wconf 86' lang='lat' dir='ltr'>suavitatem,</span> <span class='ocrx_word' id='word_1_276' title='bbox 965 2594 1001 2652; x_wconf 91' lang='lat' dir='ltr'>et</span> <span class='ocrx_word' id='word_1_277' title='bbox 1016 2605 1141 2673; x_wconf 89' lang='lat' dir='ltr'>magna</span> <span class='ocrx_word' id='word_1_278' title='bbox 1157 2586 1224 2654; x_wconf 90' lang='lat' dir='ltr'>do-</span> <span class='ocrx_word' id='word_1_279' title='bbox 1273 2583 1422 2654; x_wconf 89' lang='lat' dir='ltr'>collocat</span> <span class='ocrx_word' id='word_1_280' title='bbox 1455 2583 1495 2650; x_wconf 94' lang='lat' dir='ltr'>in</span> <span class='ocrx_word' id='word_1_281' title='bbox 1526 2605 1662 2652; x_wconf 90' lang='lat' dir='ltr'>anuum</span> <span class='ocrx_word' id='word_1_282' title='bbox 1694 2583 1839 2652; x_wconf 90' lang='lat' dir='ltr'>tertium</span> <span class='ocrx_word' id='word_1_283' title='bbox 1872 2595 1990 2677; x_wconf 83' lang='lat' dir='ltr'>sextae</span> <span class='ocrx_word' id='word_1_284' title='bbox 2022 2579 2233 2678; x_wconf 78' lang='lat' dir='ltr'>Olympiadis</span> <span class='ocrx_word' id='word_1_285' title='bbox 2278 2579 2279 2666; x_wconf 71' lang='lat' dir='ltr'>l</span> 
     </span>
     <span class='ocr_line' id='line_1_24' title="bbox 235 2681 2279 2774; baseline -0.003 -17"><span class='ocrx_word' id='word_1_286' title='bbox 235 2687 432 2759; x_wconf 87' lang='lat' dir='ltr'>ctrinarum</span> <span class='ocrx_word' id='word_1_287' title='bbox 450 2684 582 2770; x_wconf 82' lang='lat' dir='ltr'>studia.</span> <span class='ocrx_word' id='word_1_288' title='bbox 1272 2681 1352 2756; x_wconf 88' lang='lat' dir='ltr'>Etsi</span> <span class='ocrx_word' id='word_1_289' title='bbox 1381 2697 1498 2756; x_wconf 89' lang='lat' dir='ltr'>autern</span> <span class='ocrx_word' id='word_1_290' title='bbox 1523 2681 1649 2774; x_wconf 80' lang='lat' dir='ltr'>exigua</span> <span class='ocrx_word' id='word_1_291' title='bbox 1669 2682 1870 2753; x_wconf 84' lang='lat' dir='ltr'>differentia</span> <span class='ocrx_word' id='word_1_292' title='bbox 1900 2697 1968 2769; x_wconf 90' lang='lat' dir='ltr'>est,</span> <span class='ocrx_word' id='word_1_293' title='bbox 2004 2685 2108 2760; x_wconf 87' lang='lat' dir='ltr'>unius</span> <span class='ocrx_word' id='word_1_294' title='bbox 2128 2701 2233 2772; x_wconf 84' lang='lat' dir='ltr'>nempe</span> <span class='ocrx_word' id='word_1_295' title='bbox 2278 2687 2279 2700; x_wconf 61' lang='lat'>¹</span> 
     </span>
     <span class='ocr_line' id='line_1_25' title="bbox 236 2777 2279 2880; baseline -0.003 -24"><span class='ocrx_word' id='word_1_296' title='bbox 236 2827 241 2838; x_wconf 83' lang='lat'><strong>·</strong></span> <span class='ocrx_word' id='word_1_297' title='bbox 336 2778 523 2856; x_wconf 84' lang='lat' dir='ltr'>Hesiodus</span> <span class='ocrx_word' id='word_1_298' title='bbox 547 2782 652 2868; x_wconf 85' lang='lat' dir='ltr'>vixit,</span> <span class='ocrx_word' id='word_1_299' title='bbox 677 2806 758 2854; x_wconf 90' lang='lat' dir='ltr'>curn</span> <span class='ocrx_word' id='word_1_300' title='bbox 782 2780 1029 2856; x_wconf 71' lang='lat' dir='ltr'>anni‘centom</span> <span class='ocrx_word' id='word_1_301' title='bbox 1049 2797 1130 2876; x_wconf 88' lang='lat' dir='ltr'>post</span> <span class='ocrx_word' id='word_1_302' title='bbox 1145 2783 1224 2856; x_wconf 88' lang='lat' dir='ltr'>Ho-</span> <span class='ocrx_word' id='word_1_303' title='bbox 1272 2787 1378 2873; x_wconf 91' lang='lat' dir='ltr'>anni,</span> <span class='ocrx_word' id='word_1_304' title='bbox 1402 2800 1523 2857; x_wconf 89' lang='lat' dir='ltr'>tamen</span> <span class='ocrx_word' id='word_1_305' title='bbox 1539 2785 1658 2876; x_wconf 91' lang='lat' dir='ltr'>potius</span> <span class='ocrx_word' id='word_1_306' title='bbox 1672 2784 1855 2879; x_wconf 87' lang='lat' dir='ltr'>sequimur</span> <span class='ocrx_word' id='word_1_307' title='bbox 1864 2783 2234 2880; x_wconf 86' lang='lat' dir='ltr'>DionysiumHalicar·</span> <span class='ocrx_word' id='word_1_308' title='bbox 2278 2777 2279 2806; x_wconf 64' lang='lat'>¹</span> 
     </span>
     <span class='ocr_line' id='line_1_26' title="bbox 234 2884 2233 2980; baseline -0.005 -17"><span class='ocrx_word' id='word_1_309' title='bbox 234 2887 497 2962; x_wconf 85' lang='lat' dir='ltr'>merumexacti</span> <span class='ocrx_word' id='word_1_310' title='bbox 512 2898 644 2970; x_wconf 86' lang='lat' dir='ltr'>esseut,</span> <span class='ocrx_word' id='word_1_311' title='bbox 668 2886 854 2980; x_wconf 89' lang='lat' dir='ltr'>aliquanto</span> <span class='ocrx_word' id='word_1_312' title='bbox 875 2900 958 2957; x_wconf 88' lang='lat' dir='ltr'>ente</span> <span class='ocrx_word' id='word_1_313' title='bbox 973 2899 1111 2978; x_wconf 90' lang='lat' dir='ltr'>tempus</span> <span class='ocrx_word' id='word_1_314' title='bbox 1127 2887 1224 2956; x_wconf 86' lang='lat' dir='ltr'>exilii</span> <span class='ocrx_word' id='word_1_315' title='bbox 1273 2910 1486 2960; x_wconf 88' lang='lat' dir='ltr'>nassensem.</span> <span class='ocrx_word' id='word_1_316' title='bbox 1544 2885 1630 2958; x_wconf 83' lang='lat' dir='ltr'>Fuit</span> <span class='ocrx_word' id='word_1_317' title='bbox 1652 2899 1769 2958; x_wconf 87' lang='lat' dir='ltr'>autem</span> <span class='ocrx_word' id='word_1_318' title='bbox 1792 2909 1908 2958; x_wconf 87' lang='lat' dir='ltr'>annus</span> <span class='ocrx_word' id='word_1_319' title='bbox 1931 2887 2070 2979; x_wconf 89' lang='lat' dir='ltr'>primus</span> <span class='ocrx_word' id='word_1_320' title='bbox 2090 2884 2233 2977; x_wconf 86' lang='lat' dir='ltr'>septimae</span> 
     </span>
     <span class='ocr_line' id='line_1_27' title="bbox 234 2983 2279 3086; baseline -0.005 -24"><span class='ocrx_word' id='word_1_321' title='bbox 234 2987 458 3086; x_wconf 76' lang='lat' dir='ltr'>Babylonici.</span> <span class='ocrx_word' id='word_1_322' title='bbox 516 2985 602 3058; x_wconf 87' lang='lat' dir='ltr'>Fuit</span> <span class='ocrx_word' id='word_1_323' title='bbox 628 2994 792 3056; x_wconf 85' lang='lat' dir='ltr'>sacerdos</span> <span class='ocrx_word' id='word_1_324' title='bbox 818 2989 943 3078; x_wconf 90' lang='lat' dir='ltr'>templi</span> <span class='ocrx_word' id='word_1_325' title='bbox 965 2985 1152 3080; x_wconf 87' lang='lat' dir='ltr'>Musarum</span> <span class='ocrx_word' id='word_1_326' title='bbox 1184 2987 1242 3056; x_wconf 79' lang='lat' dir='ltr'>in&#39;</span> <span class='ocrx_word' id='word_1_327' title='bbox 1273 2985 1501 3084; x_wconf 87' lang='lat' dir='ltr'>Olympiadis</span> <span class='ocrx_word' id='word_1_328' title='bbox 1534 3009 1650 3059; x_wconf 90' lang='lat' dir='ltr'>annos</span> <span class='ocrx_word' id='word_1_329' title='bbox 1679 2987 1735 3057; x_wconf 87' lang='grc'>10.</span> <span class='ocrx_word' id='word_1_330' title='bbox 1772 2983 1888 3058; x_wconf 90' lang='lat' dir='ltr'>Achas</span> <span class='ocrx_word' id='word_1_331' title='bbox 1921 2989 2016 3079; x_wconf 83' lang='lat' dir='ltr'>regis</span> <span class='ocrx_word' id='word_1_332' title='bbox 2049 2987 2151 3071; x_wconf 89' lang='lat' dir='ltr'>luda,</span> <span class='ocrx_word' id='word_1_333' title='bbox 2184 2983 2232 3076; x_wconf 86' lang='lat' dir='ltr'>qui</span> <span class='ocrx_word' id='word_1_334' title='bbox 2262 3025 2279 3052; x_wconf 75' lang='grc'>-,</span> 
     </span>
     <span class='ocr_line' id='line_1_28' title="bbox 235 3084 2279 3185; baseline -0.004 -21"><span class='ocrx_word' id='word_1_335' title='bbox 235 3092 420 3166; x_wconf 89' lang='lat' dir='ltr'>Helicone.</span> <span class='ocrx_word' id='word_1_336' title='bbox 472 3086 564 3160; x_wconf 85' lang='lat' dir='ltr'>Nam</span> <span class='ocrx_word' id='word_1_337' title='bbox 586 3085 697 3157; x_wconf 86' lang='lat' dir='ltr'>Ascra</span> <span class='ocrx_word' id='word_1_338' title='bbox 719 3086 870 3158; x_wconf 90' lang='lat' dir='ltr'>Hesiodi</span> <span class='ocrx_word' id='word_1_339' title='bbox 892 3090 1007 3181; x_wconf 86' lang='lat' dir='ltr'>patria</span> <span class='ocrx_word' id='word_1_340' title='bbox 1027 3092 1071 3160; x_wconf 83' lang='lat' dir='ltr'>ad</span> <span class='ocrx_word' id='word_1_341' title='bbox 1088 3089 1225 3160; x_wconf 91' lang='lat' dir='ltr'>radices</span> <span class='ocrx_word' id='word_1_342' title='bbox 1273 3089 1433 3182; x_wconf 83' lang='lat' dir='ltr'>proxime</span> <span class='ocrx_word' id='word_1_343' title='bbox 1454 3088 1641 3160; x_wconf 87' lang='lat' dir='ltr'>antecessit</span> <span class='ocrx_word' id='word_1_344' title='bbox 1660 3084 1872 3174; x_wconf 82' lang='lat' dir='ltr'>Ezechiam,</span> <span class='ocrx_word' id='word_1_345' title='bbox 1905 3103 2062 3185; x_wconf 82' lang='lat' dir='ltr'>suntque</span> <span class='ocrx_word' id='word_1_346' title='bbox 2085 3091 2129 3160; x_wconf 84' lang='lat' dir='ltr'>ab</span> <span class='ocrx_word' id='word_1_347' title='bbox 2149 3085 2232 3156; x_wconf 88' lang='lat' dir='ltr'>initio</span> <span class='ocrx_word' id='word_1_348' title='bbox 2278 3119 2279 3146; x_wconf 65' lang='grc' dir='ltr'><strong>ι</strong></span> 
     </span>
     <span class='ocr_line' id='line_1_29' title="bbox 234 3184 2279 3284; baseline -0.001 -20"><span class='ocrx_word' id='word_1_349' title='bbox 234 3193 369 3264; x_wconf 87' lang='lat' dir='ltr'>montis</span> <span class='ocrx_word' id='word_1_350' title='bbox 399 3188 585 3259; x_wconf 90' lang='lat' dir='ltr'>Heliconis</span> <span class='ocrx_word' id='word_1_351' title='bbox 613 3189 679 3260; x_wconf 90' lang='lat' dir='ltr'>sita</span> <span class='ocrx_word' id='word_1_352' title='bbox 707 3189 788 3258; x_wconf 88' lang='lat' dir='ltr'>fuit.</span> <span class='ocrx_word' id='word_1_353' title='bbox 844 3188 989 3261; x_wconf 70' lang='lat' dir='ltr'>“scribis</span> <span class='ocrx_word' id='word_1_354' title='bbox 1020 3189 1225 3276; x_wconf 87' lang='lat' dir='ltr'>Pausanias,</span> <span class='ocrx_word' id='word_1_355' title='bbox 1272 3191 1373 3262; x_wconf 90' lang='lat' dir='ltr'>urbis</span> <span class='ocrx_word' id='word_1_356' title='bbox 1387 3189 1526 3263; x_wconf 90' lang='lat' dir='ltr'>Romae</span> <span class='ocrx_word' id='word_1_357' title='bbox 1540 3191 1722 3261; x_wconf 86' lang='lat' dir='ltr'>adustum</span> <span class='ocrx_word' id='word_1_358' title='bbox 1737 3185 1919 3262; x_wconf 89' lang='lat' dir='ltr'>Christum</span> <span class='ocrx_word' id='word_1_359' title='bbox 1934 3215 1977 3262; x_wconf 81' lang='lat' dir='ltr'>ex</span> <span class='ocrx_word' id='word_1_360' title='bbox 1991 3193 2143 3284; x_wconf 84' lang='lat' dir='ltr'>virgine,</span> <span class='ocrx_word' id='word_1_361' title='bbox 2165 3184 2234 3259; x_wconf 81' lang='lat' dir='ltr'>anni</span> <span class='ocrx_word' id='word_1_362' title='bbox 2278 3213 2279 3264; x_wconf 76' lang='lat' dir='ltr'>t</span> 
     </span>
     <span class='ocr_line' id='line_1_30' title="bbox 236 3284 1819 3386; baseline -0.002 -19"><span class='ocrx_word' id='word_1_363' title='bbox 236 3299 313 3366; x_wconf 90' lang='lat' dir='ltr'>eius</span> <span class='ocrx_word' id='word_1_364' title='bbox 332 3304 479 3364; x_wconf 78' lang='lat' dir='ltr'>carmen</span> <span class='ocrx_word' id='word_1_365' title='bbox 489 3284 605 3360; x_wconf 90' lang='lat' dir='ltr'>adhuc</span> <span class='ocrx_word' id='word_1_366' title='bbox 619 3312 685 3359; x_wconf 90' lang='lat' dir='ltr'>suo</span> <span class='ocrx_word' id='word_1_367' title='bbox 701 3302 858 3382; x_wconf 89' lang='lat' dir='ltr'>tempore</span> <span class='ocrx_word' id='word_1_368' title='bbox 872 3291 911 3360; x_wconf 93' lang='lat' dir='ltr'>in</span> <span class='ocrx_word' id='word_1_369' title='bbox 928 3291 1105 3382; x_wconf 89' lang='lat' dir='ltr'>plumbeis</span> <span class='ocrx_word' id='word_1_370' title='bbox 1119 3294 1224 3365; x_wconf 87' lang='lat' dir='ltr'>tabu·</span> <span class='ocrx_word' id='word_1_371' title='bbox 1273 3290 1486 3386; x_wconf 88' lang='lat' dir='ltr'>septingenti</span> <span class='ocrx_word' id='word_1_372' title='bbox 1501 3306 1535 3363; x_wconf 91' lang='lat' dir='ltr'>et</span> <span class='ocrx_word' id='word_1_373' title='bbox 1549 3291 1819 3386; x_wconf 85' lang='lat' dir='ltr'>quinquaginta.</span> 
     </span>
     <span class='ocr_line' id='line_1_31' title="bbox 236 3391 2279 3487; baseline -0.004 -21"><span class='ocrx_word' id='word_1_374' title='bbox 236 3398 281 3468; x_wconf 89' lang='lat' dir='ltr'>lis</span> <span class='ocrx_word' id='word_1_375' title='bbox 304 3398 343 3464; x_wconf 91' lang='lat' dir='ltr'>in</span> <span class='ocrx_word' id='word_1_376' title='bbox 366 3416 408 3463; x_wconf 91' lang='lat' dir='ltr'>eo</span> <span class='ocrx_word' id='word_1_377' title='bbox 429 3391 563 3482; x_wconf 91' lang='lat' dir='ltr'>templo</span> <span class='ocrx_word' id='word_1_378' title='bbox 585 3403 763 3462; x_wconf 81' lang='lat' dir='ltr'>servatum</span> <span class='ocrx_word' id='word_1_379' title='bbox 787 3415 872 3467; x_wconf 88' lang='lat' dir='ltr'>esse.</span> <span class='ocrx_word' id='word_1_380' title='bbox 923 3391 988 3464; x_wconf 85' lang='lat' dir='ltr'>Est</span> <span class='ocrx_word' id='word_1_381' title='bbox 1006 3409 1124 3465; x_wconf 87' lang='lat' dir='ltr'>autem</span> <span class='ocrx_word' id='word_1_382' title='bbox 1141 3418 1224 3485; x_wconf 89' lang='lat' dir='ltr'>par·</span> <span class='ocrx_word' id='word_1_383' title='bbox 1367 3391 1731 3487; x_wconf 64' lang='lat' dir='ltr'>,Quae‘lueritlorma</span> <span class='ocrx_word' id='word_1_384' title='bbox 1754 3393 1889 3483; x_wconf 89' lang='lat' dir='ltr'>primae</span> <span class='ocrx_word' id='word_1_385' title='bbox 1912 3393 2173 3485; x_wconf 87' lang='lat' dir='ltr'>gubernatiom‘s</span> <span class='ocrx_word' id='word_1_386' title='bbox 2191 3411 2235 3458; x_wconf 89' lang='lat' dir='ltr'>re-</span> <span class='ocrx_word' id='word_1_387' title='bbox 2278 3407 2279 3480; x_wconf 54' lang='lat' dir='ltr'><strong>J</strong></span> 
     </span>
     <span class='ocr_line' id='line_1_32' title="bbox 236 3490 2235 3590; baseline -0.006 -20"><span class='ocrx_word' id='word_1_388' title='bbox 236 3493 445 3572; x_wconf 74' lang='lat' dir='ltr'>tim&#39;concio</span> <span class='ocrx_word' id='word_1_389' title='bbox 474 3495 518 3564; x_wconf 91' lang='lat' dir='ltr'>de</span> <span class='ocrx_word' id='word_1_390' title='bbox 547 3493 723 3576; x_wconf 89' lang='lat' dir='ltr'>moribus,</span> <span class='ocrx_word' id='word_1_391' title='bbox 757 3495 887 3586; x_wconf 89' lang='lat' dir='ltr'>partim</span> <span class='ocrx_word' id='word_1_392' title='bbox 913 3496 1002 3564; x_wconf 91' lang='lat' dir='ltr'>anni</span> <span class='ocrx_word' id='word_1_393' title='bbox 1023 3497 1225 3588; x_wconf 87' lang='lat' dir='ltr'>descriptio,</span> <span class='ocrx_word' id='word_1_394' title='bbox 1274 3497 1369 3587; x_wconf 85' lang='lat' dir='ltr'>giae,</span> <span class='ocrx_word' id='word_1_395' title='bbox 1396 3519 1487 3587; x_wconf 88' lang='lat' dir='ltr'>quae</span> <span class='ocrx_word' id='word_1_396' title='bbox 1512 3494 1611 3565; x_wconf 86' lang='lat' dir='ltr'>urbis</span> <span class='ocrx_word' id='word_1_397' title='bbox 1633 3494 1869 3579; x_wconf 87' lang='lat' dir='ltr'>incrementa,</span> <span class='ocrx_word' id='word_1_398' title='bbox 1893 3519 1985 3590; x_wconf 89' lang='lat' dir='ltr'>quae</span> <span class='ocrx_word' id='word_1_399' title='bbox 2000 3496 2114 3586; x_wconf 84' lang='lat' dir='ltr'>legum</span> <span class='ocrx_word' id='word_1_400' title='bbox 2129 3490 2235 3564; x_wconf 86' lang='lat' dir='ltr'>etMa·</span> 
     </span>
     <span class='ocr_line' id='line_1_33' title="bbox 234 3591 2279 3691; baseline -0.007 -18"><span class='ocrx_word' id='word_1_401' title='bbox 234 3613 356 3673; x_wconf 69' lang='lat' dir='ltr'>&#39;scoot</span> <span class='ocrx_word' id='word_1_402' title='bbox 374 3595 703 3680; x_wconf 85' lang='lat' dir='ltr'>nosnominomus‚</span> <span class='ocrx_word' id='word_1_403' title='bbox 729 3593 996 3666; x_wconf 86' lang='lat' dir='ltr'>Calendarium.</span> <span class='ocrx_word' id='word_1_404' title='bbox 1047 3592 1101 3667; x_wconf 92' lang='lat' dir='ltr'>Ac</span> <span class='ocrx_word' id='word_1_405' title='bbox 1116 3597 1223 3667; x_wconf 90' lang='lat' dir='ltr'>talem</span> <span class='ocrx_word' id='word_1_406' title='bbox 1274 3597 1484 3688; x_wconf 85' lang='lat' dir='ltr'>gistretoum</span> <span class='ocrx_word' id='word_1_407' title='bbox 1507 3596 1723 3667; x_wconf 91' lang='lat' dir='ltr'>mutationes</span> <span class='ocrx_word' id='word_1_408' title='bbox 1752 3592 1961 3681; x_wconf 88' lang='lat' dir='ltr'>inciderint,</span> <span class='ocrx_word' id='word_1_409' title='bbox 1996 3611 2126 3691; x_wconf 88' lang='lat' dir='ltr'>quanta</span> <span class='ocrx_word' id='word_1_410' title='bbox 2148 3591 2235 3664; x_wconf 86' lang='lat' dir='ltr'>luerit</span> <span class='ocrx_word' id='word_1_411' title='bbox 2278 3671 2279 3676; x_wconf 5' lang='grc' dir='ltr'>ἵ</span> 
     </span>
     <span class='ocr_line' id='line_1_34' title="bbox 91 3693 2236 3790; baseline -0.004 -18"><span class='ocrx_word' id='word_1_412' title='bbox 91 3762 95 3787; x_wconf 74' lang='lat'>,</span> <span class='ocrx_word' id='word_1_413' title='bbox 233 3702 344 3772; x_wconf 78' lang='lat' dir='ltr'>fuisse</span> <span class='ocrx_word' id='word_1_414' title='bbox 366 3693 593 3770; x_wconf 87' lang='lat' dir='ltr'>ethnicorum</span> <span class='ocrx_word' id='word_1_415' title='bbox 612 3699 833 3770; x_wconf 88' lang='lat' dir='ltr'>sacerdotum</span> <span class='ocrx_word' id='word_1_416' title='bbox 848 3697 1046 3768; x_wconf 89' lang='lat' dir='ltr'>doctrinam</span> <span class='ocrx_word' id='word_1_417' title='bbox 1068 3710 1225 3790; x_wconf 88' lang='lat' dir='ltr'>apparet,</span> <span class='ocrx_word' id='word_1_418' title='bbox 1273 3698 1406 3770; x_wconf 87' lang='lat' dir='ltr'>civium</span> <span class='ocrx_word' id='word_1_419' title='bbox 1431 3698 1560 3782; x_wconf 86' lang='lat' dir='ltr'>virtus,</span> <span class='ocrx_word' id='word_1_420' title='bbox 1585 3719 1676 3790; x_wconf 87' lang='lat' dir='ltr'>quae</span> <span class='ocrx_word' id='word_1_421' title='bbox 1697 3695 1810 3783; x_wconf 89' lang='lat' dir='ltr'>bella,</span> <span class='ocrx_word' id='word_1_422' title='bbox 1835 3695 2236 3789; x_wconf 84' lang='lat' dir='ltr'>quarnvariimotosdo·</span> 
     </span>
     <span class='ocr_line' id='line_1_35' title="bbox 172 3790 2233 3896; baseline -0.001 -26"><span class='ocrx_word' id='word_1_423' title='bbox 172 3889 176 3896; x_wconf 30' lang='lat'><em>·</em></span> <span class='ocrx_word' id='word_1_424' title='bbox 237 3801 402 3872; x_wconf 87' lang='lat' dir='ltr'>videlicet</span> <span class='ocrx_word' id='word_1_425' title='bbox 417 3811 600 3890; x_wconf 89' lang='lat' dir='ltr'>praecepta</span> <span class='ocrx_word' id='word_1_426' title='bbox 624 3801 668 3869; x_wconf 93' lang='lat' dir='ltr'>de</span> <span class='ocrx_word' id='word_1_427' title='bbox 684 3801 861 3884; x_wconf 90' lang='lat' dir='ltr'>moribus,</span> <span class='ocrx_word' id='word_1_428' title='bbox 887 3812 921 3871; x_wconf 89' lang='lat' dir='ltr'>et</span> <span class='ocrx_word' id='word_1_429' title='bbox 942 3799 1225 3894; x_wconf 87' lang='lat' dir='ltr'>qualemcunque</span> <span class='ocrx_word' id='word_1_430' title='bbox 1274 3790 1427 3884; x_wconf 79' lang='lat' dir='ltr'>mestici,</span> <span class='ocrx_word' id='word_1_431' title='bbox 1458 3801 1571 3870; x_wconf 92' lang='lat' dir='ltr'>donec</span> <span class='ocrx_word' id='word_1_432' title='bbox 1591 3821 1633 3870; x_wconf 90' lang='lat' dir='ltr'>ca</span> <span class='ocrx_word' id='word_1_433' title='bbox 1654 3799 1739 3870; x_wconf 89' lang='lat' dir='ltr'>urbs</span> <span class='ocrx_word' id='word_1_434' title='bbox 1758 3797 2004 3870; x_wconf 91' lang='lat' dir='ltr'>monarchiam</span> <span class='ocrx_word' id='word_1_435' title='bbox 2025 3801 2120 3873; x_wconf 90' lang='lat' dir='ltr'>orbis</span> <span class='ocrx_word' id='word_1_436' title='bbox 2142 3811 2233 3868; x_wconf 87' lang='lat' dir='ltr'>terra·</span> 
     </span>
     <span class='ocr_line' id='line_1_36' title="bbox 236 3894 2234 3994; baseline -0.002 -20"><span class='ocrx_word' id='word_1_437' title='bbox 236 3902 325 3974; x_wconf 88' lang='lat' dir='ltr'>anni</span> <span class='ocrx_word' id='word_1_438' title='bbox 342 3900 633 3993; x_wconf 87' lang='lat' dir='ltr'>descriptionem,</span> <span class='ocrx_word' id='word_1_439' title='bbox 656 3913 832 3992; x_wconf 87' lang='lat' dir='ltr'>sumptam</span> <span class='ocrx_word' id='word_1_440' title='bbox 853 3901 900 3970; x_wconf 92' lang='lat' dir='ltr'>ab</span> <span class='ocrx_word' id='word_1_441' title='bbox 916 3901 1055 3974; x_wconf 88' lang='lat' dir='ltr'>ortibus</span> <span class='ocrx_word' id='word_1_442' title='bbox 1073 3917 1108 3974; x_wconf 88' lang='lat' dir='ltr'>ct</span> <span class='ocrx_word' id='word_1_443' title='bbox 1122 3925 1225 3973; x_wconf 87' lang='lat' dir='ltr'>occa-</span> <span class='ocrx_word' id='word_1_444' title='bbox 1274 3925 1353 3974; x_wconf 92' lang='lat' dir='ltr'>rum</span> <span class='ocrx_word' id='word_1_445' title='bbox 1364 3899 1492 3994; x_wconf 86' lang='lat' dir='ltr'>adepta</span> <span class='ocrx_word' id='word_1_446' title='bbox 1507 3913 1579 3986; x_wconf 86' lang='lat' dir='ltr'>est,</span> <span class='ocrx_word' id='word_1_447' title='bbox 1604 3898 1658 3971; x_wconf 90' lang='lat' dir='ltr'>Ac</span> <span class='ocrx_word' id='word_1_448' title='bbox 1682 3901 1813 3972; x_wconf 89' lang='lat' dir='ltr'>deinde</span> <span class='ocrx_word' id='word_1_449' title='bbox 1828 3904 2008 3994; x_wconf 89' lang='lat' dir='ltr'>quomodo</span> <span class='ocrx_word' id='word_1_450' title='bbox 2027 3902 2128 3985; x_wconf 88' lang='lat' dir='ltr'>luxu,</span> <span class='ocrx_word' id='word_1_451' title='bbox 2150 3894 2234 3969; x_wconf 84' lang='lat' dir='ltr'>bellis</span> 
     </span>
     <span class='ocr_line' id='line_1_37' title="bbox 234 3993 2235 4087; baseline -0.003 -11"><span class='ocrx_word' id='word_1_452' title='bbox 234 4005 336 4076; x_wconf 89' lang='lat' dir='ltr'>sibus</span> <span class='ocrx_word' id='word_1_453' title='bbox 358 4001 556 4072; x_wconf 88' lang='lat' dir='ltr'>stellarum.</span> <span class='ocrx_word' id='word_1_454' title='bbox 615 3998 780 4077; x_wconf 87' lang='lat' dir='ltr'>Vetustas</span> <span class='ocrx_word' id='word_1_455' title='bbox 802 4015 837 4072; x_wconf 92' lang='lat' dir='ltr'>et</span> <span class='ocrx_word' id='word_1_456' title='bbox 859 4002 969 4074; x_wconf 89' lang='lat' dir='ltr'>alium</span> <span class='ocrx_word' id='word_1_457' title='bbox 991 4003 1124 4074; x_wconf 92' lang='lat' dir='ltr'>librum</span> <span class='ocrx_word' id='word_1_458' title='bbox 1149 4001 1225 4073; x_wconf 88' lang='lat' dir='ltr'>He·</span> <span class='ocrx_word' id='word_1_459' title='bbox 1274 4002 1456 4087; x_wconf 88' lang='lat' dir='ltr'>civilibus,</span> <span class='ocrx_word' id='word_1_460' title='bbox 1480 4001 1626 4074; x_wconf 83' lang='lat' dir='ltr'>etlatali</span> <span class='ocrx_word' id='word_1_461' title='bbox 1641 4002 1739 4073; x_wconf 89' lang='lat' dir='ltr'>orbis</span> <span class='ocrx_word' id='word_1_462' title='bbox 1755 3993 2235 4076; x_wconf 78' lang='lat' dir='ltr'>mutacionsrursussmiserit</span> 
     </span>
     <span class='ocr_line' id='line_1_38' title="bbox 209 4099 2235 4200; baseline -0.006 -21"><span class='ocrx_word' id='word_1_463' title='bbox 209 4181 212 4186; x_wconf 16' lang='grc' dir='ltr'><strong>Δ</strong></span> <span class='ocrx_word' id='word_1_464' title='bbox 237 4106 331 4179; x_wconf 90' lang='lat' dir='ltr'>siodi</span> <span class='ocrx_word' id='word_1_465' title='bbox 353 4099 497 4187; x_wconf 88' lang='lat' dir='ltr'>hahuit,</span> <span class='ocrx_word' id='word_1_466' title='bbox 530 4099 793 4192; x_wconf 88' lang='lat' dir='ltr'>Astrologicum</span> <span class='ocrx_word' id='word_1_467' title='bbox 814 4102 997 4191; x_wconf 81' lang='lat' dir='ltr'>videlicet,</span> <span class='ocrx_word' id='word_1_468' title='bbox 1023 4129 1128 4200; x_wconf 88' lang='lat' dir='ltr'>quern</span> <span class='ocrx_word' id='word_1_469' title='bbox 1149 4102 1225 4174; x_wconf 92' lang='lat' dir='ltr'>Pli-</span> <span class='ocrx_word' id='word_1_470' title='bbox 1273 4118 1309 4176; x_wconf 90' lang='lat' dir='ltr'>et</span> <span class='ocrx_word' id='word_1_471' title='bbox 1322 4105 1546 4176; x_wconf 81' lang='lat' dir='ltr'>virtutemet</span> <span class='ocrx_word' id='word_1_472' title='bbox 1567 4102 1773 4194; x_wconf 88' lang='lat' dir='ltr'>imperium,</span> <span class='ocrx_word' id='word_1_473' title='bbox 1798 4127 1840 4174; x_wconf 84' lang='lat' dir='ltr'>ex</span> <span class='ocrx_word' id='word_1_474' title='bbox 1855 4103 2003 4192; x_wconf 85' lang='lat' dir='ltr'>integris</span> <span class='ocrx_word' id='word_1_475' title='bbox 2026 4101 2174 4176; x_wconf 90' lang='lat' dir='ltr'>historiis</span> <span class='ocrx_word' id='word_1_476' title='bbox 2187 4121 2235 4167; x_wconf 91' lang='lat' dir='ltr'>co-</span> 
     </span>
     <span class='ocr_line' id='line_1_39' title="bbox 237 4201 2233 4300; baseline -0.004 -20"><span class='ocrx_word' id='word_1_477' title='bbox 237 4210 320 4280; x_wconf 89' lang='lat' dir='ltr'>nius</span> <span class='ocrx_word' id='word_1_478' title='bbox 333 4206 432 4297; x_wconf 90' lang='lat' dir='ltr'>citat,</span> <span class='ocrx_word' id='word_1_479' title='bbox 454 4204 492 4276; x_wconf 87' lang='lat' dir='ltr'>in</span> <span class='ocrx_word' id='word_1_480' title='bbox 506 4227 578 4297; x_wconf 91' lang='lat' dir='ltr'>quo</span> <span class='ocrx_word' id='word_1_481' title='bbox 593 4203 751 4295; x_wconf 87' lang='lat' dir='ltr'>plurium</span> <span class='ocrx_word' id='word_1_482' title='bbox 769 4205 951 4277; x_wconf 88' lang='lat' dir='ltr'>stellarum</span> <span class='ocrx_word' id='word_1_483' title='bbox 968 4208 1225 4300; x_wconf 89' lang='lat' dir='ltr'>descriptiones</span> <span class='ocrx_word' id='word_1_484' title='bbox 1269 4207 1514 4297; x_wconf 85' lang='lat' dir='ltr'>gnoscendum</span> <span class='ocrx_word' id='word_1_485' title='bbox 1529 4215 1592 4276; x_wconf 87' lang='lat' dir='ltr'>est.</span> <span class='ocrx_word' id='word_1_486' title='bbox 1644 4201 1726 4293; x_wconf 86' lang='lat' dir='ltr'>Qua</span> <span class='ocrx_word' id='word_1_487' title='bbox 1741 4205 1781 4274; x_wconf 90' lang='lat' dir='ltr'>in</span> <span class='ocrx_word' id='word_1_488' title='bbox 1792 4205 1947 4278; x_wconf 87' lang='lat' dir='ltr'>lectione</span> <span class='ocrx_word' id='word_1_489' title='bbox 1960 4203 2233 4278; x_wconf 79' lang='lat' dir='ltr'>considerandum</span> 
     </span>
     <span class='ocr_line' id='line_1_40' title="bbox 236 4299 2234 4401; baseline -0.004 -19"><span class='ocrx_word' id='word_1_490' title='bbox 236 4311 345 4382; x_wconf 81' lang='lat' dir='ltr'>fuisse</span> <span class='ocrx_word' id='word_1_491' title='bbox 360 4318 524 4398; x_wconf 89' lang='lat' dir='ltr'>apparet,</span> <span class='ocrx_word' id='word_1_492' title='bbox 550 4328 656 4400; x_wconf 84' lang='lat' dir='ltr'>quarn</span> <span class='ocrx_word' id='word_1_493' title='bbox 678 4304 717 4374; x_wconf 92' lang='lat' dir='ltr'>iu</span> <span class='ocrx_word' id='word_1_494' title='bbox 743 4328 785 4376; x_wconf 86' lang='lat' dir='ltr'>eo</span> <span class='ocrx_word' id='word_1_495' title='bbox 800 4307 894 4378; x_wconf 91' lang='lat' dir='ltr'>libro</span> <span class='ocrx_word' id='word_1_496' title='bbox 911 4307 973 4401; x_wconf 91' lang='lat' dir='ltr'>qui</span> <span class='ocrx_word' id='word_1_497' title='bbox 988 4303 1104 4382; x_wconf 86' lang='lat' dir='ltr'>adhuc</span> <span class='ocrx_word' id='word_1_498' title='bbox 1121 4321 1225 4385; x_wconf 86' lang='lat' dir='ltr'>estat.</span> <span class='ocrx_word' id='word_1_499' title='bbox 1274 4321 1343 4389; x_wconf 87' lang='lat' dir='ltr'>est,</span> <span class='ocrx_word' id='word_1_500' title='bbox 1377 4329 1504 4398; x_wconf 84' lang='lat' dir='ltr'>magna</span> <span class='ocrx_word' id='word_1_501' title='bbox 1528 4306 1676 4396; x_wconf 87' lang='lat' dir='ltr'>imperia</span> <span class='ocrx_word' id='word_1_502' title='bbox 1688 4299 1873 4380; x_wconf 85' lang='lat' dir='ltr'>&#39;divinitus</span> <span class='ocrx_word' id='word_1_503' title='bbox 1895 4303 2234 4390; x_wconf 59' lang='lat' dir='ltr'>consiliumeunt</span> 
     </span>
     <span class='ocr_line' id='line_1_41' title="bbox 235 4401 2233 4502; baseline -0.005 -16"><span class='ocrx_word' id='word_1_504' title='bbox 235 4403 323 4486; x_wconf 76' lang='lat' dir='ltr'>Fuit</span> <span class='ocrx_word' id='word_1_505' title='bbox 336 4409 446 4500; x_wconf 89' lang='lat' dir='ltr'>igitur</span> <span class='ocrx_word' id='word_1_506' title='bbox 462 4421 562 4480; x_wconf 89' lang='lat' dir='ltr'>vetus</span> <span class='ocrx_word' id='word_1_507' title='bbox 575 4406 748 4500; x_wconf 89' lang='lat' dir='ltr'>sapientia</span> <span class='ocrx_word' id='word_1_508' title='bbox 763 4406 934 4480; x_wconf 86' lang='lat' dir='ltr'>Graeciae</span> <span class='ocrx_word' id='word_1_509' title='bbox 950 4411 1122 4502; x_wconf 90' lang='lat' dir='ltr'>particula</span> <span class='ocrx_word' id='word_1_510' title='bbox 1138 4412 1224 4502; x_wconf 83' lang='lat' dir='ltr'>legis</span> <span class='ocrx_word' id='word_1_511' title='bbox 1274 4409 1433 4481; x_wconf 82' lang='lat' dir='ltr'>infinitae</span> <span class='ocrx_word' id='word_1_512' title='bbox 1456 4407 1704 4498; x_wconf 86' lang='lat' dir='ltr'>dissipationes</span> <span class='ocrx_word' id='word_1_513' title='bbox 1718 4404 1906 4480; x_wconf 89' lang='lat' dir='ltr'>hominnm</span> <span class='ocrx_word' id='word_1_514' title='bbox 1926 4410 2079 4482; x_wconf 87' lang='lat' dir='ltr'>assiduis</span> <span class='ocrx_word' id='word_1_515' title='bbox 2094 4401 2233 4478; x_wconf 68' lang='lat' dir='ltr'>vastatis</span> 
     </span>
     <span class='ocr_line' id='line_1_42' title="bbox 118 4509 2233 4606; baseline -0.005 -21"><span class='ocrx_word' id='word_1_516' title='bbox 118 4585 121 4590; x_wconf 12' lang='lat' dir='ltr'>A</span> <span class='ocrx_word' id='word_1_517' title='bbox 235 4516 281 4585; x_wconf 89' lang='lat' dir='ltr'>de</span> <span class='ocrx_word' id='word_1_518' title='bbox 297 4511 476 4595; x_wconf 86' lang='lat' dir='ltr'>moribus,</span> <span class='ocrx_word' id='word_1_519' title='bbox 500 4533 580 4580; x_wconf 89' lang='lat' dir='ltr'>curn</span> <span class='ocrx_word' id='word_1_520' title='bbox 596 4522 723 4580; x_wconf 89' lang='lat' dir='ltr'>natura</span> <span class='ocrx_word' id='word_1_521' title='bbox 737 4524 842 4596; x_wconf 73' lang='lat' dir='ltr'>nom,</span> <span class='ocrx_word' id='word_1_522' title='bbox 866 4523 942 4592; x_wconf 89' lang='lat' dir='ltr'>tum</span> <span class='ocrx_word' id='word_1_523' title='bbox 962 4525 1140 4606; x_wconf 83' lang='lat' dir='ltr'>acceptae</span> <span class='ocrx_word' id='word_1_524' title='bbox 1161 4538 1225 4605; x_wconf 84' lang='lat' dir='ltr'>pa·</span> <span class='ocrx_word' id='word_1_525' title='bbox 1274 4513 1381 4582; x_wconf 88' lang='lat' dir='ltr'>nibus</span> <span class='ocrx_word' id='word_1_526' title='bbox 1403 4525 1438 4584; x_wconf 91' lang='lat' dir='ltr'>et</span> <span class='ocrx_word' id='word_1_527' title='bbox 1452 4509 1665 4596; x_wconf 89' lang='lat' dir='ltr'>latrociniis,</span> <span class='ocrx_word' id='word_1_528' title='bbox 1690 4511 1752 4582; x_wconf 88' lang='lat' dir='ltr'>scd</span> <span class='ocrx_word' id='word_1_529' title='bbox 1776 4510 1898 4604; x_wconf 87' lang='lat' dir='ltr'>aliquo</span> <span class='ocrx_word' id='word_1_530' title='bbox 1913 4513 2021 4583; x_wconf 91' lang='lat' dir='ltr'>modo</span> <span class='ocrx_word' id='word_1_531' title='bbox 2036 4513 2175 4583; x_wconf 84' lang='lat' dir='ltr'>societas</span> <span class='ocrx_word' id='word_1_532' title='bbox 2188 4525 2233 4592; x_wconf 86' lang='lat' dir='ltr'>ge·</span> 
     </span>
     <span class='ocr_line' id='line_1_43' title="bbox 125 4601 2233 4711; baseline -0.004 -24"><span class='ocrx_word' id='word_1_533' title='bbox 125 4635 128 4643; x_wconf 84' lang='lat'>&#39;</span> <span class='ocrx_word' id='word_1_534' title='bbox 231 4615 361 4688; x_wconf 85' lang='lat' dir='ltr'>tribus.</span> <span class='ocrx_word' id='word_1_535' title='bbox 420 4609 532 4693; x_wconf 89' lang='lat' dir='ltr'>Item,</span> <span class='ocrx_word' id='word_1_536' title='bbox 557 4608 749 4706; x_wconf 86' lang='lat' dir='ltr'>inquisitio</span> <span class='ocrx_word' id='word_1_537' title='bbox 772 4608 963 4683; x_wconf 90' lang='lat' dir='ltr'>herbarum</span> <span class='ocrx_word' id='word_1_538' title='bbox 989 4627 1025 4685; x_wconf 86' lang='lat' dir='ltr'>et</span> <span class='ocrx_word' id='word_1_539' title='bbox 1047 4615 1225 4686; x_wconf 88' lang='lat' dir='ltr'>remedio-</span> <span class='ocrx_word' id='word_1_540' title='bbox 1267 4613 1371 4684; x_wconf 52' lang='lat' dir='ltr'>*neris</span> <span class='ocrx_word' id='word_1_541' title='bbox 1389 4606 1539 4711; x_wconf 83' lang='lat' dir='ltr'>humani</span> <span class='ocrx_word' id='word_1_542' title='bbox 1559 4625 1805 4698; x_wconf 82' lang='lat' dir='ltr'>conservetur,</span> <span class='ocrx_word' id='word_1_543' title='bbox 1830 4612 2132 4708; x_wconf 71' lang='lat' dir='ltr'>et‘eliquantisper</span> <span class='ocrx_word' id='word_1_544' title='bbox 2149 4601 2233 4679; x_wconf 76' lang='lat' dir='ltr'>iani·</span> 
     </span>
     <span class='ocr_line' id='line_1_44' title="bbox 54 4712 2232 4814; baseline -0.002 -26"><span class='ocrx_word' id='word_1_545' title='bbox 54 4807 58 4814; x_wconf 21' lang='grc' dir='ltr'>ι</span> <span class='ocrx_word' id='word_1_546' title='bbox 180 4755 184 4762; x_wconf 79' lang='lat'>,</span> <span class='ocrx_word' id='word_1_547' title='bbox 231 4740 337 4802; x_wconf 82' lang='lat' dir='ltr'>rum,</span> <span class='ocrx_word' id='word_1_548' title='bbox 361 4712 600 4787; x_wconf 87' lang='lat' dir='ltr'>consideratio</span> <span class='ocrx_word' id='word_1_549' title='bbox 614 4713 814 4801; x_wconf 88' lang='lat' dir='ltr'>stellarum,</span> <span class='ocrx_word' id='word_1_550' title='bbox 838 4727 874 4786; x_wconf 93' lang='lat' dir='ltr'>et</span> <span class='ocrx_word' id='word_1_551' title='bbox 889 4715 1144 4811; x_wconf 87' lang='lat' dir='ltr'>qualiscunque</span> <span class='ocrx_word' id='word_1_552' title='bbox 1159 4741 1225 4788; x_wconf 87' lang='lat' dir='ltr'>an·</span> <span class='ocrx_word' id='word_1_553' title='bbox 1273 4716 1343 4786; x_wconf 91' lang='lat' dir='ltr'>liae</span> <span class='ocrx_word' id='word_1_554' title='bbox 1363 4713 1404 4784; x_wconf 91' lang='lat' dir='ltr'>in</span> <span class='ocrx_word' id='word_1_555' title='bbox 1424 4713 1551 4786; x_wconf 87' lang='lat' dir='ltr'>iisdem</span> <span class='ocrx_word' id='word_1_556' title='bbox 1572 4715 1715 4786; x_wconf 87' lang='lat' dir='ltr'>sedibus</span> <span class='ocrx_word' id='word_1_557' title='bbox 1737 4727 1925 4800; x_wconf 88' lang='lat' dir='ltr'>maneant,</span> <span class='ocrx_word' id='word_1_558' title='bbox 1949 4715 2023 4787; x_wconf 89' lang='lat' dir='ltr'>sint</span> <span class='ocrx_word' id='word_1_559' title='bbox 2039 4717 2143 4804; x_wconf 89' lang='lat' dir='ltr'>leges,</span> <span class='ocrx_word' id='word_1_560' title='bbox 2165 4725 2232 4777; x_wconf 77' lang='lat' dir='ltr'>cot·</span> 
     </span>
     <span class='ocr_line' id='line_1_45' title="bbox 231 4803 2233 4913; baseline -0 -26"><span class='ocrx_word' id='word_1_561' title='bbox 231 4817 279 4888; x_wconf 84' lang='lat' dir='ltr'>ni</span> <span class='ocrx_word' id='word_1_562' title='bbox 305 4815 507 4909; x_wconf 88' lang='lat' dir='ltr'>descriptio.</span> <span class='ocrx_word' id='word_1_563' title='bbox 565 4809 615 4886; x_wconf 85' lang='lat' dir='ltr'>Et</span> <span class='ocrx_word' id='word_1_564' title='bbox 642 4814 681 4884; x_wconf 90' lang='lat' dir='ltr'>in</span> <span class='ocrx_word' id='word_1_565' title='bbox 716 4809 773 4886; x_wconf 91' lang='lat' dir='ltr'>his</span> <span class='ocrx_word' id='word_1_566' title='bbox 795 4815 968 4886; x_wconf 91' lang='lat' dir='ltr'>doctrinis</span> <span class='ocrx_word' id='word_1_567' title='bbox 998 4819 1224 4913; x_wconf 88' lang='lat' dir='ltr'>praecipuam</span> <span class='ocrx_word' id='word_1_568' title='bbox 1275 4817 1389 4906; x_wconf 88' lang='lat' dir='ltr'>logia,</span> <span class='ocrx_word' id='word_1_569' title='bbox 1415 4815 1614 4907; x_wconf 88' lang='lat' dir='ltr'>procreatio</span> <span class='ocrx_word' id='word_1_570' title='bbox 1628 4830 1664 4888; x_wconf 89' lang='lat' dir='ltr'>et</span> <span class='ocrx_word' id='word_1_571' title='bbox 1679 4815 1840 4888; x_wconf 63' lang='lat' dir='ltr'>Horatio</span> <span class='ocrx_word' id='word_1_572' title='bbox 1854 4815 2005 4901; x_wconf 89' lang='lat' dir='ltr'>sobolis,</span> <span class='ocrx_word' id='word_1_573' title='bbox 2032 4813 2169 4896; x_wconf 83' lang='lat' dir='ltr'>indicis,</span> <span class='ocrx_word' id='word_1_574' title='bbox 2190 4803 2233 4874; x_wconf 67' lang='lat' dir='ltr'>di·</span> 
     </span>
     <span class='ocr_line' id='line_1_46' title="bbox 237 4904 2233 5013; baseline -0.007 -23"><span class='ocrx_word' id='word_1_575' title='bbox 237 4930 374 5013; x_wconf 85' lang='lat' dir='ltr'>partem</span> <span class='ocrx_word' id='word_1_576' title='bbox 400 4911 682 4988; x_wconf 89' lang='lat' dir='ltr'>aPhoenicibus</span> <span class='ocrx_word' id='word_1_577' title='bbox 714 4931 748 4988; x_wconf 88' lang='lat' dir='ltr'>et</span> <span class='ocrx_word' id='word_1_578' title='bbox 778 4915 964 5012; x_wconf 83' lang='lat' dir='ltr'>Aegyptiis</span> <span class='ocrx_word' id='word_1_579' title='bbox 992 4923 1144 5013; x_wconf 88' lang='lat' dir='ltr'>accepit,</span> <span class='ocrx_word' id='word_1_580' title='bbox 1178 4923 1225 4994; x_wconf 88' lang='lat' dir='ltr'>ad</span> <span class='ocrx_word' id='word_1_581' title='bbox 1248 4935 1250 4976; x_wconf 76' lang='lat' dir='ltr'>t</span> <span class='ocrx_word' id='word_1_582' title='bbox 1274 4918 1443 5012; x_wconf 79' lang='lat' dir='ltr'>sciphus,</span> <span class='ocrx_word' id='word_1_583' title='bbox 1468 4929 1579 5003; x_wconf 90' lang='lat' dir='ltr'>artes,</span> <span class='ocrx_word' id='word_1_584' title='bbox 1600 4919 1787 5009; x_wconf 88' lang='lat' dir='ltr'>praecipue</span> <span class='ocrx_word' id='word_1_585' title='bbox 1811 4941 1895 4988; x_wconf 89' lang='lat' dir='ltr'>vero</span> <span class='ocrx_word' id='word_1_586' title='bbox 1909 4931 1951 4990; x_wconf 91' lang='lat' dir='ltr'>ut</span> <span class='ocrx_word' id='word_1_587' title='bbox 1968 4932 2001 4990; x_wconf 91' lang='lat' dir='ltr'>et</span> <span class='ocrx_word' id='word_1_588' title='bbox 2014 4914 2165 4992; x_wconf 85' lang='lat' dir='ltr'>Ecclesia</span> <span class='ocrx_word' id='word_1_589' title='bbox 2184 4904 2233 4978; x_wconf 90' lang='lat' dir='ltr'>ha-</span> 
     </span>
     <span class='ocr_line' id='line_1_47' title="bbox 225 4977 2233 5128; baseline -0.006 -36"><span class='ocrx_word' id='word_1_590' title='bbox 225 5015 448 5118; x_wconf 83' lang='lat' dir='ltr'>-quesntolti</span> <span class='ocrx_word' id='word_1_591' title='bbox 464 5019 690 5112; x_wconf 84' lang='lat' dir='ltr'>navigarunt.</span> <span class='ocrx_word' id='word_1_592' title='bbox 786 5063 790 5071; x_wconf 43' lang='lat' dir='ltr'><strong><em>s</em></strong></span> <span class='ocrx_word' id='word_1_593' title='bbox 890 5049 893 5056; x_wconf 57' lang='lat'><strong><em>¹</em></strong></span> <span class='ocrx_word' id='word_1_594' title='bbox 1247 4977 1355 5128; x_wconf 66' lang='lat' dir='ltr'>ibeat</span> <span class='ocrx_word' id='word_1_595' title='bbox 1377 5013 1540 5109; x_wconf 90' lang='lat' dir='ltr'>hospitia.</span> <span class='ocrx_word' id='word_1_596' title='bbox 1591 5019 1707 5088; x_wconf 89' lang='lat' dir='ltr'>Simul</span> <span class='ocrx_word' id='word_1_597' title='bbox 1728 5035 1846 5091; x_wconf 91' lang='lat' dir='ltr'>autem</span> <span class='ocrx_word' id='word_1_598' title='bbox 1861 5016 1959 5091; x_wconf 89' lang='lat' dir='ltr'>Deus</span> <span class='ocrx_word' id='word_1_599' title='bbox 1980 5041 2044 5110; x_wconf 90' lang='lat' dir='ltr'>per</span> <span class='ocrx_word' id='word_1_600' title='bbox 2064 5012 2233 5109; x_wconf 75' lang='lat' dir='ltr'>imperitet</span> 
     </span>
     <span class='ocr_line' id='line_1_48' title="bbox 339 5113 2235 5214; baseline -0.002 -26"><span class='ocrx_word' id='word_1_601' title='bbox 339 5113 538 5189; x_wconf 84' lang='lat' dir='ltr'>Hesiodum</span> <span class='ocrx_word' id='word_1_602' title='bbox 563 5122 726 5202; x_wconf 89' lang='lat' dir='ltr'>scribunt</span> <span class='ocrx_word' id='word_1_603' title='bbox 751 5141 870 5200; x_wconf 82' lang='lat' dir='ltr'>senem</span> <span class='ocrx_word' id='word_1_604' title='bbox 899 5118 1124 5193; x_wconf 86' lang='lat' dir='ltr'>intersectum</span> <span class='ocrx_word' id='word_1_605' title='bbox 1150 5146 1225 5194; x_wconf 89' lang='lat' dir='ltr'>esse</span> <span class='ocrx_word' id='word_1_606' title='bbox 1248 5135 1251 5188; x_wconf 73' lang='lat' dir='ltr'>t</span> <span class='ocrx_word' id='word_1_607' title='bbox 1274 5121 1380 5214; x_wconf 90' lang='lat' dir='ltr'>punit</span> <span class='ocrx_word' id='word_1_608' title='bbox 1399 5119 1585 5194; x_wconf 89' lang='lat' dir='ltr'>latrocinia</span> <span class='ocrx_word' id='word_1_609' title='bbox 1607 5132 1642 5190; x_wconf 90' lang='lat' dir='ltr'>et</span> <span class='ocrx_word' id='word_1_610' title='bbox 1664 5121 1734 5191; x_wconf 85' lang='lat' dir='ltr'>alia</span> <span class='ocrx_word' id='word_1_611' title='bbox 1756 5122 1905 5207; x_wconf 88' lang='lat' dir='ltr'>seelera,</span> <span class='ocrx_word' id='word_1_612' title='bbox 1938 5133 1972 5194; x_wconf 86' lang='lat' dir='ltr'>et</span> <span class='ocrx_word' id='word_1_613' title='bbox 1985 5115 2169 5214; x_wconf 83' lang='lat' dir='ltr'>prohibet.</span> <span class='ocrx_word' id='word_1_614' title='bbox 2199 5128 2235 5176; x_wconf 67' lang='lat' dir='ltr'>ne</span> 
     </span>
     <span class='ocr_line' id='line_1_49' title="bbox 143 5217 2041 5315; baseline -0.002 -19"><span class='ocrx_word' id='word_1_615' title='bbox 143 5307 145 5312; x_wconf 16' lang='lat'>⁸</span> <span class='ocrx_word' id='word_1_616' title='bbox 236 5225 281 5296; x_wconf 88' lang='lat' dir='ltr'>ab</span> <span class='ocrx_word' id='word_1_617' title='bbox 314 5217 537 5312; x_wconf 88' lang='lat' dir='ltr'>hospitibus,</span> <span class='ocrx_word' id='word_1_618' title='bbox 577 5242 639 5290; x_wconf 88' lang='lat' dir='ltr'>seu</span> <span class='ocrx_word' id='word_1_619' title='bbox 673 5242 795 5292; x_wconf 87' lang='lat' dir='ltr'>errore</span> <span class='ocrx_word' id='word_1_620' title='bbox 829 5243 891 5294; x_wconf 87' lang='lat' dir='ltr'>seu</span> <span class='ocrx_word' id='word_1_621' title='bbox 904 5295 909 5304; x_wconf 78' lang='grc'>,</span> <span class='ocrx_word' id='word_1_622' title='bbox 924 5225 1076 5315; x_wconf 88' lang='lat' dir='ltr'>praedae</span> <span class='ocrx_word' id='word_1_623' title='bbox 1108 5245 1223 5300; x_wconf 89' lang='lat' dir='ltr'>causa.</span> <span class='ocrx_word' id='word_1_624' title='bbox 1274 5223 1400 5296; x_wconf 86' lang='lat' dir='ltr'>iniusti</span> <span class='ocrx_word' id='word_1_625' title='bbox 1416 5233 1561 5312; x_wconf 81' lang='lat' dir='ltr'>regeret</span> <span class='ocrx_word' id='word_1_626' title='bbox 1576 5235 1696 5311; x_wconf 88' lang='lat' dir='ltr'>gentes</span> <span class='ocrx_word' id='word_1_627' title='bbox 1711 5223 2041 5315; x_wconf 75' lang='lat' dir='ltr'>taunsgrmmsor.</span> 
     </span>
     <span class='ocr_line' id='line_1_50' title="bbox 235 5313 2231 5418; baseline -0.011 -20"><span class='ocrx_word' id='word_1_628' title='bbox 235 5321 518 5398; x_wconf 83' lang='lat' dir='ltr'>Considerentur</span> <span class='ocrx_word' id='word_1_629' title='bbox 537 5333 654 5390; x_wconf 88' lang='lat' dir='ltr'>autem</span> <span class='ocrx_word' id='word_1_630' title='bbox 679 5323 876 5396; x_wconf 87' lang='lat' dir='ltr'>multorum</span> <span class='ocrx_word' id='word_1_631' title='bbox 898 5323 1147 5398; x_wconf 86' lang='lat' dir='ltr'>excellentium</span> <span class='ocrx_word' id='word_1_632' title='bbox 1169 5325 1226 5396; x_wconf 89' lang='lat' dir='ltr'>vi·</span> <span class='ocrx_word' id='word_1_633' title='bbox 1376 5322 1571 5396; x_wconf 87' lang='lat' dir='ltr'>Constituit</span> <span class='ocrx_word' id='word_1_634' title='bbox 1598 5337 1717 5396; x_wconf 87' lang='lat' dir='ltr'>autern</span> <span class='ocrx_word' id='word_1_635' title='bbox 1736 5323 1833 5398; x_wconf 90' lang='lat' dir='ltr'>Deus</span> <span class='ocrx_word' id='word_1_636' title='bbox 1860 5325 2007 5418; x_wconf 87' lang='lat' dir='ltr'>imperia</span> <span class='ocrx_word' id='word_1_637' title='bbox 2036 5313 2231 5394; x_wconf 84' lang='lat' dir='ltr'>mirabiliter·</span> 
     </span>
    </p>
   </div>
   <div class='ocr_carea' id='block_1_3' title="bbox 236 5419 2279 5542">
    <p class='ocr_par' dir='ltr' id='par_1_3' title="bbox 236 5419 2279 5542">
     <span class='ocr_line' id='line_1_51' title="bbox 236 5419 2279 5542; baseline -0.003 -44"><span class='ocrx_word' id='word_1_638' title='bbox 236 5447 360 5500; x_wconf 87' lang='lat' dir='ltr'>rorum</span> <span class='ocrx_word' id='word_1_639' title='bbox 389 5424 508 5501; x_wconf 88' lang='lat' dir='ltr'>tristes</span> <span class='ocrx_word' id='word_1_640' title='bbox 535 5419 717 5509; x_wconf 87' lang='lat' dir='ltr'>interitus,</span> <span class='ocrx_word' id='word_1_641' title='bbox 732 5447 905 5532; x_wconf 19' lang='lat' dir='ltr'>*quorum</span> <span class='ocrx_word' id='word_1_642' title='bbox 931 5431 1026 5522; x_wconf 91' lang='lat' dir='ltr'>apud</span> <span class='ocrx_word' id='word_1_643' title='bbox 1050 5421 1226 5502; x_wconf 88' lang='lat' dir='ltr'>Ethnicos</span> <span class='ocrx_word' id='word_1_644' title='bbox 1274 5423 1355 5502; x_wconf 86' lang='lat' dir='ltr'>Etsi</span> <span class='ocrx_word' id='word_1_645' title='bbox 1377 5427 1475 5499; x_wconf 88' lang='lat' dir='ltr'>enim</span> <span class='ocrx_word' id='word_1_646' title='bbox 1502 5441 1616 5502; x_wconf 88' lang='lat' dir='ltr'>armat</span> <span class='ocrx_word' id='word_1_647' title='bbox 1640 5426 1772 5502; x_wconf 82' lang='lat' dir='ltr'>virtute</span> <span class='ocrx_word' id='word_1_648' title='bbox 1800 5427 1940 5522; x_wconf 85' lang='lat' dir='ltr'>aliquos</span> <span class='ocrx_word' id='word_1_649' title='bbox 1967 5425 2119 5516; x_wconf 85' lang='lat' dir='ltr'>insignes</span> <span class='ocrx_word' id='word_1_650' title='bbox 2137 5423 2232 5490; x_wconf 76' lang='lat' dir='ltr'>doces</span> <span class='ocrx_word' id='word_1_651' title='bbox 2278 5467 2279 5542; x_wconf 49' lang='lat'><strong>3</strong></span> 
     </span>
    </p>
   </div>
   <div class='ocr_carea' id='block_1_4' title="bbox 0 0 2314 5796">
    <p class='ocr_par' dir='ltr' id='par_1_4' title="bbox 0 0 2314 5796">
     <span class='ocr_line' id='line_1_52' title="bbox 0 0 2314 5796; baseline 0 0"><span class='ocrx_word' id='word_1_652' title='bbox 0 0 2314 5796; x_wconf 95' lang='lat' dir='ltr'> </span> 
     </span>
    </p>
   </div>
  </div>
 </body>
</html>
