4726 5828
80 243 132 376 aa
527 289 692 370 nucu
731 288 806 370 on
838 287 1173 370 saturnino
1205 291 1463 380 osunen.
1493 297 1666 384 anun
2061 313 2113 394 sa

79 466 217 552 mentio
236 471 283 544 de
303 481 461 542 veterum
481 464 683 560 principum
705 463 812 538 rebus
829 463 935 556 gestis
950 463 990 536 in
1005 458 1074 536 hac
1122 467 1344 559 probaretur.
1377 464 1552 564 Exponit
1563 488 1662 566 pects
1677 497 1758 550 cum
1773 474 1950 570 Domino,
1972 507 2013 556 sc
2023 509 2112 558 nae-

79 573 245 664 regione,
268 567 453 644 historiam
469 569 615 638 recitare
628 567 766 640 decrevi
780 566 864 639 iusti
879 580 914 638 et
925 588 1072 658 magua·
1123 582 1178 643 rat
1198 592 1236 640 se
1253 593 1294 644 eu
1311 572 1514 664 promisisse
1535 574 1710 648 iacturum
1726 573 1819 654 hane
1832 586 1996 671 caedem,
2020 601 2061 660 ut
2076 603 2114 662 at

79 675 171 744 mini
199 672 376 764 principis
399 668 591 754 Friderici,
617 669 718 742 cuius
740 667 810 738 luit
830 690 851 738 a
874 679 986 738 matre
1007 669 1071 738 ad·
1122 666 1297 742 Dominae
1320 685 1355 742 et
1380 694 1463 746 suae
1483 675 1577 746 vitae
1596 679 1813 767 consuleret,
1847 685 1930 776 quis
1954 687 1985 756 si
2006 711 2109 762 recu

78 797 199 846 morsa
220 795 330 863 gene,
360 770 424 864 qui
447 769 633 841 visitante
655 790 770 840 annus
791 768 865 838 lere
886 780 1071 854 trecentos,
1123 782 1249 856 mmet,
1272 772 1451 864 quaesitos
1464 789 1554 848 esset
1570 777 1660 848 alius
1673 783 1857 871 parricidii
1871 786 2050 876 minister,
2074 802 2110 863 et

79 887 114 944 et
134 876 256 946 tenuit
278 872 433 964 primum
457 894 538 940 cum
561 870 669 941 fratre
686 867 871 962 Mysorum
891 869 1070 958 regionem
1122 870 1197 962 ipse
1213 885 1357 944 necatus
1374 887 1471 948 esset.
1520 875 1649 950 Narrat
1667 892 1703 951 et
1717 883 1786 954 alis
1800 907 1891 978 quse
1908 887 2012 958 fidem
2027 915 2109 962 ora·
2165 865 2169 878 ,

77 987 113 1044 0²
136 973 320 1044 Lfflfiffl
344 971 566 1055 infefiffl‘ems
590 971 720 1041 deiude
741 970 837 1040 tolus
859 967 1070 1059 Turiugiam
1121 971 1212 1043 tioni
1236 972 1389 1054 iaciunt,
1416 997 1456 1044 ac
1477 973 1575 1050 iubet
1599 980 1794 1054 deliberare
1814 983 2005 1060 Dominam
2026 1015 2109 1062 cum

77 1087 116 1146 et
130 1073 318 1168 Mysorum
342 1072 532 1161 regionem.
582 1069 715 1160 Magna
738 1070 835 1140 enim
854 1070 1004 1142 varietas
1018 1082 1071 1141 est
1121 1074 1216 1158 suis,
1249 1076 1429 1167 quomodo
1458 1097 1542 1146 suae
1569 1079 1664 1152 vitae
1693 1085 1949 1158 consulendum
1976 1091 2038 1178 eit,
2069 1115 2108 1163 ,a

79 1196 267 1244 causarum
291 1186 325 1243 et
347 1186 536 1244 eventuum
559 1171 598 1242 in
622 1166 686 1242 hac
708 1166 876 1250 historia,
902 1184 938 1242 et
958 1170 1068 1241 multe
1121 1172 1191 1242 iam
1206 1174 1288 1264 iuga
1304 1174 1407 1245 tacite
1423 1199 1608 1248 evasurum
1622 1176 1697 1251 esse
1713 1185 1922 1275 perieulum.

77 1274 236 1344 illustria
256 1272 459 1344 testimonia
480 1285 564 1342 suut
586 1271 829 1362 providentiae
843 1270 985 1340 divinae
1001 1295 1068 1362 pu·

76 1373 213 1446 nieutis
226 1374 397 1444 libidines
410 1386 445 1445 et
457 1373 526 1442 alia
541 1374 688 1456 scelera,
713 1385 748 1442 et
761 1370 972 1442 mirabiliter
986 1395 1069 1462 prn-

76 1475 230 1564 tegentis
250 1475 501 1562 8⁰b²ffl³¹⁰¹⁰⁵
523 1471 697 1542 imum
715 1484 749 1542 ⁰¹
765 1488 1070 1562 wemmam*
1121 1534 1160 1592 ut
1181 1520 1335 1592 Domina
1366 1525 1496 1613 fugiat,
1528 1527 1704 1601 adiunctis
1730 1536 1849 1622 paucis
1878 1541 2049 1611 matronis
2074 1557 2109 1614 et

78 1575 172 1644 sicut
186 1575 360 1666 scriptum
376 1587 444 1644 est:
471 1571 612 1642 iusticia
627 1572 761 1643 stabilit
776 1566 957 1642 thronum.
989 1569 1069 1642 Eut
1121 1623 1260 1694 anemis
1323 1621 1401 1695 ΕΜ
1423 1625 1485 1695 ὀὴ]
1507 1627 1915 1719 Νῑημωωώοωίω
1960 1666 2050 1734 quae
2069 1643 2109 1714 in

1259 1676 1272 1700 ρ
1924 1691 1934 1725 2

76 1689 197 1746 aulem
218 1667 1071 1763 0m¹1⁰⁸hi⁸²⁰fi²⁸¹³¹i¹¹¹¹¹²¹⁰mp¹⁰r⁰¹¹¹¹³le¹¹³⁶
1122 1723 1306 1816 complexu
1332 1723 1488 1796 liliorum
1513 1729 1605 1797 mori
1627 1730 1798 1818 malebat,
1831 1759 1936 1829 quam
1960 1744 2108 1815 desertis

76 1789 183 1856 tunt,
209 1788 246 1845 et
265 1797 369 1844 nosse
391 1774 563 1864 plurimas
585 1775 630 1842 ad
649 1773 926 1842 confirmandam
941 1775 1069 1842 adsen-
1123 1823 1132 1841 .
1178 1824 1188 1842 .
1256 1823 1265 1844 .
1309 1824 1320 1843 .
1926 1840 1934 1858 ,

75 1875 218 1946 sionem
237 1878 281 1945 de
302 1874 524 1966 providentia
547 1873 634 1944 mile
655 1885 727 1956 m,
752 1881 871 1942 mmm
885 1871 1069 1962 diligentia
1121 1847 1207 1914 rpus
1229 1827 1363 1895 dsutsus
1386 1849 1459 1896 esse
1482 1841 1674 1918 superstes,
1699 1845 1817 1902 tamen
1840 1837 2003 1913 fidelibus
2021 1868 2108 1913 cou-

75 1977 269 2068 praecipue
287 1976 396 2064 digna
419 1986 472 2046 cst
493 1972 677 2058 studiosis,
702 1994 806 2044 nosse
820 1995 876 2042 res
891 1971 1022 2064 patrias
1035 1987 1071 2045 et

74 2076 298 2149 domesticas.

1142 1337 1149 1346 '
1222 1319 1279 1393 Re
1298 1323 1490 1395 deliberate
1507 1327 1699 1416 prudentes
1713 1343 1750 1401 et
1763 1331 1882 1404 fideles
1899 1336 2023 1425 amici,
2045 1343 2109 1435 qai

1121 1419 1323 1514 Principem
1338 1423 1455 1494 lucere
1469 1427 1552 1496 odio
1565 1438 1599 1499 et
1613 1428 1741 1501 scelere
1754 1431 1933 1522 videbant,
1958 1443 2109 1515 suadent

1121 1924 1210 1993 siliis
1232 1924 1374 1997 taudem
1394 1929 1628 2020 obtemperat.
1675 1927 1792 2002 Locus
1811 1932 1928 2008 adhuc
1949 1945 2109 2014 ostendi-

1122 2038 1181 2094 tur
1200 2024 1237 2093 iu
1261 2047 1340 2095 arce
1356 2023 1600 2115 lsennacensi,
1625 2031 1687 2100 nbi
1709 2056 1782 2102 non
1805 2051 1856 2108 est
1877 2063 2002 2129 magna
2024 2043 2108 2114 alti-

1121 2126 1207 2195 tudo
1231 2149 1250 2194 a
1272 2126 1417 2218 scopulo
1437 2142 1533 2198 extra
1556 2153 1670 2200 arcem
1687 2133 1731 2202 ad
1749 2133 1954 2226 fenestram,
1979 2167 2020 2211 ex
2036 2137 2118 2237 qua‘

90 2241 95 2252 '
144 2205 298 2328 „1⁴:¹¹in
314 2206 521 2324 ”Uimina
544 2203 749 2324 0‘2150J31J
772 2204 968 2275 d⁰⁶²³⁸⁸3¹¹¹i
992 2203 1069 2325 ΗΡ·
1119 2225 1266 2294 funibus
1282 2223 1437 2296 Domina
1460 2251 1540 2298 cum
1565 2230 1723 2325 quinque
1745 2237 1933 2308 comitibus
1955 2243 2107 2317 demissa

76 2311 170 2380 '⁰5¹⁸
195 2331 404 2424 ⁰m¹⁶¹¹¹¹⁰{2
432 2331 468 2375 ¹¹¹
486 2307 1068 2426 5⁰³f¹⁰⁸⁰f¹l³¹¹³¹¹⁰²fi¹¹⁰⁸ffd¹⁰j
1121 2339 1182 2398 est.
1229 2324 1340 2397 Nocte
1354 2343 1469 2396 autem
1485 2353 1565 2398 cum
1578 2331 1648 2400 iam
1661 2332 1854 2423 migratura
1867 2353 1966 2421 esset,
1990 2346 2107 2435 prius·

76 2412 135 2480 ¹¹³³
156 2407 347 2503 Musarum
374 2408 502 2524 ¹⁰5¹¹1⁵¹
532 2405 729 2523 tr¹anvu¹03
761 2418 796 2475 et
815 2429 905 2496 rene
929 2404 1068 2476 Seleu
1121 2426 1359 2518 qoamafittts
1372 2427 1584 2515 atemere,
1609 2431 1774 2503 aestuans
1789 2439 1834 2505 aa
1849 2439 1995 2512 lectulos
2012 2445 2107 2516 etro.

76 2512 210 2600 figurae
234 2511 329 2578 inter
345 2503 467 2625 Albam
483 2519 519 2577 et
532 2507 666 2624 flumen
684 2504 823 2589 Prcam,
848 2529 1000 2598 quorum
1015 2509 1069 2576 la·
1121 2549 1219 2610 mm,
1244 2540 1278 2596 at
1302 2527 1533 2598 calamitatem
1557 2551 1656 2600 suam
1678 2535 1886 2626 deplorans,
1911 2565 1991 2611 cum
2009 2545 2108 2617 Con.

75 2611 311 2684 immitam
333 2621 385 2677 ⁰⁵¹
414 2619 692 2696 ¹⁰s³11¹0¹¹¹¹⁰¹¹¹
717 2603 905 2678 SUdefflffl·
965 2603 1007 2676 1¹¹
1028 2631 1067 2678 ⁸³
1119 2625 1274 2695 siliarius
1291 2649 1395 2698 senex
1412 2642 1640 2701 etmatronae
1652 2635 1881 2708 comitaturus
1897 2661 1993 2728 earn,
2019 2641 2106 2717 hur.

75 2712 224 2802 regione
238 2709 421 2798 Principes
439 2719 523 2776 sunt
537 2706 607 2822 iam
629 2705 702 2774 iere
725 2706 938 2798 quingentos
955 2731 1068 2778 annos
1121 2737 1299 2812 mmm„
1326 2740 1366 2799 u,
1379 2745 1600 2821 prowm,
1625 2735 1768 2804 ,andem
1783 2738 1996 2812 valedictura
2012 2745 2095 2816 finis

74 2813 187 2884 titulo
214 2805 465 2879 Marcbionum
497 2805 651 2900 Myssae,
683 2807 753 2874 orti
779 2829 799 2874 a
826 2803 1068 2894 widekindo,
1119 2824 1339 2898 fridericum
1363 2843 1449 2900 nam
1471 2831 1662 2913 maiorem,
1688 2831 1878 2931 ,achrymh
1902 2854 1935 2911 et
2096 2802 2107 2834 2

130 2912 140 2930 ·
234 2910 243 2928 .
378 2908 421 2927 ..
1959 2845 2106 2934 eiulatu,
2177 2839 2181 2844 ’

75 2937 141 3008 qus
157 2909 422 2982 bethsaxomo
436 2909 603 2976 adversus
617 2903 785 2976 Carolsm
800 2903 976 2976 Francum
986 2904 1067 2979 Dor
1119 2927 1270 2997 materni
1299 2928 1433 2998 dolori,
1460 2932 1742 3021 magnitudinem
1769 2943 1976 3029 ostendens,
2008 2971 2108 3017 com.

74 3013 164 3133 foit,
191 3024 227 3082 et
247 3009 368 3127 agpati
389 3007 664 3126 clarissimorum
687 3003 943 3097 Imperatorum
964 3006 1067 3080 Hen-
1119 3027 1301 3117 plectitur,
1326 3051 1430 3121 saepe
1441 3029 1551 3120 figens
1565 3033 1684 3103 oscula
1700 3034 1737 3103 in
1753 3039 1852 3125 genis
1864 3057 1898 3115 st
1911 3043 1949 3111 in
1965 3059 2106 3136 pectore

74 3109 319 3202 nceAucuprs
335 3122 369 3178 et
384 3121 492 3178 tuum
508 3101 699 3179 Oltouum·
1120 3127 1196 3200 lilii.
1262 3127 1446 3200 Postremo
1480 3131 1638 3205 mirabili
1669 3135 1780 3206 animi
1810 3155 1910 3214 motu
1940 3143 2106 3220 dentibus

93 3331 96 3338 7
177 3239 235 3314 Ex
258 3263 299 3312 ca
322 3242 429 3332 stirpe
454 3252 558 3311 natus
581 3249 633 3309 est
655 3250 737 3307 aute
758 3259 871 3307 anuos
892 3250 1067 3310 trecentos
1118 3229 1258 3299 mordet
1272 3249 1396 3319 genam
1410 3227 1487 3305 filii.

73 3344 275 3429 Esuriens,
307 3342 421 3413 iustus
441 3353 473 3410 et
497 3351 623 3432 potens
636 3336 825 3428 Princeps,
857 3337 919 3432 qui
940 3338 1066 3434 Myso.

73 3471 158 3520 rum
191 3446 391 3535 regionem,
421 3441 602 3513 Lusatiam
636 3437 839 3508 inferiorem
872 3451 907 3508 et
930 3437 1067 3510 Turin-

72 3549 169 3642 giam
191 3545 317 3618 tenuit.
367 3539 475 3611 Hunc
489 3539 579 3610 tanti
600 3539 680 3610 lecit
698 3537 894 3629 imperator
907 3535 1066 3611 Frideri·

73 3672 139 3722 cus
169 3646 372 3728 Secundus,
402 3655 442 3712 ut
473 3641 547 3710 eius
574 3638 648 3708 filio
664 3635 821 3709 'Alberto
841 3637 1066 3729 Landgravio

72 3747 274 3837 Turingiae
289 3743 428 3814 dederit
441 3743 548 3810 liliam
564 3738 806 3828 Margaritam.
855 3737 925 3809 Sed
935 3738 1066 3812 Albec-

71 3866 132 3924 tus
156 3873 232 3918 nou
253 3861 304 3918 est
324 3845 482 3914 imitatus
505 3854 686 3932 paternam
708 3840 886 3910 virtutem.
939 3838 1066 3929 Quen.

74 3975 182 4045 quam
213 3947 309 4018 enim
332 3941 482 4016 Alberto
512 3965 552 4011 ex
581 3939 802 4010 nobilissima
823 3940 972 4030 coniuge
993 3945 1065 4014 duo

73 4051 143 4123 atti
163 4050 241 4121 nati
261 4058 378 4130 erant,
402 4042 606 4114 Fridericus
622 4055 658 4112 et
666 4040 923 4127 Dietmannus,
948 4055 1066 4114 tamen

73 4157 193 4246 spreta
222 4149 372 4235 coniuge
402 4145 529 4238 pudica
559 4157 593 4214 et
613 4154 724 4212 matre
745 4139 1066 4233 pulcherrimorum

73 4255 255 4336 filiorum,
287 4247 417 4318 exarsit
445 4259 565 4314 amore
590 4256 688 4315 tauto
710 4243 865 4334 pellicis,
895 4257 938 4315 ut
960 4246 1066 4317 etism

76 4356 209 4426 odisset
229 4349 435 4439 coniugem,
467 4359 501 4416 et
523 4344 598 4414 eius
620 4345 712 4416 sitae
734 4343 884 4414 insidias
906 4359 1067 4422 strueret.

74 4453 130 4528 Ac
151 4454 296 4528 taudem
315 4451 460 4520 adortus
474 4444 699 4530 Muliouem,
724 4443 786 4538 qui
809 4445 986 4516 mularum
1004 4471 1067 4518 cu-

75 4570 150 4629 stos
177 4566 254 4626 erat
273 4544 481 4621 vehentium
504 4557 630 4640 aquam
653 4544 693 4613 in
715 4567 830 4615 arcem
854 4543 1068 4618 lseuuacen-

74 4681 172 4742 sem,
196 4651 287 4746 petit
300 4653 344 4722 ab
360 4673 401 4720 eo
415 4662 455 4720 nt
469 4647 656 4720 interliciat
670 4645 854 4736 coniugem
869 4646 978 4717 liliam
994 4643 1067 4717 hu-

74 4756 261 4852 peratoris.
310 4749 480 4824 Nondum
498 4748 593 4818 enim
611 4744 800 4817 Germanis
815 4771 950 4818 venena
967 4763 1068 4821 erant

73 4873 175 4932 note.
226 4851 344 4926 Mulio
366 4865 528 4921 metuens
548 4872 594 4918 ue
616 4847 645 4918 si
666 4861 862 4936 recusaret,
890 4849 1068 4922 interlice-

73 4973 176 5032 retur
197 4957 293 5050 ipse,
317 4975 363 5024 ue
382 4947 491 5023 huius
507 4948 647 5021 consilii
663 4948 755 5018 fama
773 4964 1012 5041 spargeretur,
1036 4949 1068 5023 si

75 5060 191 5132 molat
206 5081 243 5128 se
257 5053 417 5148 Principi
432 5054 756 5142 obtemperaturum
771 5071 855 5126 esse.

1219 3375 1314 3450 Puer
1335 3378 1482 3451 vulnere
1503 3382 1595 3453 iacto
1618 3383 1750 3456 eiulare
1772 3387 1909 3482 incipit.
1969 3389 2107 3468 Accur-

1119 3491 1204 3550 runt
1224 3478 1333 3568 igitur
1354 3493 1554 3567 matronae,
1580 3495 1615 3554 et
1635 3508 1785 3577 puerum
1808 3493 1914 3562 matri
1933 3518 1974 3566 ex
1989 3500 2107 3568 mani·

1118 3579 1186 3651 bus
1215 3579 1390 3670 eripiunt,
1422 3596 1617 3654 metuentes
1645 3609 1690 3654 ne
1716 3588 1821 3658 dolor
1844 3615 1922 3662 eam
1945 3594 2107 3689 impellat

1118 3681 1163 3752 ed
1185 3680 1343 3752 sobolem
1365 3679 1663 3764 interficiendam,
1686 3699 1721 3757 et
1739 3713 1883 3782 quoquo
1900 3697 2007 3766 modo
2022 3723 2106 3790 pos-

1119 3795 1221 3865 sunt,
1244 3803 1266 3850 e
1287 3780 1450 3852 cubiculo
1470 3806 1546 3854 eam
1562 3784 1756 3858 abducunt.
1808 3788 1872 3860 ttta
1891 3817 1965 3864 non
1982 3796 2106 3887 ignara

1118 3881 1205 3975 quid
1219 3882 1375 3966 fecisset,
1398 3881 1532 3976 inquit:
1557 3882 1621 3954 Me
1637 3910 1682 3956 ne
1698 3890 1786 3958 adeo
1801 3889 1949 3964 ferream
1965 3899 2106 3988 putatis,

1118 3995 1199 4054 uta
1223 3975 1473 4073 pulcherrimis
1494 3995 1530 4055 et
1550 3985 1741 4058 carissimis
1764 3990 1845 4061 liliis
1867 3993 1945 4065 sine
1967 3997 2106 4091 ingenti
2189 4058 2195 4066 .

1118 4083 1242 4153 dolore
1270 4083 1311 4152 iu
1337 4082 1483 4154 erilium
1511 4085 1610 4156 abire
1640 4089 1783 4178 possim.
1832 4089 1982 4168 Nullum
2012 4103 2106 4174 vitae

1117 4183 1315 4275 periculum
1338 4196 1391 4252 est
1410 4207 1491 4255 meo
1512 4185 1586 4256 filio
1609 4211 1650 4257 ex
1673 4182 1741 4260 hoc
1762 4192 1929 4277 vulnere,
1953 4202 2013 4270 sed
2036 4201 2105 4293 ipsi

1118 4386 1191 4456 vita
1208 4407 1346 4457 memor
1358 4384 1406 4456 sit
1422 4398 1457 4458 et
1470 4386 1541 4457 mei
1555 4411 1636 4480 erga
1654 4389 1770 4481 ipsum
1785 4395 1935 4480 auroris,
1961 4411 1996 4470 et
2011 4402 2106 4471 cala-

1118 4486 1252 4558 mitatis
1271 4507 1380 4560 meae.
1430 4482 1761 4563 Discedensautem
1783 4518 1909 4585 precor
1926 4492 2041 4568 Deum
2064 4503 2104 4572 in

1119 4581 1186 4658 hoc
1206 4609 1346 4657 summo
1367 4585 1511 4675 dolore,
1535 4591 1599 4683 qui
1624 4586 1741 4662 ethes
1764 4592 1924 4692 usopyoic
1946 4591 2105 4673 honestis

1119 4685 1325 4780 parentibus
1347 4686 1500 4775 indidit,
1523 4704 1558 4761 et
1580 4691 1741 4766 adfirmat
1762 4715 1800 4763 se
1819 4695 1970 4783 gemitus
1991 4702 2104 4776 esta·

1118 4784 1282 4882 cbrymss
1304 4786 1480 4860 iustorum
1503 4791 1687 4873 exaudire,
1711 4805 1747 4866 et
1763 4805 1879 4866 eustos
1899 4809 1951 4870 est
1972 4799 2105 4895 orpha.

1118 4912 1267 4972 norum,
1290 4901 1331 4962 ut
1352 4884 1419 4963 hus
1441 4912 1538 4962 meos
1559 4885 1741 4984 orphanos
1762 4907 1878 4982 servet
1900 4895 2106 4992 incolumes,

1118 5001 1154 5062 et
1175 4991 1368 5082 gubernet,
1392 5005 1546 5084 quorum
1565 4991 1721 5084 pericula
1738 4991 1852 5084 cogito
1869 5021 1943 5070 non
1959 5003 2036 5074 iore
2051 5007 2106 5076 le·

1017 5180 1021 5189 ,
1117 5091 1219 5162 viora
1252 5091 1350 5167 meis.
1417 5089 1616 5164 Malueram
1643 5091 1763 5185 itaque
1792 5089 1851 5168 hic
1881 5101 1924 5182 ed
1957 5103 2107 5177 lectulos

177 5192 318 5268 Deinde
340 5214 379 5261 re
397 5187 573 5281 sapienter
593 5184 744 5274 cogitata
764 5186 862 5257 venit
879 5186 922 5257 ad
941 5183 1069 5260 Domi·
1118 5215 1243 5264 eorum
1275 5191 1465 5278 trucidari,
1505 5214 1613 5287 qnam
1648 5191 1695 5264 sb
1724 5193 1776 5266 eis
1801 5195 1883 5270 viva
1913 5201 2106 5278 discedere.

76 5321 180 5383 mm,
205 5318 246 5366 ae
265 5291 390 5384 petivit
412 5289 443 5360 si
465 5286 584 5370 audiri
599 5287 644 5358 ab
659 5285 756 5379 ipsa,
779 5299 814 5358 et
830 5287 951 5380 paucis
966 5312 1070 5382 prae-
1118 5292 1217 5368 Haec
1237 5293 1510 5380 radicantem,
1546 5291 1584 5362 vi
1606 5290 1819 5371 abstrahunt
1843 5311 2024 5380 msuoose
2045 5331 2137 5382 co-.

77 5401 181 5494 cipue
216 5392 417 5468 nobilitatis
448 5389 557 5480 vicis,
593 5411 747 5484 quorum
776 5387 862 5466 lides
892 5384 1069 5464 Dominae
1119 5395 1246 5484 mites,
1268 5407 1305 5470 et
1318 5417 1361 5468 ex
1375 5395 1526 5468 fenestre
1541 5393 1745 5474 demittunt·

1526 5491 1580 5570 4*

1118 4298 1240 4356 notam
1267 4283 1336 4354 mei
1365 4284 1494 4354 summi
1515 4286 1650 4359 doloris
1672 4288 1852 4382 impressi,
1885 4311 1925 4367 ut
1943 4297 1982 4366 iu
2005 4303 2106 4370 omui
2242 4379 2244 4384 ,
2274 4345 2278 4350 -
