4706 5818
201 269 297 348 1055
444 263 652 343 SCRIPTA
683 263 760 342 ΡΗ.
786 259 904 340 Mun
930 257 998 336 At)
1022 257 1149 338 lllS'l'.
1174 257 1318 340 PROF.
1345 255 1413 332 ET
1436 253 1632 334 PHlLOS.
1658 254 1981 380 spectantis.
2125 249 2228 338 10'56

162 511 164 518 ,
286 435 348 527 ¹ln
363 437 508 510 caeteris
520 435 770 508 controversiis
793 429 901 504 huius
917 431 1055 527 Synodi
1067 433 1189 502 minos
1214 464 1216 468 ·
1240 443 1273 499 et
1293 427 1424 499 diserte
1445 427 1564 520 inquit
1580 425 1804 512 Ptolomeus,
1829 431 2151 523 longobardorum
2170 457 2228 503 se-

178 539 500 614 .0,gd3ffi0u1mis,
551 537 637 612 ldeo
654 533 715 607 hie
730 560 788 612 ess
810 557 886 630 non
902 546 1035 626 repeto.
1148 603 1154 612 ,
1241 532 1320 600 dem
1344 530 1388 599 ad
1409 529 1567 600 medium
1583 530 1687 600 Albis
1705 555 1797 618 esse,
1822 534 1884 626 qui
1910 548 2043 606 tractus
2067 559 2163 605 nunc
2179 537 2229 604 ad

1240 629 1427 702 Dioeceses
1457 629 1790 721 Meideburgensem
1822 647 1859 706 et
1896 633 2226 707 Helberstatensem

258 743 369 815 Anno
399 742 524 813 mundi
547 753 672 834 quater
696 736 885 808 millesimo
908 734 1190 830 quingentesimo
1242 731 1407 825 pertinet.
1459 727 1656 820 Eragione
1678 734 1786 806 luisse
1804 733 1967 806 Senonas
1984 736 2022 808 in
2039 761 2080 806 eo
2097 750 2230 818 tractu,

188 837 191 842 ’
412 843 580 914 vicesimo
596 853 732 911 octavo.
1243 834 1306 928 qui
1321 856 1417 902 nunc
1434 845 1536 904 vetus
1552 829 1714 905 blacchia
1729 838 1929 928 appellatur
1943 837 2049 908 etiam
2065 861 2107 908 ex
2124 855 2231 908 utro-

262 933 384 1017 Anno
398 943 536 1017 Romae
561 941 752 1013 millesimo
782 937 1027 1012 trecentesimo
1056 937 1192 1008 decimo
1244 957 1314 1028 que
1329 935 1502 1023 scriptore
1516 935 1668 1024 intelligi
1685 949 1810 1027 potest.
1859 935 1933 1008 Nec
1949 939 2079 1010 limites
2095 939 2230 1008 immo-

414 1045 576 1137 sepsimo,
1244 1050 1298 1107 tos
1320 1035 1509 1106 constituo.
1558 1033 1743 1107 Interdum
1778 1037 1920 1127 longius
1945 1034 2014 1109 bae
2038 1041 2231 1110 bellicosae

264 1145 373 1221 Anno
388 1143 523 1220 Christi
538 1141 819 1240 quingentesimo
834 1141 1048 1231 sexagesimo
1066 1153 1173 1212 sexto.
1244 1148 1364 1227 gentes
1386 1157 1589 1230 progressae
1608 1151 1710 1224 snut,
1750 1139 1929 1211 interdum
1959 1163 2153 1230 regressae,
2188 1155 2231 1210 ut

782 1240 786 1252 '
1023 1249 1027 1258 '
1244 1240 1388 1308 fortuna
1405 1238 1582 1308 bellorum
1601 1252 1686 1310 erat.
1723 1235 1777 1312 Es
1793 1235 1860 1311 bar
1877 1263 1939 1311 sua
1958 1241 2232 1333 patriaLongo-

474 1359 478 1370 ·
583 1304 667 1381 1⁸⁴⁸
674 1313 821 1382 limil-
1245 1339 1348 1411 bardi
1371 1340 1410 1406 in
1432 1339 1504 1411 illis
1530 1340 1749 1411 terribilibus
1774 1341 1934 1432 gentium
1953 1343 2231 1432 migrationibus

318 1440 490 1517 Iustisne
502 1441 687 1516 Secundus
708 1465 818 1535 nepos
835 1435 1025 1513 lustiniani
1048 1464 1088 1510 ex
1110 1437 1195 1519 lilia,
1246 1454 1467 1512 accesserunt
1490 1465 1570 1512 curn
1592 1442 1740 1512 familiis
1764 1443 1838 1514 suis
1860 1444 1905 1512 ad
1927 1467 2004 1513 earn
2020 1442 2232 1514 Pannoniae

217 1553 409 1641 imperator
432 1550 544 1617 lactus
560 1552 580 1615 ai
596 1543 795 1616 lustiniano
818 1543 977 1626 vivente,
999 1539 1111 1612 tenuit
1127 1541 1195 1609 im·
1247 1565 1370 1625 oram,
1404 1564 1495 1634 qnae
1518 1540 1639 1614 ltaliae
1662 1543 1811 1636 propior
1832 1555 1903 1629 cet,
1935 1546 1998 1615 ubi
2022 1561 2231 1616 manserunt

217 1650 355 1744 perium
371 1669 484 1718 annos
501 1646 697 1724 duodecim.
737 1644 784 1718 Ut
800 1643 940 1736 imperii
956 1644 1099 1715 initium
1116 1665 1198 1732 gra·
1247 1639 1360 1713 annos
1384 1644 1617 1736 quadraginta
1640 1645 1739 1716 duos.
1792 1642 1846 1715 Ac
1868 1645 1952 1714 inde
1972 1647 2018 1714 ab
2032 1645 2082 1716 eis
2098 1646 2230 1716 auxilia

217 1755 289 1824 tius
305 1765 410 1835 esset,
432 1749 537 1821 leniit
551 1749 685 1818 tributa
702 1759 737 1817 et
752 1769 894 1831 usuras,
914 1757 949 1816 et
964 1743 1119 1816 coniunx
1129 1743 1198 1814 So·
1246 1747 1415 1814 adversus
1431 1741 1559 1815 Gottos
1573 1745 1612 1814 in
1626 1744 1764 1816 ltaliam
1773 1743 1900 1816 Narseo
1913 1746 2107 1820 accersivit.
2136 1747 2231 1817 Got-

218 1851 303 1946 pbia
328 1852 499 1946 quaedam
517 1851 636 1920 debita
661 1871 700 1918 ex
725 1847 797 1918 suis
820 1845 1049 1916 facultatibus
1070 1845 1197 1928 -solvit,
1220 1811 1225 1972 Ι
1247 1845 1294 1915 tis
1316 1868 1358 1912 ex
1383 1842 1482 1915 ltalia
1503 1845 1658 1936 expulsis
1689 1847 1873 1938 aliquanto
1895 1859 1976 1938 post
1997 1846 2228 1938 Langobardi

221 1955 321 2026 brevi
339 1969 458 2026 tamen
474 1965 552 2045 post
567 1973 661 2019 nova
672 1949 806 2019 tributa
822 1947 954 2015 indicta
970 1959 1064 2014 sunt.
1113 1945 1196 2016 Non
1220 1975 1224 2020 1
1247 1946 1322 2014 sive
1336 1967 1356 2014 a
1373 1945 1482 2016 Narro
1497 1959 1656 2032 invitati,
1681 1959 1720 2018 ut
1736 1949 1847 2041 alsqus
1862 1962 2019 2034 narrant,
2043 1948 2118 2018 sire
2130 1954 2229 2042 quod

220 2041 332 2126 multa
349 2079 412 2146 per
427 2076 500 2128 sese
514 2053 706 2142 imperator
721 2047 858 2118 morbis
873 2045 1066 2138 impeditus
1081 2046 1198 2115 adrui-
1220 2024 1224 2118 l
1247 2045 1359 2133 magis
1373 2047 1544 2118 credibile
1558 2060 1621 2134 est,
1645 2051 1841 2138 compertis
1857 2063 1960 2120 antea
1979 2044 2231 2140 pulcherrimis

221 2157 406 2236 nistrasit‚
437 2154 571 2225 bellurn
594 2173 674 2220 cum
696 2149 812 2219 Persis
831 2146 1070 2240 quadriennio
1092 2145 1198 2235 gessit
1220 2119 1224 2201 l
1248 2145 1370 2216 ltaliae
1392 2147 1543 2216 urbibus
1566 2161 1602 2218 et
1633 2151 1839 2238 splendore,
1877 2151 1975 2220 ultro
2001 2148 2138 2220 ltaliam
2168 2151 2231 2220 in-

221 2282 285 2350 per
307 2258 433 2328 ducem
454 2254 682 2339 Martinum,
706 2251 745 2319 in
765 2273 835 2342 quo
860 2247 1028 2342 utrinqne
1048 2265 1196 2336 magnae
1220 2204 1224 2282 l
1246 2246 1355 2335 gressi
1370 2259 1453 2319 sunt
1468 2243 1705 2320 annoChristi
1717 2251 2000 2342 quingentesimo
2013 2251 2229 2340 sexagesimo

134 2431 137 2444 ,
223 2360 339 2429 clades
361 2369 521 2446 acceptae
543 2365 636 2423 sunt.
688 2350 756 2421 Sed
784 2373 862 2422 cum
881 2347 1197 2420 tandemvicties-
1220 2293 1224 2401 l
1248 2360 1389 2431 octavo,
1423 2371 1503 2417 curn
1528 2348 1722 2440 imperator
1745 2367 1833 2422 esset
1857 2347 2229 2428 lustinusSecundus,

223 2473 302 2530 sent
324 2456 472 2540 Persae,
511 2471 633 2523 rursus
652 2451 909 2546 aliquantisper
930 2474 995 2542 par
1016 2451 1109 2519 lacta
1132 2460 1197 2522 est.
1221 2407 1225 2516 l
1249 2445 1459 2520 Tenuerunt
1483 2471 1633 2538 regnum
1659 2449 1697 2518 in
1719 2471 1759 2522 ee
1779 2449 1900 2524 ltaliae
1920 2465 2037 2543 parte,
2064 2475 2154 2545 quae
2176 2469 2228 2522 est

222 2558 324 2632 Duae
344 2580 399 2627 res
422 2555 525 2624 valde
546 2552 674 2643 dignae
696 2551 867 2622 memoria
891 2551 930 2618 in
948 2547 1052 2619 lmine
1071 2549 1197 2619 lustini
1222 2603 1225 2628 ,
1248 2547 1344 2618 inter
1359 2546 1470 2638 Alpes
1490 2563 1525 2621 et
1541 2548 1756 2642 Apeninum‘
1771 2575 1884 2624 annos
1903 2555 2076 2624 ducentos
2091 2567 2124 2624 et
2141 2577 2233 2647 qua-

222 2657 512 2749 gubernationem
542 2653 721 2724 incidunt:
752 2650 857 2724 lnitia
883 2645 1135 2723 Euarchotns
1160 2650 1198 2718 in
1223 2633 1226 2717 l
1249 2661 1342 2736 tuor,
1365 2653 1462 2722 unde
1477 2646 1593 2722 adbuc
1608 2676 1647 2722 es
1665 2675 1889 2742 parsnomen
1907 2650 2014 2725 babet
2023 2653 2232 2744 Longobar-

222 2761 337 2844 ltalia,
353 2772 387 2829 ct
401 2757 502 2828 initia
519 2753 889 2844 regniLongobardic'i
904 2753 943 2820 in
959 2751 1072 2824 ltalia.
1106 2749 1200 2822 Fue·
1250 2749 1350 2836 diae,
1375 2773 1415 2820 ac
1429 2752 1467 2820 in
1487 2751 1606 2824 ltalica
1622 2755 1844 2848 expeditione
1865 2756 1993 2826 mixtos
2008 2755 2115 2824 luisse
2129 2755 2232 2826 Lon-

222 2874 309 2931 runt
332 2870 448 2929 autem
473 2849 652 2928 Eccos-chi
674 2852 921 2926 velutViearii
944 2853 1198 2944 imperatorum
1251 2851 1418 2941 goberdis
1438 2851 1594 2925 Saxones
1616 2867 1650 2924 et
1673 2853 1827 2941 Succos,
1867 2857 1904 2928 id
1927 2871 1979 2928 est
1999 2851 2230 2942 Pomeranos,

223 2987 265 3031 ex
279 2957 589 3049 Constantinopoli
605 2956 713 3031 missi.
763 2952 1118 3050 Duravitqueeorum
1135 2977 1202 3044 gu·
1253 2949 1579 3026 bistoriaostendit.
1632 2953 1874 3028 vastationem
1888 2955 2010 3029 ltaliae
2033 2959 2229 3028 denuncia-

224 3062 384 3134 bernatio
407 3057 635 3152 postNarsen
656 3080 770 3129 annos
788 3071 930 3130 centum
954 3070 989 3128 et
1009 3057 1199 3145 sexaginta.
1252 3066 1381 3124 verunt
1401 3055 1513 3128 multa
1538 3055 1717 3145 prodigia:
1748 3053 1966 3150 Conspectae
1996 3071 2080 3130 sunt
2107 3060 2229 3149 igneae

227 3161 302 3234 Ars
323 3175 439 3232 autern
463 3174 497 3230 et
526 3163 626 3230 sedes
649 3154 897 3228 Exarrhorum
917 3157 1090 3230 Ravenna
1121 3156 1201 3230 fnit.
1252 3153 1345 3224 acies
1363 3154 1496 3226 insere
1518 3156 1746 3227 dimicantes:
1769 3157 1922 3247 Sanguis
1947 3184 1986 3230 es
2004 3172 2099 3228 terra
2116 3175 2148 3231 et
2165 3185 2229 3252 pa-

225 3262 368 3334 Prioros
388 3262 486 3344 bella¹
503 3282 585 3330 cum
609 3255 857 3348 Longobardis
880 3258 1058 3326 infoelicia
1087 3275 1203 3345 gesse-
1225 3211 1230 3366 l
1252 3253 1402 3324 rictibus
1416 3255 1629 3341 scaturiens,
1653 3267 1689 3326 et
1708 3257 1778 3328 alia
1793 3260 1925 3342 multa,
1949 3277 1991 3332 ut
2006 3281 2144 3351 semper
2157 3285 2231 3331 mo·

226 3375 323 3435 runt.
373 3359 565 3432 Postremis
590 3357 689 3428 varia
711 3357 903 3428 conamina
923 3380 1005 3428 cum
1028 3354 1204 3431 Romanis
1226 3369 1230 3422 t
1254 3377 1343 3442 gnae
1356 3353 1570 3428 calamitates
1586 3357 1756 3448 prodigiis
1769 3359 2043 3432 denunciantur.
2088 3360 2231 3432 Nomen

224 3463 460 3536 Pontificibus
481 3463 643 3544 luerunt,
667 3461 780 3530 donec
801 3457 1032 3547 Longobardi
1053 3459 1203 3528 urbibus
1226 3431 1230 3542 l
1254 3479 1274 3523 a
1291 3455 1407 3546 longis
1423 3457 1629 3548 cuspidibus
1642 3459 1697 3526 vel
1717 3459 1932 3549 bipennibus
1954 3465 2129 3533 deducere
2145 3487 2233 3533 con-

226 3565 316 3650 illis,
354 3585 442 3657 quas
472 3557 626 3632 Exarclsi
665 3561 819 3654 reliquas
852 3573 1059 3646 tenuerant,
1098 3557 1204 3650 potiti
1254 3555 1482 3638 cinniusest,
1506 3579 1647 3652 quama
1667 3559 1800 3635 barbis

227 3678 329 3749 sunt,
357 3687 445 3759 quas
465 3675 585 3734 tamen
606 3663 807 3755 relinquere
826 3659 1083 3750 Longobardos
1097 3653 1206 3756 Pips'-
1357 3649 1507 3728 Primam
1530 3653 1600 3730 rei
1614 3659 1941 3749 Longobardorum'
1963 3661 2002 3730 in
2032 3665 2133 3735 ltalia
2163 3669 2231 3738 fuit

226 3789 297 3836 nns
319 3765 443 3855 coe'git.
1256 3751 1459 3844 alboinus,
1480 3762 1641 3851 regnavit
1657 3785 1771 3833 annos
1786 3775 1947 3856 quatuor.
2001 3760 2112 3834 lnitio
2126 3790 2234 3836 occir-

328 3865 414 3937 Fuit
432 3879 550 3935 autern
583 3864 720 3953 primus
739 3857 922 3933 Exarebus
943 3885 963 3933 a
986 3860 1126 3934 Iustino
1149 3885 1205 3933 se·
1256 3858 1352 3950 pavit
1378 3858 1600 3933 Vincentiam
1622 3876 1658 3933 et
1679 3859 1870 3938 Veronam.
1920 3859 2063 3936 Deinde
2084 3868 2127 3936 sd
2151 3866 2231 3938 Me-

126 3981 132 3994 ’
228 3968 346 4041 eundo
367 3967 405 4036 in
420 3963 558 4037 ltaliam
581 3964 708 4034 missus
726 3956 946 4055 Longinus,
964 3965 1076 4034 'cuius
1088 3987 1206 4036 mores
1255 3959 1439 4032 diolannm
1455 3965 1618 4047 accessit,
1643 3966 1739 4057 quod
1755 3967 1924 4036 assedente
1940 3962 2126 4039 Honorsto
2142 3967 2233 4060 Epi-

228 4071 278 4142 ita
302 4067 570 4145 describuntur,
602 4077 736 4136 utnon
757 4065 801 4134 sit
830 4064 963 4133 mirum
986 4063 1143 4136 Graecos
1165 4067 1203 4134 in
1228 4025 1232 4142 l
1256 4085 1360 4152 scopo
1384 4063 1601 4135 deditionem
1623 4065 1718 4139 fecit.
1767 4063 1858 4136 Nam
1880 4080 1916 4137 et
1937 4082 2082 4159 propter
2101 4068 2229 4138 famem

226 4171 342 4242 maius
355 4169 477 4240 odium
492 4165 641 4240 venisse.
708 4162 849 4236 Dicitur
868 4162 998 4237 aluisse
1013 4189 1204 4262 γαναικοι-
1256 4163 1394 4233 obsidio
1425 4165 1569 4237 tolerari
1597 4190 1671 4234 non
1699 4181 1847 4257 poterat.
1898 4165 2067 4240 Ticinum
2094 4175 2230 4264 quoda

226 4271 372 4366 ἔρωτας,
387 4271 449 4364 qui
464 4270 501 4338 vi
513 4281 550 4340 et
562 4259 750 4338 fraudibus
763 4268 897 4338 alienas
906 4268 1072 4356 coniuges
1087 4283 1123 4341 et
1137 4295 1204 4340 no-
1254 4263 1420 4354 Longino
1438 4267 1614 4358 praesidio
1627 4267 1806 4338 munitum
1821 4271 1946 4348 luerat,
1962 4271 2118 4342 triennio
2130 4272 2230 4343 obsc-

226 4374 356 4444 bilium
370 4372 462 4441 filias
473 4371 518 4440 ad
532 4369 648 4459 ipsum
665 4362 918 4458 pertraherent.
966 4367 1074 4440 Prius
1087 4385 1203 4444 autern
1228 4428 1231 4481 ,
1255 4365 1321 4452 dit,
1345 4369 1441 4459 quod
1460 4391 1543 4438 curn
1557 4371 1699 4440 tandem
1714 4371 1874 4461 cepisset,
1897 4371 2038 4440 rediens
2056 4370 2231 4443 Veronam

228 4497 286 4544 res
306 4471 595 4564 langobardicae
617 4468 773 4539 breviter
793 4471 994 4542 recitandae
1015 4487 1118 4559 sunt,
1138 4498 1205 4565 po·
1228 4492 1230 4533 t
1256 4467 1293 4535 ln
1311 4469 1493 4555 convivio,
1521 4468 1622 4542 ltsstlt
1636 4469 1756 4540 afferri
1771 4472 1938 4562 poculum
1948 4473 2081 4542 facturn
2097 4497 2139 4542 ex
2155 4498 2229 4544 cra·

229 4589 302 4654 stoa
325 4575 430 4644 series
446 4565 689 4642 Exarcbonrm
719 4572 886 4645 addenda
908 4573 995 4654 erit,
1021 4573 1071 4646 ita
1093 4547 1231 4672 magis}
1255 4569 1317 4660 nlo
1341 4567 1581 4656 Cunimundi,
1606 4595 1712 4665 quem
1733 4573 1927 4657 occiderat,
1951 4587 1986 4643 et
2006 4573 2122 4664 coiigit
2143 4599 2231 4644 con-

225 4676 409 4769 perspicua
423 4675 491 4745 erit
505 4671 674 4744 namatio.
1255 4670 1371 4759 iugem
1395 4672 1503 4740 filiam
1519 4669 1742 4743 Cunimundi
1765 4699 1806 4743 ex
1830 4675 1953 4743 cranio
1976 4675 2086 4768 patris
2103 4675 2157 4746 sui
2173 4677 2228 4746 bi-

615 4789 617 4792 ·
1160 4862 1163 4867 α
1255 4773 1349 4843 bere.
1403 4771 1467 4842 llla
1490 4785 1577 4844 tunc
1597 4772 1820 4846 dissimulato
1840 4776 1981 4858 dolore,
2008 4771 2229 4866 posteahor-

487 4908 558 4980 »θ
595 4901 934 5002 nmnnn.
1253 4869 1844 5048 tttslttll'tn‘tts
1866 4874 2166 5049 llilffllm‘
2191 4895 2227 4948 ¹¹¹

325 5067 464 5143 Omitto
501 5072 681 5144 fabulosas
724 5069 926 5162 ineptorum
967 5069 1203 5151 narrationes,
1225 5054 1228 5116 ἶ
1252 5070 1523 5148 llelnseclsildus
1555 5007 1788 5150 dornlielrtem
1808 5001 2228 5164 llllsotnnnlltrlcertlllcll

224 5197 314 5270 quae
328 5169 585 5264 Longobarslos
603 5197 643 5243 es
662 5171 790 5242 insulis
806 5169 1135 5258 Arctoiseducunt,
1165 5187 1200 5242 et
1224 5123 1228 5272 l
1252 5177 1384 5247 deinde
1406 5190 1548 5252 coactus
1573 5181 1694 5267 lugere
1721 5204 1802 5251 cunr
1824 5179 2049 5253 Rosirounda
2079 5182 2227 5272 coniuge

222 5300 351 5370 sequor
365 5273 551 5348 Strabonis
569 5295 610 5344 ac
624 5273 818 5345 Ptolemaei
839 5275 1111 5364 descriptiones,
1137 5275 1200 5366 qni
1223 5277 1227 5308 ¹
1252 5276 1401 5353 Alboini
1430 5281 1572 5352 accessit
1593 5277 1803 5352 Ravennam
1830 5284 1874 5353 ad
1903 5279 2129 5372 Longinum,
2166 5285 2224 5352 ubi

219 5373 472 5468 Langobardos
495 5389 530 5448 et
547 5374 706 5447 Senarus
729 5373 768 5445 in
791 5375 878 5470 ripis
891 5375 997 5451 Albis
1012 5375 1200 5462 collocant,
1220 5453 1227 5477 Ι
1250 5401 1330 5450 cerm
1363 5378 1571 5474 aliquandiu
1599 5380 1768 5466 luissent,
1797 5381 1985 5475 Longinus
2012 5407 2125 5456 ηοω
2151 5405 2228 5474 spes

1281 5513 1291 5536 t
