4604 5804
6 285 32 332 ιι
67 285 152 362 sss
270 367 279 376 ,
761 281 793 360 ι.
844 273 1410 360 canomconcanronrs
2022 279 2098 358 ess

4 455 36 514 'lt
64 455 138 526 ubi
167 477 258 550 quae
286 453 420 548 praella
448 455 652 538 laetasint,
684 475 774 547 quae
798 455 904 526 urbes
925 465 1059 548 quanto
1212 448 1344 522 Narrat
1370 449 1467 520 cuim
1495 461 1532 522 et
1558 448 1758 544 Diodorus,
1793 449 1980 526 Seleucum
2008 451 2098 522 scci-

0 578 25 625 υ·
63 558 196 627 labore
210 571 331 646 captae
348 557 432 640 sint,
456 569 589 650 quanta
603 555 747 626 victoris
759 554 967 646 magnitudo
980 553 1059 624 ani·
1109 551 1240 646 psisse,
1264 547 1464 624 Chaldaeos
1484 554 1681 624 sacerdotes
1699 553 1912 646 praedixisse
1925 553 1993 623 sibi
2010 550 2097 622 Ale-

1 663 34 716 et
64 657 144 743 mi,
171 658 308 730 iusticia
331 669 367 728 et
385 657 557 728 modestia
578 656 683 728 initio
699 655 824 740 inerit,
849 656 1057 726 discendum
1108 651 1237 724 xandci
1256 652 1461 738 interitum,
1485 665 1521 724 ct
1538 653 1764 744 partitionem
1781 653 1881 743 regni
1898 654 1993 724 inter
2007 677 2094 746 qua-

2 776 30 801 ”
64 769 122 828 est
142 781 185 828 ex
206 759 353 848 integris
375 753 544 829 historiis.
596 754 793 826 Modestiae
815 755 1057 828 testimonium
1108 767 1192 826 tuor
1214 755 1331 830 duces.
1382 749 1480 824 Haec
1508 753 1670 826 existimo
1700 778 1743 828 ex
1771 751 1921 828 Daniele
1952 769 2094 847 sumpta

1 849 33 916 dtr
62 860 198 947 ingens
221 873 292 944 cst,
326 860 423 952 quod
447 881 527 928 cum
550 855 653 928 Darii
674 855 877 946 coniugem,
909 856 1004 927 lilios
1023 870 1059 926 ct
1106 855 1226 933 fuisse.

6 974 33 1039 qt
63 961 162 1030 filias
184 963 370 1052 coepisset,
401 958 539 1029 curavit
561 971 602 1028 ut
626 958 723 1047 regio
745 980 844 1027 more
867 958 1056 1041 alerentur,
1209 953 1405 1048 Praecipue
1425 977 1511 1024 vero
1532 955 1571 1024 in
1591 949 1659 1026 hac
1681 949 1831 1028 historia
1850 957 2093 1027 consideretur

1 1047 103 1131 'bet
134 1060 237 1130 nulla
261 1061 474 1130 contumelia
497 1059 704 1132 afficeretur.
762 1056 870 1147 Quod
895 1055 1056 1128 Persicus
1106 1057 1329 1146 exemplum,
1351 1056 1447 1150 quod
1471 1055 1511 1125 in
1534 1068 1632 1126 tanta
1652 1057 1849 1130 mutatione
1869 1057 2009 1146 generis
2023 1052 2093 1126 hn-

1 1153 30 1218 bt
62 1161 225 1230 nuncius
255 1183 406 1230 narrans
433 1157 559 1244 Dario,
591 1154 649 1229 his
675 1182 757 1228 enm
785 1159 905 1228 verbis
932 1171 1055 1229 ornat:
1105 1157 1203 1228 mani
1219 1156 1315 1228 Deus
1329 1154 1546 1241 Ecclesiam,
1571 1179 1653 1226 cnm
1677 1157 1777 1230 nulla
1797 1153 1920 1229 hahuit
1937 1152 2093 1229 humana

1 1255 29 1320 bi
61 1263 313 1333 Alexandrum
329 1261 413 1332 etin
428 1259 573 1352 praeliis
587 1260 816 1344 acerrimum,
840 1261 926 1330 etin
942 1259 1056 1330 victo·
1105 1258 1299 1350 praesidia,
1323 1258 1516 1329 clementer
1535 1256 1642 1341 texit,
1667 1271 1702 1329 ct
1721 1259 1789 1330 fuit
1810 1257 1999 1330 mediocris
2020 1254 2092 1328 Ec-

2 1381 28 1421 112
61 1363 125 1434 ria
146 1362 353 1434 clementem
369 1384 460 1449 csse,
484 1355 619 1434 Δεινόα
631 1353 867 1456 μαχόμενον,
889 1356 1056 1457 χρηστὸν
1104 1360 1228 1432 clesiae
1243 1359 1483 1453 tranquillitas
1499 1360 1566 1428 sub
1581 1356 1825 1430 Macedonicis
1837 1361 1998 1449 regibus,
2017 1360 2091 1430 lere

1 1471 26 1524 l!
61 1457 108 1535 de*
127 1455 377 1558 κρατήσαντα.
809 1509 811 1517 >
1103 1483 1216 1554 usqne
1236 1462 1281 1530 ad
1297 1455 1470 1532 Antiochi
1485 1453 1687 1553 Epiphanis
1708 1472 1885 1554 tempora,
1910 1473 1949 1532 ut
1971 1473 2091 1552 postea

1 1560 27 1626 ω’
173 1612 311 1701 Quarto
332 1635 428 1682 anno
449 1637 529 1684 cum
546 1607 668 1684 Asiam
691 1626 725 1683 et
741 1607 902 1683 Ciliciam
924 1632 1052 1700 magno
1103 1562 1272 1639 dioemm'

61 1718 191 1787 labore
205 1714 408 1800 domuisset,
432 1712 571 1809 Tyrum
588 1726 667 1803 post
676 1713 820 1802 longam
830 1712 1053 1781 obsidionem
1437 1733 1506 1804 De
1535 1732 1754 1830 demto·
1819 1743 1823 1756 ·

9 1817 24 1861 ⁶
62 1817 218 1909 septimo
247 1837 367 1884 mense
397 1815 526 1905 coepit.
560 1815 624 1884 ubi
647 1827 779 1906 septem
800 1812 912 1882 millia
933 1806 1053 1881 bomi-

9 1919 23 1962 i
61 1943 155 1989 num
179 1916 217 1984 in
241 1917 503 2006 oppugnatione
521 1915 703 1985 interiecta
721 1927 823 1992 sunt,
849 1917 921 1982 drao
938 1911 1052 1982 millia
1105 1963 1114 1982 .
1264 1966 1274 1982 .
1576 1965 1585 1981 .
1895 1965 1904 1982 .
2075 1969 2086 1985 .

0 2020 23 2065 ¹
59 2031 186 2113 postca
209 2017 423 2106 strangulata
446 2028 550 2097 sunt,
575 2015 742 2086 tredecim
760 2015 871 2082 millia
888 2014 926 2082 in
941 2013 1053 2083 servi·
1103 1975 1197 2036 ”uer
1219 1987 1334 2056 pm
1356 1961 1645 2056 ‘walcherum
1662 1959 2088 2055 ¹⁶5¹³⁸²¹¹⁰¹¹⁵h¹¹¹⁰³¹¹¹

1 2122 21 2166 P
58 2134 178 2192 tutem
195 2117 334 2186 redacta
347 2128 441 2187 sunt.
475 2113 571 2184 Haec
584 2114 765 2185 calamitas
780 2111 936 2186 ahEsaia
951 2137 1053 2205 prae-

0 2221 20 2266 ³
58 2221 160 2291 dicta
175 2231 245 2302 est,
267 2216 331 2310 qui
343 2214 427 2309 Cap.
437 2217 498 2289 25.
514 2215 646 2310 iuquit,
670 2214 851 2287 Venturos
865 2236 938 2286 esse
953 2237 1053 2296 even-

11 2331 15 2342 '
59 2341 163 2394 sores
179 2317 269 2414 Tyri
283 2341 325 2388 ex
340 2329 436 2390 terre
450 2315 587 2393 Cittim.

1101 2065 1188 2150 luit,
1219 2078 1256 2136 et
1277 2087 1479 2160 quanquam
1499 2065 1592 2135 bella
1613 2065 1717 2154 gessit
1741 2089 1821 2136 curu
1841 2061 2029 2137 Chaldaeis
2052 2082 2089 2138 et

1101 2163 1278 2260 Assyriis,
1301 2181 1420 2238 tamen
1436 2169 1605 2260 usquead
1620 2165 1756 2236 Persica
1772 2179 1948 2258 tempora,
1972 2191 2088 2238 annos
2136 2181 2163 2230 ι’

1101 2267 1243 2339 circiter
1265 2267 1381 2350 mille,
1406 2289 1545 2358 semper
1564 2267 1712 2338 retinuit
1733 2268 1896 2359 proprios
1913 2291 2027 2356 reges,
2052 2283 2087 2341 et

1101 2380 1258 2439 veterem
1275 2367 1374 2456 regni
1391 2368 1555 2441 sormam.
1596 2361 1796 2462 'Cambyses
1808 2392 1891 2438 vero
1909 2385 1942 2440 et
1957 2371 2087 2440 deinde

6 2541 10 2571 ι
168 2464 258 2536 inde
287 2462 492 2538 Alexander
520 2465 566 2534 ad
595 2461 762 2536 Iudaeam
793 2463 956 2548 accessit,
993 2463 1052 2536 cui
1101 2466 1232 2542 Darius
1254 2490 1363 2558 reguo
1386 2464 1560 2561 Aegyptio
1586 2468 1689 2557 potiti
1712 2482 1805 2544 sunt.
1856 2469 1979 2540 Postea
2004 2495 2086 2540 cerm

1 2628 16 2672 g
58 2574 178 2642 iratus
193 2579 284 2653 erat,
309 2566 392 2660 qnia
408 2563 530 2638 ludaei
542 2564 581 2634 iu
598 2567 784 2638 obsidione
801 2565 891 2661 Tyri
903 2588 1051 2658 respon·
1100 2571 1167 2642 sub
1183 2568 1298 2640 Dario
1315 2563 1435 2641 Notbo
1457 2567 1656 2652 deiecisset,
1678 2568 1817 2639 difficili
1840 2571 1935 2638 bello
1953 2573 2085 2662 recepit

0 2747 2 2750 ,
58 2675 229 2755 demut,-
257 2690 294 2738 se
331 2689 505 2738 memores
540 2690 752 2758 magnorum
787 2665 1052 2753 beneficiorum,
1099 2694 1177 2742 earn
1190 2665 1336 2756 Ochus,
1360 2684 1395 2742 et
1411 2692 1574 2760 magnam
1590 2669 1641 2740 ibi
1659 2669 1901 2742 crudelitatem
1918 2673 2084 2748 exercuit.

59 2793 157 2867 quae
179 2793 200 2839 a
220 2767 361 2858 regibus
376 2765 526 2838 Persicis
539 2781 763 2858 acceperant,
787 2762 881 2837 nihil
895 2767 1051 2839 facturos
1099 2771 1187 2844 tute
1210 2785 1329 2843 autem
1354 2771 1473 2842 ultimi
1495 2767 1597 2844 Darii
1627 2783 1785 2863 tempore
1813 2771 2007 2859 praelectus
2032 2771 2085 2842 ibi

58 2895 140 2947 esse
161 2882 283 2941 contra
305 2891 375 2938 eos.
424 2865 516 2939 Cum
531 2880 648 2939 autem
663 2866 761 2963 Tyro
777 2880 876 2958 capta
894 2865 1051 2937 Alexan·
1099 2871 1284 2958 Mazabes,
1308 2871 1476 2966 quicum
1500 2871 1622 2951 sciret,
1648 2867 1842 2966 Aegyptios
1863 2873 1979 2941 odisse
1996 2871 2085 2942 Per-

59 2978 130 3044 der
151 2971 190 3039 in
205 2968 372 3040 iudaeam
394 2969 563 3055 venisset,
588 2968 788 3062 placaturus
804 2993 884 3040 eum
900 2960 1050 3040 Iaddus
1099 2973 1211 3046 sicum
1239 2971 1447 3066 imperium,
1477 2984 1513 3041 et
1537 2970 1620 3066 quia
1645 2974 1689 3040 ad
1711 2973 1904 3042 arcendum
1928 2971 2084 3042 Alexan·-

59 3094 224 3146 summus
248 3071 429 3155 sacerdos,
451 3083 599 3141 ornatus
614 3083 708 3139 veste
722 3068 950 3154 sacerdotali,
967 3093 1048 3141 curn
1099 3077 1204 3146 drum
1226 3073 1422 3165 imparatus
1444 3086 1555 3158 esset,
1576 3072 1735 3142 venienti
1758 3095 1800 3143 ex
1819 3071 1923 3167 Syria
1945 3074 2084 3145 dedidit

57 3186 168 3246 coetu
202 3170 423 3241 sacerdotum
454 3183 490 3240 et
518 3171 699 3241 seniorum
727 3171 896 3262 processit
923 3170 956 3240 ei
981 3171 1049 3242 ob·
1099 3197 1173 3247 sese
1194 3187 1228 3246 et
1250 3167 1451 3270 Aegyptum
1472 3173 1548 3244 sine
1566 3173 1769 3246 certamine.
1829 3169 1884 3244 lta
1904 3187 2084 3247 vetustum

1 3285 2 3294 ’
57 3276 178 3357 viam,
205 3285 379 3363 asparem
402 3271 538 3360 petivit.
588 3269 644 3341 lbi
663 3271 866 3342 Alexander
884 3271 932 3339 de
954 3294 1046 3363 equo
1098 3289 1133 3348 et
1147 3274 1356 3369 opulentum
1371 3271 1728 3364 regunmAlexander
1740 3275 1935 3366 occupavit,
1958 3289 1995 3348 et
2008 3275 2084 3346 lor·

56 3374 278 3447 descendeus
309 3393 487 3439 summum
517 3373 732 3440 sacerdotem
762 3382 964 3440 reverenter
991 3393 1048 3438 sa·
1097 3381 1223 3446 tunam
1242 3375 1418 3465 sapienter
1438 3377 1642 3446 moderatus
1663 3388 1735 3456 est,
1761 3377 2004 3448 nonmutavit
2020 3401 2084 3446 ve·

1205 1860 1371 1953 Regnum
1398 1857 1637 1959 Aegyptium,
1672 1877 1712 1954 ut
1738 1863 2000 1955 supradictum
2025 1879 2089 1952 est,
2227 1874 2230 1883 '

53 3477 171 3558 lutat,
192 3486 226 3544 et
248 3493 369 3565 pacem
389 3469 576 3562 promittit.
627 3471 747 3541 Duces
760 3469 975 3540 admirantes
989 3469 1048 3538 in-
1095 3488 1206 3547 terem
1220 3475 1372 3544 formam
1389 3473 1674 3564 gubernationis,
1697 3477 1758 3544 sed
1777 3475 1886 3547 veteri
1901 3475 2083 3548 moreNo-
2227 3477 2229 3487 ’

56 3588 265 3663 terrogant,
291 3594 355 3642 cur
377 3583 475 3642 tauto
492 3565 630 3641 honore
645 3566 742 3642 huuc
756 3571 971 3641 sacerdotem
987 3593 1047 3641 cx·
1094 3570 1258 3648 marchas
1276 3575 1378 3659 iecit,
1409 3587 1445 3646 et
1466 3576 1610 3668 quidem
1631 3571 1842 3669 Aegyptios,
1867 3598 1932 3646 nec
1952 3577 2017 3646 uni
2039 3601 2082 3648 ex

55 3673 220 3767 ceperit?
249 3671 391 3761 Quibus
404 3673 608 3763 respondet,
633 3695 669 3742 se
686 3672 725 3741 in
739 3669 950 3743 Macedonia
964 3685 1046 3741 ante
1094 3676 1169 3747 suis
1189 3677 1450 3747 commendarit
1471 3675 1629 3746 universi
1653 3677 1755 3766 regni
1775 3677 2083 3766 gubernationem,
2111 3681 2113 3686 '

53 3777 197 3848 bellum
221 3772 455 3844 dormientem
477 3773 608 3844 vidisse
627 3773 732 3844 telem
754 3773 906 3866 speciem
926 3773 1046 3843 numi·
1093 3780 1154 3851 sed
1179 3776 1354 3869 praesidia
1378 3777 1549 3868 imposuit
1570 3777 1719 3847 diversis
1741 3776 1848 3864 locis,
1871 3791 1907 3848 et
1929 3773 1986 3849 his
2008 3779 2080 3848 du-

54 3877 135 3962 nis,
172 3887 334 3946 ornatam
370 3872 481 3943 simili
519 3887 632 3959 reste,
666 3884 852 3944 vocantem
888 3895 968 3943 eum
1004 3872 1045 3944 in
1093 3892 1207 3949 ctores
1227 3877 1411 3970 praefecit,
1434 3877 1532 3970 pacis
1551 3878 1704 3948 tuendae
1720 3899 1837 3950 causa.
1887 3877 1942 3950 Ac
1959 3879 2082 3952 scribit

52 3977 202 4058 Asiam,
242 3986 278 4047 et
305 3973 509 4060 iubentem,
545 3987 587 4046 ut
613 3973 748 4046 bellum
773 3985 894 4044 contra
919 3971 1045 4044 Persas
1091 3978 1288 4064 Arrianus,
1310 3979 1450 4051 additos
1462 4001 1535 4051 esse
1550 3980 1643 4052 duos
1656 3980 1882 4072 inspectores,
1906 4003 1997 4074 quos
2010 4004 2079 4051 no-

54 4086 242 4162 moveret,
266 4085 300 4144 et
324 4075 482 4147 dextram
503 4075 763 4166 porrigentem,
787 4088 956 4167 tanquam
976 4075 1045 4146 du·
1093 4079 1246 4152 minavit
1268 4073 1488 4178 Episcopus.
1526 4077 1650 4170 'Quae
1672 4081 1794 4151 omnia
1813 4081 1864 4152 sic
1886 4083 2079 4153 constituta

55 4178 218 4252 ctricem.
266 4171 357 4246 Eius
376 4174 503 4269 speciei
521 4199 603 4247 cum
626 4175 754 4248 viderit
769 4169 867 4249 bunc
881 4177 1044 4247 sacerdo-
1092 4193 1196 4267 sunt,
1220 4203 1266 4252 ns
1280 4181 1311 4250 si
1324 4203 1418 4252 unns
1434 4193 1521 4251 esset
1535 4203 1694 4251 summus
1708 4182 1932 4270 gubernator,
1959 4204 2078 4272 regem

53 4295 129 4352 tem
155 4275 309 4349 similem
331 4298 422 4364 csse,
451 4275 651 4348 existimare
673 4299 730 4364 se,
754 4271 851 4346 huuc
869 4277 1043 4368 populum
1092 4304 1130 4352 se
1151 4283 1291 4356 faceret.
1340 4277 1391 4354 Et
1406 4282 1493 4354 dicit
1508 4278 1700 4366 Arrianus,
1724 4278 1907 4354 Romanos
1923 4281 2078 4353 Alexan-

52 4379 135 4452 Deo
164 4400 270 4448 curae
289 4398 382 4462 esse,
411 4399 518 4470 seque
537 4377 583 4446 ab
605 4371 713 4448 huius
734 4375 859 4470 populi
878 4371 955 4448 Deo
978 4379 1044 4449 ad-
1092 4381 1149 4452 dri
1171 4382 1361 4452 consilium
1383 4394 1503 4472 postea
1526 4380 1567 4450 iu
1581 4377 1732 4476 Aegypti
1750 4383 2006 4470 gubernatione
2021 4407 2078 4454 se-

54 4481 175 4552 iutum
197 4499 290 4562 esse,
314 4500 423 4572 quare
443 4477 477 4546 ei
492 4499 636 4568 parcere
653 4491 687 4548 et
701 4477 906 4549 benefacere
921 4479 1044 4550 decre-
1091 4497 1222 4578 quator
1244 4505 1330 4557 esse,
1380 4480 1433 4553 lta
1458 4495 1558 4554 vetus
1573 4481 1737 4554 doctrina
1752 4483 1792 4551 in
1809 4507 1851 4553 eo
1865 4506 1974 4574 regna
1989 4507 2078 4554 con.

52 4581 175 4651 visset.
239 4574 364 4650 Postea
395 4571 619 4669 hospitaliter
649 4590 814 4670 exceptus
836 4577 970 4650 tributa
996 4579 1042 4651 ah
1091 4596 1227 4655 servata
1255 4596 1309 4654 cst
1334 4581 1418 4653 iude
1445 4605 1557 4676 usque
1582 4578 1749 4674 sloseph
1771 4585 1817 4654 ad
1836 4580 2077 4655 Mahometica

51 4673 165 4753 Ocho
182 4691 337 4774 tyranno
357 4677 521 4772 imposita
533 4677 687 4764 remisit,
709 4679 923 4770 compescuit
936 4677 1041 4752 etiam
1090 4697 1268 4776 tempora,
1292 4683 1397 4754 annis
1417 4682 1497 4776 plus
1518 4683 1660 4755 dnobus
1679 4683 1849 4757 millibus.
1898 4684 2079 4757 scribitur

53 4779 194 4852 vicinos
214 4779 253 4849 in
268 4775 447 4864 Samaria,
472 4779 536 4876 qui
554 4780 722 4852 adversus
740 4758 888 4850 ludaeos
902 4782 1042 4852 tumul·
1090 4800 1125 4858 et
1151 4784 1287 4858 reditus
1302 4778 1506 4856 Alexandro
1531 4783 1706 4856 indicatos
1728 4807 1802 4856 esse
1818 4807 1877 4856 sex
1891 4784 2004 4857 millia
2021 4799 2076 4878 taff

54 4883 264 4955 tuebantur.
311 4875 494 4951 Credibile
515 4891 567 4952 est
586 4879 713 4966 etiam,
746 4901 906 4952 narrasse
925 4903 1041 4953 sacer-
1089 4887 1290 4974 lentorum,
1314 4887 1440 4980 idest,
1463 4911 1524 4958 ses
1536 4899 1572 4960 et
1586 4885 1730 4978 triginta
1745 4899 1876 4958 tonnas
1891 4885 1983 4964 auri.

53 4986 158 5056 dotes
172 4977 376 5052 Alexandro
390 4976 549 5052 Danielis
560 4980 855 5074 praedictionem,
881 4981 943 5076 qui
958 4997 1041 5057 ante
1537 5055 1546 5074 ,

53 5107 173 5156 anuos
191 5079 268 5154 200
295 5080 506 5151 vaticinatus
536 5083 670 5168 luerat,
708 5086 832 5172 'regem
861 5080 1039 5154 Graecum
1171 5127 1176 5134 -
1286 5053 1355 5128 9⁶
1380 5053 1574 5148 Pi⁰⁰l⁸⁰
1602 5049 1661 5127 “a
1688 5049 1875 5129 Aetate.

52 5183 255 5279 potiturum
274 5203 348 5252 esre
363 5178 514 5274 imperio
531 5179 686 5258 Persico.
735 5177 784 5256 Et
798 5207 873 5254 uon
888 5183 1040 5257 dubium
1189 5181 1392 5259 Constituto
1414 5206 1525 5276 reguo
1547 5178 1700 5280 Aegypti
1722 5207 1765 5256 es
1786 5187 1876 5259 urbe
1899 5181 2076 5280 Memphi,

52 5298 125 5373 est,
158 5285 205 5357 de
233 5276 299 5354 hac
319 5293 417 5355 tants
436 5281 575 5374 generis
597 5276 748 5356 humaui
766 5285 962 5362 mutatione
982 5309 1039 5363 st-
1088 5309 1178 5381 quac
1199 5310 1297 5360 nunc
1318 5301 1372 5361 cst
1386 5281 1589 5374 Alcaimm,
1612 5287 1719 5358 rediit
1732 5283 1937 5362 Alexander
1953 5288 1991 5356 in
2004 5287 2074 5384 sy-

51 5387 193 5480 pientes
204 5383 316 5457 multa
332 5383 528 5458 collocutos
541 5405 624 5461 esse.
902 5431 906 5436 -
1088 5389 1176 5459 riam
1184 5442 1196 5477 ,
1240 5411 1335 5488 anuo
1373 5401 1469 5464 sexto
1507 5401 1695 5483 postquam
1724 5402 2072 5488 regnaresscoeperat.
