4696 5820
267 283 360 362 m,
735 247 1827 358 onon.nassunrrsvnr.rn1nosorra
2225 287 2327 366 sco

374 444 544 542 Quotidie
555 439 640 516 Das
653 436 826 516 Ernestns
843 455 928 514 ante
952 455 1089 516 caetera
1111 441 1257 533 negocia
1308 443 1489 535 singulare
1511 445 1584 520 Dei
1609 470 1700 540 opns
1726 460 1762 519 et
1784 447 1964 540 singulare
1982 449 2193 526 mnndum
2216 477 2327 532 esse,

275 569 385 629 certas
399 547 624 643 precationes
642 542 809 616 recitabat
830 555 930 615 tento
953 545 1064 616 animi
1085 555 1197 628 motu,
1215 553 1258 614 nt
1308 543 1496 619 Praeterea
1524 560 1559 619 et
1578 548 1736 641 exempla
1755 548 1868 642 ipsius
1889 564 2041 642 prosunt
2061 553 2232 626 omnibns
2267 561 2325 634 ad

276 655 426 750 gemitus
452 651 527 720 eins
547 671 570 718 a
593 645 716 716 multis
739 644 1009 729 exaudirentur,
1042 644 1195 714 addebat
1224 653 1260 726 et
1310 647 1700 723 commoneisetionem.
1758 645 1949 722 Imitentur
1977 651 2200 742 singulisne
2224 657 2324 728 loro

233 840 238 851 ,
277 756 464 830 lectionem
480 743 768 841 propheticorum
788 757 823 814 et
846 745 1121 836 apostolicorum
1143 743 1259 813 libro·
1310 747 1403 818 tanti
1417 746 1595 838 Principis
1615 749 1836 839 diligentiam
1857 751 1896 820 in
1920 755 2019 821 omni
2038 751 2172 836 officio,
2198 779 2323 846 prae.

281 881 379 936 cum,
403 851 484 924 aliis
498 845 614 933 boris,
639 869 718 916 cum
734 867 808 915 non
822 845 1082 936 impediebatur
1101 842 1260 915 consiliis
1312 845 1431 939 cipue'
1442 872 1525 918 vero
1538 847 1623 928 lilii,
1649 871 1739 942 qnos
1753 871 1855 942 spero
1871 847 1948 923 Deo
1966 873 2070 924 curae
2084 851 2178 941 lore,
2205 857 2324 928 iuxta

280 953 453 1052 publicis,
486 949 571 1040 legit
590 947 648 1039 pie
669 947 796 1036 scripta
819 941 1039 1036 theologica,
1063 945 1265 1040 delectaba7
1312 949 1465 1031 dictum,
1492 946 1626 1018 Generi
1641 961 1818 1022 rectorum
1833 952 2081 1036 benedicetur,
2104 965 2139 1022 et
2155 953 2323 1028 ntDeus

282 1077 342 1132 tur
354 1057 463 1126 facete
477 1049 592 1134 dictis,
613 1059 649 1117 et
661 1059 701 1118 ut
719 1060 793 1116 erat
807 1065 927 1116 amans
946 1045 1090 1118 candidi
1103 1045 1197 1129 salis,
1213 1045 1263 1115 its
1312 1047 1405 1118 filios
1419 1045 1529 1120 Ducit
1544 1043 1707 1134 Ernesti,
1732 1061 1766 1120 et
1781 1051 1928 1142 patriam
1944 1053 2119 1142 gubernet
2134 1069 2170 1128 et
2183 1071 2322 1150 prote.

284 1158 438 1230 maxime
471 1149 708 1222 detestabatur
738 1147 851 1216 libros
883 1148 1029 1218 refertos
1053 1145 1263 1218 scurrilibus
1313 1161 1389 1237 gat,
1412 1160 1487 1219 toto
1503 1170 1584 1219 eum
1600 1161 1741 1240 pertore
1755 1174 1833 1228 oro.
1883 1147 1981 1240 Dixi.

286 1253 457 1336 conviciis
472 1264 508 1321 et
520 1263 596 1321 atro
610 1249 693 1318 sale.
741 1243 916 1318 Historias
937 1246 1023 1338 legit
1049 1245 1263 1329 avidissime,

288 1377 323 1432 et
346 1377 447 1446 saepe
470 1351 610 1422 dicebat
632 1349 677 1417 ad
698 1347 827 1418 multas
847 1370 903 1418 res
926 1346 1154 1438 inreligiose
1168 1357 1204 1417 et
1224 1344 1265 1413 in
1324 1365 2318 1402 -·--—-————-—----—----.--.

290 1454 448 1532 consiliis
461 1449 612 1545 publicis
626 1471 699 1518 rem
723 1448 954 1520 necessariam
975 1470 1066 1533 esse,
1091 1469 1194 1518 nosse
1209 1469 1266 1516 se·
1705 1457 1707 1462 ·

290 1563 378 1632 riem
393 1552 551 1626 omnium
565 1561 764 1638 temporum
779 1561 814 1618 et
825 1543 1112 1618 monarchiarum
1129 1559 1164 1618 et
1178 1545 1268 1616 alio-
1325 1527 1502 1656 Q
2089 1564 2092 1570 ¹
2108 1565 2158 1608 sn.
2185 1543 2296 1615 1557.

290 1684 370 1734 rum
380 1674 574 1744 regnorum
588 1649 764 1724 ordinem.
802 1647 1039 1723 Beneficentia
1056 1671 1137 1739 erga
1150 1642 1269 1717 bomi-
1728 1671 1732 1680 ·
1967 1703 1971 1712 ,
2094 1631 2320 1670 Μ

289 1783 353 1832 nes
371 1758 547 1828 modestos
568 1774 651 1822 vere
674 1761 812 1838 egenter
831 1749 869 1820 in
885 1747 1049 1842 Principe
1064 1761 1099 1820 et
1120 1747 1270 1838 coniuge
1326 1755 1332 1766 '
1485 1758 1562 1846 ΠΒ
1587 1757 1755 1846 „tum-3
1780 1771 1865 1849 vet·
1886 1763 2143 1880 philosoph·

292 1863 367 1934 siue
382 1855 547 1930 sordibus
567 1863 655 1922 erat.
703 1845 866 1944 Denique
889 1862 962 1921 tota
975 1848 1167 1922 domestica
1183 1870 1271 1918 con-

292 1958 441 2034 suetudo
474 1950 584 2024 Ducis
622 1945 784 2030 Ernesti,
822 1948 1001 2039 coniugis,
1040 1950 1195 2020 liliorum
1238 1955 1279 2018 et'
1390 1933 1631 2060 S‘fffffldgffll
1652 1935 1752 2062 Ἥ·
1771 1937 1940 2014 buhun·
1963 1941 2189 2004 servamus.
2208 1963 2241 2017 r·
2254 1947 2320 2004 666.

292 2057 446 2131 filiarum
466 2067 543 2125 erat
557 2049 716 2122 Ecclesia
730 2047 817 2135 Dei,
841 2064 877 2121 et
896 2046 1043 2142 pulchra
1068 2044 1189 2121 schola
1205 2049 1272 2118 do-
1324 2086 1329 2104 =
1545 2041 1554 2062 ⁶
1592 2040 1605 2110 '.
1629 2021 1682 2076 ‘⁹'

212 2265 217 2276 „
293 2161 497 2270 ruinarum,
509 2167 545 2224 01
566 2151 749 2268 virentum
799 2149 1044 2269 FPWPW
1057 2146 1138 2220 ΒΜ
1155 2143 1273 2266 Ῑξωθζ
1324 2183 1453 2252 orosto
1482 2178 1530 2251 de
1549 2177 1689 2253 studiis
1708 2185 1848 2254 ueteris
1864 2179 2148 2276 philosophiae,
2189 2197 2231 2258 et
2258 2187 2320 2260 'de

294 2277 369 2334 stus
394 2257 515 2328 ‘⁰⁰¹¹ss
545 2273 683 2342 ΜΕΝ*
711 2251 920 2336 l¹¹²¹¹²¹h¹¹⁵2
952 2274 1103 2344 ‘lunum
1137 2261 1275 2322 ΜΝ
1322 2285 1551 2354 meramors
1569 2280 1783 2368 meantium
1801 2287 1901 2354 intes·
1916 2291 1972 2354 tot
1987 2275 2217 2358 mutationes
2232 2295 2320 2361 lm·

296 2381 383 2456 quas
399 2370 526 2427 natura
536 2346 780 2472 inchoaverat,
799 2364 923 2470 umen
932 2353 1015 2424 illae
1031 2351 1181 2422 maiores
1197 2348 1280 2468 iun.
1320 2371 1548 2476 pen-mm·
1561 2388 1720 2456 ,mma
1740 2405 1766 2454 a
1779 2385 1828 2455 D·
1850 2387 2061 2478 pappam
2086 2392 2319 2478 ΗΜΘΝ,

175 2511 179 2520 .
297 2475 403 2538 runt,
426 2477 515 2550 quae
533 2478 573 2523 ιιι
597 2475 639 2522 eo
653 2474 717 2544 per
728 2449 843 2521 fillum
856 2449 925 2523 Des
940 2477 1024 2523 voce
1039 2447 1227 2540 Evangelii
1241 2462 1276 2520 et
1701 2507 1800 2556 mm,
1826 2480 1937 2560 15570

296 2559 434 2652 Spiritu
454 2568 572 2628 sancto
589 2573 752 2622 accensae
766 2552 931 2641 luerunt,
954 2574 1039 2625 vera
1051 2551 1112 2626 lus
1128 2565 1161 2622 et
1175 2549 1277 2640 agni·

295 2664 346 2735 tio
361 2658 448 2741 Dei,
473 2679 556 2724 vera
581 2653 782 2736 invocatio,
804 2652 890 2724 lides
915 2665 949 2724 et
963 2651 1092 2724 fiducia
1107 2647 1194 2732 Dei,
1219 2650 1277 2720 di·
1326 2631 1377 2722 Εἰ
1390 2649 1606 2744 optimamm
1623 2651 1752 2724 artium
1770 2651 1905 2736 studia,
1928 2673 2019 2745 qnae
2032 2654 2077 2724 ad
2095 2651 2239 2723 ruinam
2256 2656 2317 2724 in·

296 2761 402 2836 lectio
420 2756 506 2839 Dei,
531 2751 644 2824 animi
667 2751 856 2837 celsitudo,
874 2753 1060 2826 assiduitas
1081 2764 1117 2823 et
1137 2751 1277 2824 iusticia
1327 2749 1456 2824 clinata
1469 2751 1695 2844 praecipitem
1711 2752 1848 2843 trepide
1861 2748 2005 2837 nutant,
2028 2754 2130 2846 qnasi
2144 2754 2216 2824 iam
2240 2755 2314 2824 iam

296 2865 337 2932 in
357 2855 628 2949 gubernatione,
659 2851 854 2924 moderatio
879 2854 990 2924 animi
1005 2852 1043 2923 in
1060 2851 1277 2944 perferendis
1325 2853 1482 2935 ruitura,
1505 2864 1627 2922 nostra
1648 2855 1759 2940 magis
1774 2853 1877 2938 culpa
1891 2852 2020 2922 collabi
2034 2855 2190 2923 viderem
2207 2867 2316 2948 atque

296 2960 460 3038 iniuriis,
485 2979 531 3026 ne
544 2947 759 3047 Respublica
774 2968 994 3036 moveretur,
1019 2951 1180 3037 castitas,
1204 2949 1277 3020 Ne·
1327 2950 1492 3035 interire,
1518 2973 1622 3044 qnam
1637 2952 1711 3022 lato
1731 2952 1858 3022 mnndi
1871 2975 1935 3022 ceu
1949 2949 2167 3028 fathiscentis
2180 2968 2312 3026 conato

296 3060 463 3132 mesis'ac
482 3055 578 3125 zelus
599 3053 638 3123 in
659 3049 851 3143 puniendis
872 3053 1058 3126 sceleratis.
1117 3047 1165 3122 Et
1190 3045 1278 3121 haec
1328 3073 1506 3143 supremo,
1522 3051 1716 3145 delyroque
1731 3052 1830 3122 senio
1845 3065 1879 3124 et
1894 3052 2036 3125 fastidio
2051 3053 2202 3125 delicato
2217 3054 2313 3146 opti·

297 3165 392 3240 dona
424 3179 485 3227 sna
507 3153 604 3225 Dens
632 3152 773 3222 ornavit
791 3151 979 3224 loelicitate
1006 3153 1046 3220 in
1070 3165 1142 3224 tota
1165 3149 1278 3242 ipsius
1327 3175 1385 3222 ma
1402 3173 1562 3244 quaeque
1581 3153 1797 3243 respuentis,
1822 3166 1857 3223 et
1872 3152 2066 3232 calamitate
2079 3155 2315 3226 turbulentis-

299 3263 391 3343 vite,
414 3279 504 3349 quae
527 3252 691 3346 congruit
714 3253 889 3340 regulam:
921 3248 1080 3348 βέβαιον
1102 3248 1189 3333 ἕξεις
1209 3245 1278 3323 τὸν
1330 3251 1501 3322 simorum
1515 3264 1732 3343 temporum,
1757 3253 1796 3321 in
1813 3276 1903 3346 qnae
1917 3266 2012 3324 aetas
2031 3265 2153 3324 nostra
2173 3255 2313 3338 incidit,

299 3355 391 3455 βίον
406 3352 547 3434 δίκαιος
561 3349 626 3424 ὤν.
678 3347 838 3424 Timenti
852 3348 1047 3425 Dominum
1076 3375 1150 3422 non
1167 3351 1278 3424 deerit
1328 3375 1403 3422 non
1424 3369 1561 3442 possem
1584 3376 1657 3422 non
1679 3354 1897 3446 prospiciens
1911 3355 2212 3448 praemetiensque
2228 3358 2312 3426 bar-

301 3462 416 3531 ullum
441 3457 593 3526 bonnm:
625 3452 692 3522 tuit
713 3446 781 3521 hoc
805 3477 946 3548 quoqpe
965 3450 1035 3524 Dei
1057 3451 1279 3537 beneficium,
1327 3451 1464 3522 basiem
1479 3453 1586 3544 paulo
1608 3465 1687 3543 post
1702 3465 1948 3545 sequuturam,
1970 3457 2185 3526 commoveri
2202 3452 2311 3526 rebe·

300 3561 396 3656 quod
411 3570 545 3628 anteex
563 3549 628 3624 hac
644 3550 769 3622 vitain
782 3545 974 3624 Ecclesiam
991 3555 1175 3622 coelestem
1192 3553 1280 3621 edu·
1328 3549 1483 3620 mentius
1506 3552 1627 3622 animo
1652 3575 1752 3642 meo,
1793 3553 2064 3646 perturbarique
2087 3567 2123 3626 et
2142 3557 2248 3648 queri
2269 3559 2311 3624 de

300 3677 376 3732 ctus
392 3673 456 3736 cst,
481 3677 588 3751 quarn
602 3652 737 3725 bellum
753 3652 877 3724 intulit
887 3649 1036 3724 Carolus
1052 3650 1279 3742 Principibus
1328 3651 1431 3743 culpa
1445 3663 1566 3722 nostra
1585 3651 1736 3742 gravius.
1785 3651 1908 3745 Neque
1926 3654 2022 3722 enirn
2045 3667 2107 3726 aut
2128 3657 2234 3728 nobis
2256 3658 2310 3724 in-

299 3760 468 3849 amplesis
493 3754 691 3826 doctrinam
705 3747 943 3822 Ecclesiarurn
966 3765 1179 3824 nostrarum.
1230 3748 1279 3824 Ut
1328 3751 1472 3841 dignius
1501 3752 1599 3822 aliud
1629 3751 1948 3839 committeremus,
1986 3767 2048 3825 aut
2079 3757 2310 3845 perniciosius

301 3860 398 3931 enim
416 3857 586 3949 scriptum
608 3865 681 3935 est,
705 3847 793 3921 lusti
813 3853 1050 3942 colliguntur,
1075 3874 1121 3920 ne
1135 3851 1280 3922 videant
1329 3850 1451 3941 generi
1465 3846 1643 3937 humano,
1669 3853 1820 3946 quamsi
1835 3875 1939 3946 quesn
1957 3852 2108 3926 maiores
2124 3859 2252 3940 nostri,
2277 3869 2309 3924 et

300 3972 448 4029 ventura
462 3955 573 4036 mala,
595 3953 647 4020 sio
662 3965 697 4022 et
711 3950 827 4040 ipsum
844 3947 940 4022 Dens
955 3951 1150 4044 praeripuit
1163 3950 1207 4021 iis
1221 3974 1280 4041 ca-
1327 3962 1570 4044 preeceptores
1582 3951 1649 4022 Dei
1665 3953 1834 4024 beneficio
1848 3964 1883 4023 et
1896 3954 2017 4038 ductu,
2043 3955 2234 4050 studioque
2247 3979 2308 4028 suo

300 4055 538 4140 lamitatibus,
563 4074 652 4145 quae
674 4073 757 4120 mos
776 4064 855 4142 post
880 4051 954 4122 eius
978 4063 1129 4122 mortem
1143 4063 1280 4122 secutae
1329 4065 1363 4123 et
1376 4053 1497 4122 labore
1514 4047 1763 4143 compararunt
1784 4075 1903 4124 amore
1925 4055 2059 4144 gloriae
2074 4052 2160 4142 Dei,
2186 4072 2222 4130 et
2244 4082 2308 4126 nn-

300 4171 402 4242 snnt,
428 4157 466 4225 in
492 4154 620 4248 quibus
640 4151 671 4220 si
694 4149 839 4222 consilia
873 4149 949 4222 eins
978 4164 1092 4243 spreta
1121 4151 1280 4236 luissent,
1328 4150 1392 4222 stri
1406 4173 1447 4249 ac
1460 4151 1684 4223 dulcissimae
1698 4153 1910 4246 posteritatis
1924 4178 2007 4225 cura
2022 4150 2227 4228 thesaurum
2245 4159 2307 4228 bo·

300 4273 363 4340 ant
378 4255 485 4327 simul
500 4255 573 4347 ipse
587 4272 775 4344 oppressus
792 4264 899 4336 esset,
923 4263 984 4323 sut
1006 4251 1141 4341 ingenti
1157 4252 1280 4323 dolore
1328 4270 1464 4322 narum'
1474 4251 1623 4337 artium,
1649 4265 1683 4322 ct
1698 4256 1870 4324 tuendum
1890 4255 1996 4326 nobis
2011 4256 2243 4332 excolendum
2258 4271 2307 4328 at-

301 4362 456 4430 adfectns
471 4367 570 4440 esset,
585 4364 728 4444 propter
743 4349 1109 4442 amicosetRempub.
1146 4351 1279 4422 Memi·
1329 4376 1399 4445 qne
1423 4351 1710 4444 amplificandum
1731 4368 1853 4425 sancts
1872 4377 1913 4425 ac
1940 4356 2103 4446 religiosa
2133 4359 2200 4428 lide
2232 4372 2306 4429 tan·

301 4461 420 4530 nimus
437 4457 533 4526 enirn
554 4463 688 4547 quanto
712 4451 750 4520 in
773 4450 897 4522 dolore
917 4475 1018 4543 saepe
1042 4451 1170 4532 fuerit,
1199 4475 1280 4526 cum
1329 4475 1435 4544 quarn
1458 4454 1657 4546 depositum
1688 4455 1763 4526 iure
1792 4449 2029 4528 haereditario
2054 4459 2236 4550 pertinens
2262 4455 2305 4526 sd

301 4563 340 4631 in
356 4555 522 4632 Ecclesiis
538 4553 685 4624 offensio
701 4551 817 4645 aliqua
834 4553 972 4625 accidit.
1330 4565 1487 4644 posteros
1508 4555 1817 4624 commendarunt:
1842 4577 1924 4629 enm
1943 4569 2145 4647 pateremur
2167 4561 2223 4632 vel
2244 4559 2305 4638 liae

401 4657 505 4732 Hanc
520 4652 631 4726 Ducis
645 4649 788 4724 Ernesti
809 4651 951 4721 brevem
970 4647 1152 4724 historiam
1167 4673 1209 4723 eo
1224 4673 1280 4722 re·
1328 4652 1453 4743 gitiose
1475 4655 1701 4745 negligendo,
1721 4654 1896 4725 culturam
1915 4656 2064 4742 artium,
2093 4661 2249 4738 recidere
2267 4657 2303 4724 in

302 4760 426 4842 citari,
450 4773 489 4830 nt
511 4757 630 4849 plnres
653 4752 765 4822 sciant
786 4751 825 4820 in
847 4749 1158 4824 nostrisErelesiis
1173 4752 1280 4823 talem
1330 4753 1450 4824 sordes
1472 4767 1506 4826 et
1528 4755 1727 4848 squalorem
1749 4754 1919 4846 pristinae
1940 4757 2138 4846 barbariei,
2168 4761 2212 4832 de
2238 4779 2302 4851 qus

300 4860 408 4932 luisse
424 4857 645 4948 Principem,
671 4851 771 4922 cuius
792 4851 865 4922 vita
888 4863 1036 4923 testatur
1049 4875 1129 4924 eum
1146 4852 1280 4924 iudicio
1328 4851 1389 4929 vix
1403 4855 1565 4941 emersit,
1591 4855 1648 4924 vel
1661 4877 1737 4925 non
1753 4854 1971 4928 adversando
1986 4858 2222 4933 fraudulentis
2232 4857 2303 4952 Hy·

300 4975 335 5032 et
352 4981 432 5028 vera
455 4959 583 5049 pietate
607 4952 806 5026 doctrinam
818 4946 1058 5024 Ecclesiarum
1078 4965 1280 5026 nosuarnm
1328 4953 1544 5046 petritarum
1577 4955 1841 5040 molitionibus,
1885 4956 1988 5028 foede
2020 4960 2230 5050 deformari,
2271 4969 2302 5028 et

300 5059 500 5150 amplexum
524 5077 608 5125 esses
1330 5051 1453 5149 inique
1467 5056 1574 5126 obrui
1587 5069 1693 5149 atque
1708 5054 1862 5148 opprimi
1877 5058 2074 5150 praestigiis
2085 5063 2195 5140 islsis.

400 5154 474 5228 Nos
495 5171 635 5249 qnoque
656 5154 775 5226 Denm
797 5165 916 5245 gratos
939 5151 1116 5226 celebrare
1148 5154 1280 5227 instnrn
1431 5153 1502 5226 Sed
1527 5169 1654 5248 urgent
1678 5156 1795 5228 studia
1816 5158 1963 5251 quidem
1985 5155 2074 5234 haec
2093 5177 2215 5238 nostra
2235 5153 2298 5234 lats

300 5276 371 5344 est,
398 5259 494 5351 quod
509 5255 647 5348 aliquos
660 5256 804 5347 praebet
819 5253 987 5327 salutares
998 5251 1196 5347 Principes,
1216 5279 1229 5322 1
1243 5277 1281 5324 e·
1330 5256 1456 5326 mundi
1469 5257 1701 5343 senescentis,
1725 5281 1815 5351 qnae
1828 5255 2006 5332 Dominus
2019 5275 2054 5336 et
2068 5261 2229 5338 Salvator
2241 5285 2299 5334 uo·

299 5385 366 5457 qne
388 5358 485 5430 enim
510 5354 659 5430 dubium
689 5367 740 5428 est
768 5356 958 5429 salutarem
988 5357 1281 5456 gubernationem,
1328 5367 1399 5455 933⁸,
1415 5353 1513 5457 lesus
1528 5353 1692 5432 Christus
1712 5358 1869 5434 decursis
1881 5363 2009 5435 seculis
2023 5377 2058 5438 et
2071 5367 2220 5460 periodo
2237 5363 2297 5438 cir-
