4726 5828
238 279 288 351 ar
899 374 902 380 Ι
970 269 1132 350 once
1172 269 1247 346 ne
1283 268 1533 348 unione.
2215 281 2266 356 rr

340 443 432 524 ‚Cum
450 456 566 515 autem
591 439 701 512 inhio
718 442 966 532 congruum
983 457 1045 516 aut
1061 439 1230 515 historiae
1279 455 1375 514 cont.
1433 441 1505 514 Nec
1528 443 1736 516 incredibile
1769 461 1819 520 est
1844 471 1974 534 nomen
2000 444 2084 542 huic
2116 449 2226 524 sideri
2248 477 2271 524 a

241 549 454 631 recitentur,
474 557 535 616 aut
549 545 685 638 aliquid
703 567 744 614 ex
759 545 896 616 artibus
911 545 1107 631 adferatur,
1133 548 1229 639 quod
1279 545 1440 637 principe
1467 545 1622 616 inditum
1647 569 1737 633 esse,
1770 550 1834 643 qui
1849 548 1995 623 Graecis
2015 574 2152 624 annum
2168 555 2271 626 oreli-

121 657 125 668 “
241 647 418 721 iuventuti
450 649 617 739 prodesse
640 645 802 732 videtur,
834 646 949 736 delegi
972 660 1231 736 argumentum,
1279 647 1396 730 navit,
1422 661 1457 716 et
1473 648 1655 718 doctrinae
1670 649 1829 722 coelestis
1850 651 1985 724 semina
2002 653 2151 743 sparsit,
2176 656 2272 728 sicut

240 756 280 822 in
303 775 374 848 quo
397 750 442 820 ad
469 744 656 819 historiam
678 749 844 818 adiuncta
868 762 920 818 est
939 747 1230 819 commonefactio
1279 761 1313 818 et
1329 747 1408 817 aliis
1429 746 1551 818 multis
1567 748 1680 818 stellis
1699 751 1851 822 nomina
1864 754 1996 824 ducum
2013 766 2049 825 et
2063 757 2272 828 docentium

240 855 339 926 utilis
370 850 564 922 iuventuti:
605 861 639 920 et
668 863 709 919 ut
737 849 800 917 alii
835 851 880 920 de
903 845 986 918 aliis'
1009 850 1231 942 principibus
1278 848 1448 922 attributa
1472 861 1574 932 sunt,
1608 851 1670 943 qui
1689 853 1775 922 anni
1798 856 2168 930 metasoatenderunt.
2222 855 2272 930 Ut

240 957 424 1034 dixerunt,
444 953 492 1022 ita
507 964 543 1023 et
556 974 622 1041 ego
636 952 680 1020 de
695 962 832 1021 vetusto
846 951 1004 1044 principe
1020 947 1159 1022 Orione
1175 951 1231 1022 di·
1279 950 1500 1022 collocantur
1512 950 1550 1020 in
1564 951 1662 1022 coelo
1670 950 1829 1041 Perseus,
1850 951 2006 1028 Atlantis
2016 957 2118 1044 tiliae,
2141 955 2271 1032 Astrea

241 1081 327 1129 cam.
386 1049 466 1124 Etsi
488 1065 607 1124 autem
626 1064 798 1122 vetustate
820 1053 1022 1142 argumenti
1036 1053 1231 1124 calumnias
1282 1052 1367 1122 icari
1385 1053 1476 1130 lilia,
1502 1047 1640 1123 Chiron
1649 1052 1865 1141 Centaurus,
1895 1053 2035 1150 Orphei
2045 1057 2156 1153 Lyra,
2175 1058 2272 1132 Her-

241 1158 395 1248 etlngere
423 1179 481 1224 me
511 1177 611 1247 posse
642 1154 856 1244 cogitabam,
890 1165 1010 1224 tamen
1038 1149 1229 1246 reprehen-
1279 1154 1391 1234 cules,
1418 1149 1560 1238 Castor,
1592 1153 1741 1239 Pollux,
1775 1154 1956 1250 Cepheus,
1988 1183 2094 1252 quem
2112 1162 2273 1234 arbitror

241 1263 358 1331 siones
376 1257 602 1352 quorundam
616 1269 747 1325 metuo.
799 1253 871 1326 Sed
887 1256 1231 1326 utillelortissimus
1279 1277 1351 1324 esse
1374 1249 1526 1326 Kithim.
1585 1254 1645 1326 Sic
1666 1257 1716 1326 ait
1738 1255 1932 1332 Pausanias
1959 1261 2066 1332 luisse
2091 1257 2271 1334 Orionem

241 1363 315 1432 clux
334 1357 525 1430 Pausanias
546 1355 681 1450 inquit:
709 1355 800 1427 Satis
814 1371 866 1426 est
881 1379 939 1424 rne
956 1355 1139 1448 Spartanis
1153 1357 1231 1448 pla·
1278 1353 1446 1426 Boeotiae
1471 1355 1687 1447 principem,
1719 1372 1753 1430 et
1777 1359 1815 1428 in
1832 1358 1994 1451 Tanagra
2019 1365 2138 1434 sedem
2160 1388 2270 1434 mon-

242 1475 380 1534 centem
408 1459 499 1530 iusta
522 1457 639 1528 dicere
662 1471 697 1527 et
710 1458 840 1542 facere,
864 1457 912 1526 ita
926 1481 992 1527 nos
1010 1460 1248 1529 eruditorum·
1279 1470 1422 1528 stratam
1441 1480 1533 1542 esse,
1559 1458 1681 1550 inqua
1700 1457 1801 1530 Atlas
1814 1465 1945 1532 erudiit
1960 1457 2136 1534 Orionem
2153 1467 2198 1534 de
2216 1466 2272 1534 le-

241 1579 277 1635 et
291 1585 458 1633 sanorum
475 1559 606 1630 iudicia
625 1559 827 1630 intueamur
843 1571 879 1627 et
894 1581 1094 1651 sequamur.
1146 1557 1230 1630 ldeo
1278 1559 1381 1647 pibus
1402 1572 1562 1629 motuum
1587 1559 1803 1634 coelestium.
1853 1559 2158 1650 Eiusdoctrinae,
2184 1566 2272 1658 quia

241 1678 359 1735 autem
377 1664 422 1732 de
438 1657 578 1731 Orione
593 1660 692 1745 dico,
719 1674 759 1729 ut
776 1659 978 1729 iunioribus
993 1661 1058 1730 sim
1075 1661 1232 1731 monitor
1278 1660 1457 1729 studiosus
1481 1658 1563 1743 luit,
1597 1661 1730 1730 dicitur
1751 1686 1884 1734 amane
1904 1659 2181 1751 conducerem,
2206 1691 2272 1738 seu

241 1779 277 1837 et
304 1762 483 1848 hortator,
521 1760 675 1851 primum
698 1773 738 1830 ut
764 1772 798 1830 et
819 1756 886 1830 hoc
906 1761 1005 1832 siclus
1030 1775 1064 1831 et
1092 1762 1161 1832 alia
1192 1761 1230 1829 in
1280 1759 1449 1840 Dianam,
1476 1759 1599 1844 idest,
1624 1759 1775 1837 Lunam.
1828 1761 2121 1858 Actieripotest‚
2146 1782 2271 1858 utpo-

240 1867 340 1938 coelo
351 1862 656 1954 contemplentur,
681 1863 776 1953 qnod
794 1861 1000 1932 ut'libenter
1012 1875 1046 1932 et
1061 1886 1161 1956 saepe
1178 1863 1231 1931 fa·
1278 1861 1414 1931 steritas
1430 1883 1562 1930 nomen
1577 1861 1668 1932 bene
1684 1864 1801 1934 meriti
1824 1866 2013 1958 principis,
2039 1871 2083 1938 ad
2101 1864 2272 1960 pulcher-

241 1971 355 2051 ciant,
382 1963 535 2034 invitare
560 1965 634 2054 ipsa
647 1963 830 2032 stellarum
848 1958 1076 2053 pulchritudo
1095 1987 1153 2032 eos
1170 1965 1232 2032 de·
1278 1962 1408 2031 rimuin
1422 1961 1520 2030 sidus
1543 1965 1781 2048 transtulerit,
1806 1980 1848 2038 ut
1866 1969 2114 2040 monstratoris
2130 1991 2272 2048 memo-

241 2071 359 2140 hebat.
411 2062 550 2134 Deinde
567 2079 606 2133 ut
624 2065 801 2133 intuentes
820 2058 904 2133 haec
919 2060 1157 2153 pulcherrima
1174 2066 1232 2134 lu·
1279 2062 1369 2134 riam
1393 2063 1545 2138 traderet
1575 2065 1696 2134 multis
1720 2067 1894 2154 gentibus.
1961 2066 2031 2138 Sed
2055 2067 2186 2142 Poetae
2208 2095 2271 2140 ac-

241 2171 356 2249 mina,
390 2166 545 2256 cogitent
571 2167 615 2234 de
638 2177 713 2235 toto
730 2165 816 2232 anni
836 2164 981 2250 ordine,
1008 2178 1042 2235 et
1058 2167 1232 2236 decausis
1278 2165 1506 2234 commodant
1539 2164 1811 2254 appellationem
1846 2169 1891 2236 ad
1924 2181 2089 2240 naturam
2129 2170 2271 2242 sideris.

240 2283 387 2364 propter
402 2289 488 2360 qum
506 2280 540 2338 et
564 2279 763 2358 temporum
780 2278 814 2335 et
830 2287 1007 2336 annorum
1024 2266 1232 2336 discrimina
1282 2260 1393 2334 Aiunt
1416 2258 1556 2336 Oriona
1571 2279 1702 2360 =natum
1727 2285 1801 2338 etse
1816 2268 1975 2340 aurine
1993 2267 2106 2356 levis,
2131 2270 2270 2366 Neptu-

239 2369 337 2442 Dcus
358 2369 523 2441 conditor
545 2367 638 2438 iecit.
692 2363 854 2458 Denique
870 2378 911 2436 ut
932 2367 970 2436 in
987 2362 1232 2437 hacconside-
1279 2365 1318 2433 ni
1340 2377 1376 2434 et
1398 2363 1581 2436 Mercurii.
1637 2365 1730 2454 Quia
1752 2391 1832 2438 cum
1861 2381 1986 2442 ventos
2001 2371 2093 2443 cicae
2117 2386 2154 2444 et
2185 2375 2269 2464 plu-

240 2472 378 2543 ratione
396 2482 586 2560 agnoscant
605 2466 721 2538 Derim
737 2467 978 2553 conditorem,
1004 2469 1231 2539 etcelebrent
1279 2466 1353 2534 vias
1383 2467 1535 2570 adierat,
1576 2491 1708 2538 nomen
1752 2471 1917 2558 cougmit
1960 2462 2093 2565 οὖρον,
2134 2474 2170 2543 id
2203 2491 2269 2558 est,

240 2575 316 2644 eius
337 2571 545 2668 sapientiam
571 2579 606 2638 et
620 2567 831 2653 honitatem,
858 2575 949 2662 quae
964 2568 1181 2658 conspicitur
1193 2570 1230 2637 in
1278 2568 1393 2637 urina.
1452 2564 1588 2637 lmhres
1609 2585 1725 2640 atatem
1751 2571 1943 2642 adsumunt
1967 2595 1987 2642 a
2008 2571 2194 2664 Neptuno,
2230 2577 2268 2645 id

239 2677 408 2750 varietate
437 2672 689 2742 beneficiorum
719 2669 876 2754 infinita,
917 2670 1046 2763 quibus
1077 2672 1232 2742 ostendit
1279 2683 1349 2746 est,
1379 2691 1399 2738 a
1423 2667 1514 2738 mari
1540 2692 1703 2760 vapores,
1735 2671 1799 2762 qui
1824 2672 1864 2740 in
1884 2687 1965 2744 aere
1979 2675 2134 2758 densati,
2160 2701 2268 2768 quem

239 2775 309 2848 sibi
331 2798 435 2847 curae
462 2795 535 2842 esse
564 2792 676 2862 genus
698 2764 908 2844 humanum.
966 2769 1171 2861 Agnoscent
1197 2784 1231 2841 et
1276 2769 1450 2860 significat
1465 2768 1618 2860 Iupiter,
1643 2771 1800 2842 lundunt
1821 2773 1993 2863 pluviam.
2045 2773 2180 2848 Ventos
2202 2801 2270 2850 au·

179 2899 183 2902 ·
239 2877 472 2949 transfudisse
488 2875 526 2943 in
543 2896 609 2945 nes
624 2867 721 2960 hunc
734 2871 928 2964 sapientem
944 2885 978 2944 et
991 2874 1125 2944 iustum
1144 2897 1230 2944 con·
1278 2884 1348 2942 tem
1362 2885 1396 2940 et
1410 2870 1479 2940 ciet
1504 2883 1540 2940 et
1560 2871 1713 2961 impellit
1725 2870 1937 2951 Mercurius.
1992 2875 2267 2948 Hincsuntrle·

239 2979 394 3050 ditarem
418 2995 501 3048 suae
524 2974 615 3046 lucis
636 2974 774 3057 radios,
807 2973 957 3043 noticias
976 2974 1231 3044 videlicetdis-
1277 2971 1486 3063 scriptiones
1518 2973 1612 3060 opud
1647 2969 1887 3064 Philosophus
1924 2990 1959 3048 et
1998 2980 2093 3069 apud
2126 2976 2266 3052 Poetas.

239 3075 422 3152 ‘cernentes
447 3073 609 3147 honestia
634 3088 669 3145 et
685 3074 821 3166 turpia,
854 3097 941 3167 quae
958 3076 1033 3146 vult
1047 3099 1120 3146 esse
1139 3076 1230 3146 ritae
1279 3067 1386 3163 Apud
1408 3069 1598 3161 Virgilium
1619 3073 1657 3142 in
1679 3075 1794 3164 primo
1816 3071 2011 3148 Aeneidos:

240 3203 402 3264 normas,
423 3192 459 3248 et
467 3179 671 3248 benefacere
686 3199 767 3246 eum
784 3176 1127 3266 obtemperantibus,
1145 3200 1230 3245 con·
1379 3175 1457 3241 Cum
1470 3182 1569 3242 subito
1584 3201 1739 3262 assurgens
1753 3186 1847 3244 fluctu
1861 3189 2016 3250 nimbosus
2030 3185 2140 3252 Orion.

239 3299 292 3358 tra
310 3305 394 3352 vero
409 3293 632 3352 contumaces
648 3271 869 3348 horribiliter
882 3277 1011 3350 delere.
1050 3276 1151 3347 Hanc
1165 3301 1229 3348 na·
1276 3269 1325 3344 Et
1341 3272 1380 3348 in
1396 3274 1563 3363 septimo:

240 3401 340 3456 turae
362 3380 645 3474 adspectionem,
676 3390 712 3448 et
744 3377 954 3469 sapientiae,
993 3379 1161 3450 bonitatis
1189 3403 1230 3448 ac
1430 3378 1522 3442 Sinus
1537 3384 1589 3464 ubl
1605 3383 1737 3446 hibernis
1762 3383 1862 3450 Orion
1878 3389 2018 3451 conditor
2033 3390 2132 3452 nudis.

240 3484 399 3556 iusticias
426 3483 568 3552 divinae
590 3479 908 3550 considerationem
933 3479 1030 3550 scitis
1053 3481 1091 3550 in
1114 3481 1229 3572 primo
1377 3471 1640 3548 EtAristotelrs
1662 3480 1795 3573 inquit:
1818 3479 1977 3572 χαλεπὸς
1992 3478 2032 3556 δὲ
2049 3483 2269 3582 λέγεταικαὶ

239 3586 354 3679 capite
370 3582 612 3657 adRomanos
629 3582 808 3652 laudatam
832 3602 916 3651 esse.
968 3579 1043 3652 Nec
1058 3605 1142 3652 vero
1162 3583 1232 3652 du-'
1276 3571 1482 3650 δύνωνκαὶ
1504 3575 1747 3674 ἀνατέλλιρνὄ
1765 3577 1903 3677 nipr‘wv.
1955 3583 2092 3658 Harum
2110 3589 2269 3662 effectio-

238 3690 339 3760 bium
355 3700 407 3757 est
422 3679 513 3756 hanc
530 3685 643 3776 ipsam
658 3683 705 3754 ob
722 3705 878 3767 causam,
903 3695 974 3753 tam
991 3678 1150 3775 pulchris
1173 3683 1229 3752 lu·
1276 3704 1363 3752 num
1377 3680 1475 3750 testis
1490 3694 1542 3752 est
1559 3682 1774 3772 experientia
1788 3685 1950 3756 omnium
1965 3689 2166 3760 seculorum
2178 3716 2268 3762 con-

239 3789 397 3860 minibus
410 3788 548 3858 coelum
571 3796 737 3854 ornatum
754 3803 843 3864 esse,
872 3795 994 3856 ettam
1011 3785 1228 3854 concinnum
1276 3781 1449 3868 sentiens,
1474 3805 1515 3854 ac
1531 3783 1690 3873 proximo
1708 3807 1804 3856 anno
1822 3785 1997 3872 vidimus,
2022 3813 2104 3859 cum
2120 3808 2270 3886 propter

241 3913 315 3962 esse
341 3888 505 3960 ordinem
532 3897 716 3970 motuum,
750 3897 790 3955 ut
812 3886 858 3954 ad
886 3886 1123 3976 aspectionem
1154 3886 1229 3978 ipsa
1277 3882 1373 3976 lovis
1396 3896 1430 3954 et
1455 3883 1586 3955 Martis
1607 3883 1896 3972 coniunctionem
1916 3889 1955 3958 in
1971 3887 2112 3971 Leone,
2139 3916 2269 3983 magua

239 3986 506 4084 pulchritudine
530 3999 564 4056 et
586 3986 713 4057 ordine
730 3985 970 4058 invitaremur.
1021 3985 1147 4058 Dicam
1162 3987 1229 4078 igi-
1278 3987 1362 4056 inde
1376 4007 1488 4077 usque
1511 4008 1531 4054 a
1549 3983 1641 4054 lulio
1664 3989 1707 4056 ad
1725 3986 1963 4060 Novembrem
1979 3989 2115 4062 siccitas
2130 3993 2270 4081 fuisset,

237 4109 298 4166 tur
313 4093 485 4187 quaedam
501 4091 545 4160 dc
561 4082 718 4172 Orione,
754 4087 919 4158 videlicet
935 4090 1026 4159 etde
1041 4089 1118 4180 ipso
1135 4089 1229 4160 side·
1277 4100 1312 4158 et
1330 4085 1414 4156 sicci
1434 4085 1558 4170 llatus,
1585 4108 1710 4178 magna
1731 4089 1849 4160 subito
1867 4088 1957 4162 iacta
1975 4102 2028 4160 est
2042 4094 2132 4164 aeris
2149 4111 2271 4168 muta-

238 4219 295 4280 re,
322 4207 356 4264 et
371 4195 415 4263 de
429 4189 668 4284 appellatione
685 4211 726 4259 ac
738 4188 889 4275 fabulis,
914 4213 1004 4283 quae
1018 4193 1064 4261 de
1085 4191 1162 4283 ipso
1177 4190 1230 4261 le-
1277 4190 1349 4273 tio,
1376 4200 1410 4258 et
1424 4187 1512 4276 largi
1530 4189 1662 4259 imbres
1682 4192 1827 4263 fuerunt
1843 4215 1924 4264 cum
1942 4187 2062 4262 Orion
2080 4197 2269 4274 occideret.

237 4309 371 4386 guntur
387 4294 481 4384 apud
501 4291 637 4362 Poetas.
1277 4290 1350 4361 Nec
1374 4289 1499 4361 dubito
1521 4289 1635 4359 mensi
1663 4289 1859 4364 Novembri
1883 4317 2015 4364 nomen
2033 4295 2166 4388 iactum
2193 4323 2270 4372 esse

338 4394 517 4466 Homerus
531 4413 608 4463 non
625 4390 821 4476 subtiliter,
848 4395 1037 4466 sedtamen
1050 4408 1091 4466 ut
1105 4393 1230 4464 rudio-
1277 4393 1369 4484 apud
1395 4387 1532 4462 Ebreos
1551 4390 1698 4486 Kisleu,
1731 4397 1827 4489 quod
1855 4409 1949 4467 extat
1972 4395 2010 4466 in
2032 4393 2204 4472 Zacharia
2233 4419 2270 4474 et

238 4521 295 4571 res
311 4498 490 4580 erudiret,
516 4498 588 4566 duo
610 4494 701 4566 coeli
729 4493 838 4566 latera
860 4495 1041 4583 distinxit,
1070 4509 1228 4567 arctoum
1277 4493 1378 4562 libris
1393 4490 1665 4564 Maccabeorum
1683 4498 1728 4566 ab
1745 4493 1900 4582 Orione,
1932 4519 2039 4591 quem
2061 4500 2130 4592 ipsi
2147 4506 2271 4574 nomi-

237 4615 272 4674 et
293 4599 541 4672 meridianum.
596 4594 639 4666 ln
662 4608 800 4681 arctoo,
832 4597 872 4668 in
896 4623 967 4693 quo
993 4613 1027 4670 et
1050 4598 1228 4688 fastigium
1277 4592 1472 4665 nantKesil
1485 4595 1530 4663 ab
1546 4595 1793 4683 instabilitate,
1819 4614 1859 4673 ut
1871 4600 2052 4686 existimo,
2078 4615 2268 4696 tempesta.

238 4703 327 4775 coeli
341 4725 403 4772 sen
420 4702 556 4792 polum,
582 4709 623 4768 ut
636 4697 874 4786 nominamus,
897 4700 1056 4784 collocat,
1082 4721 1156 4770 esse
1172 4698 1225 4769 di·
1276 4711 1366 4769 tum.
1426 4693 1538 4788 Saepe
1559 4691 1650 4766 mihi
1672 4698 1710 4767 in
1734 4715 1886 4772 mentem
1909 4702 2007 4772 venit
2032 4697 2099 4774 hoc
2122 4729 2270 4798 quoque

239 4806 287 4876 cit
312 4801 462 4888 Ursum,
494 4803 534 4872 in
565 4799 742 4871 contrario
774 4798 1104 4887 latere‘Orionem,
1136 4800 1230 4872 inter
1278 4800 1410 4888 dictum
1433 4820 1507 4868 esse
1528 4793 1697 4892 ὥρίωνα,
1722 4802 1805 4896 quia
1826 4803 1994 4875 discernit
2010 4821 2163 4897 quatuor
2178 4812 2268 4878 anni

150 4917 154 4926 '
239 4904 401 4980 Tanmm
422 4918 457 4975 et
477 4901 661 4984 Geminos.
722 4900 824 4989 Quae
841 4904 951 4975 totius
971 4903 1096 4975 sideris
1118 4904 1228 4994 ligura
1278 4914 1455 4989 tempora,
1482 4923 1572 4994 quae
1588 4904 1820 4974 nominantur
1834 4895 1940 4998 deae.
1995 4903 2099 4979 Veris
2123 4909 2267 4981 initium

239 5011 296 5092 sit,
320 5006 528 5080 discendum
543 5017 605 5087 est,
631 5003 780 5074 sublatis
793 5005 833 5074 in
848 5006 986 5076 coelum
1000 5005 1124 5077 oculis.
1158 5003 1227 5076 Sed
1277 5017 1329 5074 est
1343 5023 1486 5072 occasus
1501 4997 1657 5072 heliacus
1676 5000 1835 5096 Orionis.

239 5111 322 5204 quia
343 5108 525 5180 stellarum
541 5105 629 5176 situs
645 5119 883 5196 repraesentat
904 5107 973 5177 viri
991 5106 1117 5180 armati
1138 5107 1229 5197 figu-
1377 5098 1530 5175 Aestatis
1561 5103 1704 5175 initium
1745 5101 1903 5180 heliacus
1938 5122 2051 5180 ortus.
2117 5109 2270 5204 Hyemis

237 5225 334 5295 ram',
353 5207 482 5280 Poetae
496 5207 616 5276 virum
630 5206 682 5275 ibi
694 5207 991 5280 collocatumesse
1006 5209 1100 5281 inter
1113 5209 1230 5280 sidera
1278 5205 1421 5278 initium
1443 5227 1587 5278 occasus
1609 5207 1791 5284 cosmieus.
1843 5207 1939 5282 Haec
1956 5224 1990 5282 et
2011 5211 2138 5300 vulgus
2154 5215 2272 5286 oculis

238 5314 433 5396 linxerunt,
471 5323 506 5380 et
542 5307 583 5378 iu
611 5309 759 5380 nomine
785 5322 821 5382 et
847 5305 995 5382 historia
1021 5311 1155 5405 aliquid
1186 5310 1230 5380 de
1277 5322 1363 5380 tuuc
1382 5308 1545 5392 notabat,
1572 5310 1655 5400 quia
1673 5323 1784 5382 metas
1800 5313 1885 5382 anni
1902 5313 2138 5387 constituebat
2151 5335 2272 5388 acces-

237 5429 319 5488 ortu
334 5428 369 5488 et
387 5434 512 5486 occasu
528 5409 673 5498 sideris,
698 5425 733 5484 et
753 5413 939 5486 denatura
961 5413 1037 5485 eins
1051 5413 1227 5506 significa·
1278 5432 1355 5480 sum
1375 5406 1470 5482 Solis
1499 5411 1675 5482 aduectas
1696 5415 1813 5485 stellas
1833 5436 1896 5485 seu
1921 5415 2054 5501 sidera,
2084 5437 2177 5509 quae
2203 5443 2274 5490 no-
