4706 5818
198 222 316 303 1087‘
434 207 644 305 scurrus
669 227 748 302 ru.
774 224 890 302 uno.
916 221 985 300 ao
1011 223 1138 301 urst.
1163 215 1308 303 onor.
1331 219 1399 300 ur
1424 219 1617 300 runos.
1643 219 1967 306 seueraurra
2109 235 2210 308 1oss

297 363 540 492 Agnoscamus
562 399 671 491 igitur
688 395 757 470 Dei
777 397 966 484 beneficia,
990 396 1073 468 etei
1099 419 1180 487 gra-
1245 425 1250 440 ·
1279 397 1336 465 itte
1367 399 1568 467 Brabcnttnus
1594 399 1670 466 Dux
1701 407 1817 488 primos
1849 407 1882 470 tn
1917 391 2208 496 otbr'tdumpbsns

195 504 261 574 tias
280 524 424 593 agamus
446 501 598 573 subinde
629 499 838 572 restituendi
866 498 1078 568 mediocrem
1107 511 1178 568 sta-
1279 500 1407 568 blatteus
1429 507 1462 566 in
1486 503 1601 568 munds
1624 509 1758 588 spectetis
1782 506 2047 574 christicolarum:

174 617 291 690 -tum,
326 604 417 674 sicut
440 615 526 674 tunc
548 593 728 672 Carsium
748 593 979 670 Martellum
1010 599 1054 668 ad
1086 597 1177 668 iusta
1279 601 1355 673 Dux
1373 603 1583 694 Hominesque
1604 601 1746 688 Ducum,
1773 605 1895 691 Regum
1917 633 2039 697 qnoque
2052 611 2122 680 Rex
2143 615 2209 677 tore

193 706 287 774 bella
311 703 492 784 excitavit,
526 714 561 772 ct
583 701 729 773 consilia
752 712 786 771 ct
807 701 962 769 dextram
979 699 1053 769 eins
1077 697 1178 773 rexit.
1636 713 1766 792 spernit,

193 802 347 899 Fuitque
366 816 512 896 propter
537 797 600 872 has
622 801 786 872 victorias
808 799 996 870 mediocris
1019 821 1085 890 pax
1102 791 1178 868 Eu·
1279 801 1350 870 Nan
1372 811 1439 872 rutt
1461 828 1601 891 semare,
1624 811 1677 874 sed
1690 808 1825 894 Regibus
1843 815 1972 896 imperat
1992 816 2066 898 lpse.

193 927 302 997 ropac
315 927 429 974 annos
445 903 584 992 circiter
600 916 761 980 centum,
786 901 1015 990 regnantibus
1036 897 1179 991 Pipioo‚

193 1002 322 1075 Carolo
346 1003 499 1094 Magno,
524 1016 559 1074 et
577 1001 761 1072 Ludovico
783 1000 886 1075 Pio.'
912 997 1051 1070 flamm
1073 999 1178 1071 etiarn

193 1105 396 1197 principum
419 1104 586 1175 virtutem
609 1103 842 1188 celebremus,
867 1100 931 1196 qni
950 1102 1095 1173 inerunt
1117 1123 1178 1169 or-

194 1229 283 1294 gana
306 1204 393 1290 Dei,
424 1216 458 1275 et
482 1226 556 1273 non
585 1203 838 1274 contumaciter
869 1201 901 1271 ci
923 1212 1177 1292 repugnarunt,

195 1307 285 1376 sicut
307 1303 627 1398 iaciunttyranni,
654 1303 715 1398 qui
738 1303 898 1376 volentes
919 1301 1079 1376 iusticias
1096 1323 1178 1372 suas

193 1407 404 1498 cupiditates
418 1405 631 1476 anteferunt.

1330 931 1427 1006 Haec
1438 938 1483 1007 de
1495 937 1680 1010 Saracenis
1694 941 1785 1011 etde
1800 937 2087 1014 CaroliMartelli
2097 944 2211 1017 victo·

1227 1035 1309 1118 riis,
1334 1049 1369 1106 et
1383 1039 1566 1112 excellenti
1581 1039 1711 1113 virtute
1725 1040 1827 1112 nolui
1841 1041 2024 1128 omittere,
2044 1044 2127 1138 quia
2144 1039 2211 1112 ba-

1228 1161 1308 1208 rum
1331 1149 1507 1210 tantarum
1531 1162 1651 1210 rerum
1672 1141 1908 1213 consideratio
1922 1156 2068 1234 propter
2081 1143 2210 1214 multas

1226 1235 1448 1328 gravissimas
1468 1262 1589 1310 causas
1609 1241 1795 1313 utilissima
1817 1256 1883 1314 esu
1933 1241 2037 1314 Nunc
2052 1245 2097 1313 ad
2113 1243 2211 1314 Leo·

1226 1338 1285 1408 nis
1299 1335 1412 1408 Isauri
1428 1353 1644 1431 postremum
1661 1355 1777 1412 actum
1793 1345 1932 1415 accedo.

1327 1435 1419 1508 Cum
1435 1441 1585 1534 repulsis
1599 1465 1618 1510 a
1630 1439 1800 1536 Byzantio
1811 1441 1996 1515 Saracenis
2005 1435 2085 1514 Leo
2093 1439 2209 1513 Ison-

295 1555 344 1630 Ua
363 1569 500 1641 aurem,
532 1554 613 1647 quis
641 1552 749 1624 suerit
773 1543 936 1625 Carolus
957 1543 1176 1634 Marullus,
1228 1559 1292 1608 rus
1313 1537 1450 1632 aliquid
1470 1540 1540 1613 ocii
1568 1554 1691 1612 nactus
1712 1555 1818 1626 esset,
1852 1543 2007 1614 edictum
2029 1547 2211 1634 proponit,

193 1657 458 1741 consideretur,
488 1656 670 1725 sciendum
698 1667 752 1724 est
777 1654 817 1722 in
838 1648 986 1724 historia
1006 1651 1176 1723 Francica
1226 1664 1298 1733 quo
1314 1638 1415 1754 iubet
1431 1640 1542 1711 deleri
1556 1639 1727 1730 imagines
1747 1639 1786 1710 tn
1805 1641 1963 1733 templis,
1989 1643 2072 1714 inde
2088 1647 2210 1715 nomi-

192 1755 350 1827 Maiores
364 1753 501 1827 Domus
517 1754 714 1838 nominari,
739 1755 801 1848 qui
814 1755 961 1824 fuerunt
982 1766 1061 1845 post
1079 1773 1176 1841 reges
1226 1752 1330 1810 ”²1⁰³
1361 1753 1415 1811 2⁸1
1441 1732 1689 1832 εἶκῡνὸμαχος·
1754 1733 1893 1813 Omitto
1919 1741 2076 1827 fabula&
2116 1769 2209 1840 quse

193 1857 322 1927 gummi
338 1857 590 1945 gubernatores
607 1855 708 1926 ,ulae
722 1855 779 1924 vel
798 1854 921 1943 regni,
945 1867 986 1924 ut
1002 1875 1069 1922 nos
1085 1853 1176 1922 dici.
1225 1854 1374 1912 narrant
1394 1863 1474 1911 eum
1499 1864 1519 1908 a
1539 1837 1680 1910 ludaeis
1698 1838 1883 1912 incitatum
1903 1865 1988 1917 esse.
2037 1841 2135 1916 Ilaec
2151 1870 2209 1917 res

189 1978 269 2028 mus
291 1955 517 2053 ⁸polistratio,
551 1957 607 2028 illi
631 1957 798 2030 dixemnt
823 1953 1043 2043 bcupmeiet,
1077 1952 1174 2042 qnod
1225 1942 1314 2052 adeo
1328 1939 1465 2030 ingrata
1479 1938 1547 2010 fuit
1560 1936 1725 2011 Romano
1734 1935 1911 2056 {Episcopo
1927 1941 2102 2034 Gregorio
2114 1943 2208 2016 Ter·

189 2054 310 2127 Latini
334 2060 470 2129 scribae
485 2050 706 2140 interpretati
725 2060 819 2130 stent,
845 2049 1011 2116 maiorem
1026 2046 1174 2117 Domus.
1224 2049 1296 2114 2¹0,
1321 2041 1362 2099 ul
1374 2039 1510 2100 fulmen
1524 2040 1896 2113 excommunicationis
1909 2056 2032 2116 eontra
2047 2043 2207 2116 Leonem

189 2151 298 2224 Hnnt
329 2155 478 2243 gradum
509 2150 691 2240 dignitatis
722 2149 795 2232 regi
826 2143 1027 2234 proximum
1058 2142 1174 2212 tenuit
1224 2126 1385 2200 lautum
1415 2144 1561 2221 propter
1584 2133 1850 2228 εἶκυνομαχίαν
1877 2140 2048 2226 ediderit,
2078 2142 2208 2238 probi·

190 2253 398 2337 Martellus,
432 2275 512 2323 cum
533 2256 622 2320 essct
641 2242 952 2318 duxBrabentiae.
1003 2240 1172 2312 luvenem
1222 2228 1340 2301 buerit
1356 2229 1460 2300 ctiam
1474 2229 1512 2299 in
1534 2229 1638 2310 tutta
1651 2233 1786 2307 tributa
1799 2237 1833 2306 ei
1847 2241 1949 2314 solvi.

189 2378 341 2424 noverca
365 2349 566 2422 Woltruda
595 2359 737 2418 mortuo
761 2341 891 2435 Pipioo
910 2357 1019 2434 patre
1042 2342 1173 2412 carceri
1324 2327 1422 2401 Haec
1443 2329 1547 2404 initia
1564 2331 1708 2408 suerunt
1721 2335 2013 2412 coniunctionum
2035 2357 2070 2416 et
2084 2346 2205 2418 sorde·

188 2453 335 2524 3nc¹mit
358 2453 399 2522 in
418 2449 569 2522 Colonia
593 2443 819 2538 Agrippias
840 2445 926 2514 inge
946 2441 1173 2515 gamendivi.
1222 2453 1302 2501 rum
1323 2427 1591 2504 Pontificiorum
1618 2457 1700 2504 cum
1718 2432 1875 2510 Francis.
1932 2437 2044 2514 Erant
2066 2446 2204 2540 alioqui
2336 2535 2337 2538 Ἴ

72 2608 79 2623 ῃ
189 2555 289 2624 nima
303 2553 423 2624 emit·
473 2548 695 2641 Recupmp,
718 2546 888 2636 dignm
910 2557 1057 2635 pamm
1075 2565 1173 2613 com.
1222 2529 1410 2623 magnoin
1441 2532 1525 2603 odio
1550 2529 1678 2604 Graeci
1705 2535 1954 2628 imperatores,
1985 2557 2020 2614 ct
2050 2539 2205 2618 Exarchi
2336 2553 2337 2584 ¹

188 2655 325 2746 pascuit
346 2651 503 2730 Frisios,
542 2646 681 2722 Deinde
704 2647 742 2716 in
765 2646 959 2739 Aquitania
988 2645 1075 2716 vicit
1095 2639 1172 2714 Eu.
1221 2634 1653 2720 magnamcrudelitatem
1676 2635 1714 2704 in
1731 2637 1833 2708 ltalia
1850 2644 2067 2719 exercebant.
2118 2645 2209 2716 Flo-

189 2758 331 2824 donem.
381 2751 507 2824 Postea
522 2746 684 2822 Francici
698 2746 876 2838 principes
896 2767 1044 2835 regnum
1058 2744 1091 2814 ei
1106 2743 1171 2814 ob-
1222 2731 1346 2810 rebtnl
1373 2745 1490 2804 aulem
1520 2725 1666 2804 Franci
1692 2760 1765 2806 1¹0ss
1789 2739 1905 2812 tolum
1933 2744 2109 2832 potentia,
2140 2751 2205 2818 sed

188 2855 367 2939 guipp-unt,
398 2853 495 2947 quod
517 2849 672 2939 recipere
693 2846 1011 2918 noluiltonlesslus
1026 2858 1171 2936 paterna
1221 2831 1325 2902 ellam
1342 2829 1434 2902 sama
1451 2833 1609 2904 iusticias
1626 2849 1660 2906 ei
1676 2837 1826 2927 pleiltll&
1875 2837 1962 2911 Ideo
1983 2844 2141 2916 defensio
2157 2849 2205 2919 db

189 2955 373 3044 dignitate,
422 2947 775 3024 D030d0821200003
795 2946 932 3018 infuso,
953 2947 992 3016 in
1014 2944 1170 3018 Galliam
1221 2929 1271 3002 eis
1286 2944 1405 3024 postea
1427 2931 1612 3026 aliquoties
1635 2936 1742 3026 petita
1763 2951 1833 3024 est,
1859 2940 1949 3012 sicut
1964 2943 2131 3014 usitatum
2150 2962 2206 3020 est

123 3077 127 3088 ’
187 3048 489 3144 magnispraeliis
510 3047 660 3133 delevit,
684 3048 724 3116 in
745 3047 876 3142 quibus
896 3048 1028 3118 auxilia
1044 3044 1172 3120 habuit
1221 3045 1343 3149 θθῦῑῐξ
1371 3045 1542 3126 iif³¹¹¹¹⁰⁸
1563 3035 1716 3105 Viclfflm
1753 3038 1993 3111 dflf‘nldfflffl
2024 3067 2206 3137 ‘immeo

188 3151 280 3238 regis
294 3150 613 3238 Longnbardorum
628 3146 842 3227 Lutbrandi,
867 3147 1057 3229 [sandiridi
1071 3147 1171 3216 ducis
1221 3143 1256 3204 tl
1275 3144 1444 3222 sumptum
1466 3144 1536 3201 est:
1561 3129 1712 3224 Propter
1723 3134 1938 3209 iniusticiam
1958 3165 2063 3232 regna
2084 3157 2204 3216 trans-

188 3247 463 3329 Alemgnomm,
489 3261 523 3319 ει
539 3242 722 3316 odilloni,
738 3245 837 3318 duca,
851 3241 1031 3314 Βρωςω,
1219 3229 1395 3300 seruntur.
1445 3223 1550 3299 Tunc
1572 3253 1655 3301 vero
1677 3243 1711 3302 et
1726 3247 1921 3324 praetextus
1939 3241 2121 3331 religionis
2142 3270 2204 3318 ac.

287 3394 320 3468 E
522 3393 533 3412 ‚
685 3389 742 3411 ,,
1136 3391 1147 3412 ,
1220 3325 1338 3412 cessit,
1363 3328 1459 3419 quod
1474 3325 1547 3399 Leo
1565 3325 1707 3403 lsaurus
1722 3347 1757 3406 et
1774 3335 1905 3408 deinde
1922 3340 2015 3412 lilius
2030 3343 2203 3436 imagines

322 3423 342 3468 s
364 3409 417 3469 tot
437 3407 596 3485 gentium
611 3392 881 3462 fortissimarum
907 3391 1049 3462 auxrlus
1062 3406 1169 3465 aestr-
1219 3438 1254 3498 et
1268 3439 1399 3500 mm„
1417 3428 1593 3504 delebant·

187 3497 277 3570 mari
302 3509 417 3590 potest
434 3517 600 3583 magnum
620 3487 786 3584 Europae
808 3493 1004 3584 periculum
1027 3489 1168 3564 aSara-

188 3600 284 3670 cenis
306 3595 430 3682 fuisse,
459 3590 628 3683 singulari
651 3593 755 3662 etiam
779 3593 950 3683 sapientia
972 3605 1026 3665 tot
1048 3608 1168 3683 gentes
1268 3623 1377 3699 Anno
1394 3627 1519 3704 mum„

188 3699 393 3770 coniunctas
416 3719 488 3766 esse
510 3698 553 3765 ad
578 3692 668 3764 tanti
688 3692 774 3763 belli
797 3693 1017 3778 societatem,
1040 3693 1167 3788 inquo

186 3812 282 3869 recte
300 3801 344 3868 de
363 3797 530 3869 Martello
553 3793 624 3864 dici
645 3790 775 3882 potest,
800 3809 841 3866 nt
864 3795 909 3864 de
926 3789 1167 3866 Themistocle

188 3900 323 3969 dictum
347 3910 415 3967 est:
441 3895 562 3966 Victus
584 3915 658 3963 esse
679 3895 725 3962 ab
746 3917 787 3963 eo
802 3892 1166 3981 Persas-fortitudine,

185 3985 300 4072 so'cios
319 4020 403 4068 vero
419 3996 572 4067 lenitate.
602 3985 691 4073 eoric
704 3985 776 4084 μὲν
787 3991 983 4086 πολεμίους
999 3990 1165 4090 ἀνδρεία,
1267 4029 1374 4101 Anno
1417 4027 1552 4102 Christi
1591 4035 1902 4127 ,eplingenpesgmo
1931 4042 2201 4136 qmgugespmo

185 4093 315 4180 roricde
366 4089 585 4190 συμμάχους
631 4087 907 4192 εὐγνωμοσύνη
953 4095 1202 4188 retudisse·
1419 4134 1587 4209 secundo·

187 4199 304 4272 Tanta
319 4199 429 4290 igitur
445 4197 519 4272 eius
534 4195 703 4268 autoritas
723 4195 811 4281 fuit,
834 4207 876 4266 ut
890 4219 971 4265 cunr
985 4193 1166 4266 Lutbren-
1401 4217 1406 4226 ·

185 4304 252 4372 dus
273 4325 334 4372 rex
357 4298 674 4388 Longobardomm
704 4297 827 4366 urbem
848 4293 1009 4368 Romam.
1024 4295 1167 4366 obside·
1487 4265 1550 4336 σθ
1566 4273 1656 4338 '⁸⁸‘
1671 4287 1696 4340 α
1709 4289 1734 4340 '⁸
1749 4273 1765 4338 t
1780 4271 1795 4340 ⁸⁸
1808 4290 1834 4340 '¹
1848 4267 1927 4364 ’θ’θ’

184 4414 252 4486 ret,
276 4414 312 4473 et
327 4399 512 4474 Romanus
529 4395 724 4490 Episcopus
739 4397 908 4467 auxilinm
923 4406 1073 4488 peteret,
1095 4394 1165 4480 Ca·
1317 4385 1589 4468 Constantinus
1596 4393 1843 4493 Copronymns
1854 4402 1948 4471 blius
1960 4400 2091 4475 honis
2101 4403 2200 4478 lsau-

185 4504 285 4574 rolns
301 4501 488 4572 Martellus
504 4511 640 4571 tantum
657 4497 831 4586 legatione
851 4497 956 4567 missa
972 4481 1166 4588 perlicerit,
1188 4509 1193 4566 t
1216 4495 1267 4582 ri,
1291 4495 1375 4565 vivo
1391 4509 1490 4589 patre
1503 4511 1757 4572 coronatuscst
1778 4498 2032 4591 aPatriarcba,
2056 4507 2114 4576 cui
2130 4531 2200 4579 no-

186 4615 228 4672 nt
242 4601 499 4693 longobardus
513 4601 557 4669 a'b
572 4599 660 4670 urbe
672 4595 789 4669 Roma
804 4598 1009 4682 discederet,
1029 4619 1069 4668 ac
1084 4620 1164 4668 cum
1216 4618 1297 4666 men
1322 4597 1390 4668 fuit
1417 4591 1640 4672 Germanus.
1698 4597 1833 4672 Tenuit
1862 4602 2052 4695 imperium
2083 4629 2199 4678 annos

185 4697 362 4794 Episcopo
383 4699 546 4774 Romano
568 4721 686 4792 pacem
712 4698 850 4784 iaceret.
901 4697 1034 4768 Tenuit
1048 4713 1165 4790 pater·
1215 4696 1546 4792 trigintaquinque.
1585 4696 1799 4771 Nominatus
1815 4699 2075 4798 Copronymus,
2098 4712 2196 4799 qnod

186 4803 616 4891 namdignitatemannos
636 4798 762 4890 viginti
779 4819 848 4868 sex.
897 4794 1054 4868 Decessit
1069 4821 1163 4868 anno
1214 4795 1333 4867 inians
1350 4799 1389 4868 in
1412 4821 1511 4869 sacro
1533 4799 1698 4890 baptismi
1720 4800 1792 4870 ritu
1813 4801 1852 4869 in
1873 4825 2001 4896 acpram
2029 4807 2197 4897 baptismi

1541 3644 1666 3725 quater
1683 3633 1870 3708 millesimo
1891 3637 2201 3734 septingentesimo

1421 3742 1456 3801 et
1473 3743 1609 3824 quarto.

1266 3827 1375 3901 Anno
1388 3825 1525 3902 Romae
1540 3831 1729 3904 millesimo
1743 3837 2089 3930 quadringentesimo
2105 3848 2201 3918 vice-

1404 3931 1510 4000 'simo
1528 3935 1667 4026 quinto.
2137 3943 2140 3948 '

186 4899 319 4972 Christi
334 4903 588 4992 septuagesimo
603 4897 869 4995 quadragesimo
886 4899 1023 4990 primo,
1046 4899 1164 4969 unde·
1215 4909 1346 4967 stercus
1369 4920 1412 4968 cx
1431 4911 1556 4968 ventre
1580 4900 1691 4972 eiecit.
1746 4898 1788 4970 ln
1800 4902 1967 4993 delendis
1982 4906 2197 4996 imaginibus
2302 4989 2306 4996 ,

185 5004 278 5074 cimo
300 4999 473 5074 Calendas
489 4999 719 5086 Novembris,
749 5022 823 5068 non
845 4999 958 5068 multo
972 5012 1052 5069 ante
1067 5021 1165 5068 mor·
1215 4997 1428 5090 templorum
1452 4989 1696 5069 vehementior
1722 5001 1792 5087 fuit
1810 5014 1927 5094 patre,
1960 5006 2042 5075 ideo
2069 5019 2193 5076 contra

185 5119 256 5178 tem
283 5105 504 5194 imperatoris
524 5102 654 5172 Leonis
672 5099 796 5172 lsauri.
846 5097 1012 5189 Sepultus
1036 5111 1164 5170 estau-
1214 5121 1293 5168 eum
1311 5099 1423 5169 factm
1442 5111 1493 5170 est
1513 5098 1704 5192 imperator
1724 5125 1895 5176 consenm
1918 5099 2194 5178 Patriarcbaeet

185 5219 255 5276 tem
274 5205 477 5290 interreges
490 5201 678 5272 Francicus
696 5201 734 5269 in
750 5203 835 5270 aede
851 5197 1032 5296 Dionysii,
1057 5214 1091 5273 et
1107 5221 1163 5270 se-
1213 5197 1409 5272 nobilitatis
1423 5193 1673 5285 Artabasdus,
1696 5227 1800 5296 quern
1816 5206 1950 5297 praelio
1966 5205 2098 5278 victum
2116 5223 2194 5298 post

184 5299 335 5398 pulchro
350 5304 513 5375 additum
528 5313 579 5368 est
594 5296 661 5368 hoc
674 5295 925 5393 Epitaphium:
991 5369 1004 5382 ,
1072 5371 1077 5382 ,
1212 5299 1396 5371 biennium
1420 5297 1669 5396 copronymus
1699 5304 1811 5399 cepit,
1845 5318 1880 5378 ct
1906 5305 1975 5396 ipsi
1994 5321 2031 5380 et
2052 5309 2195 5378 duobus
