<?xml version="1.0" encoding="UTF-8"?>
<!DOCTYPE html PUBLIC "-//W3C//DTD XHTML 1.0 Transitional//EN"
    "http://www.w3.org/TR/xhtml1/DTD/xhtml1-transitional.dtd">
<html xmlns="http://www.w3.org/1999/xhtml" xml:lang="en" lang="en">
 <head>
  <title>
</title>
<meta http-equiv="Content-Type" content="text/html;charset=utf-8" />
  <meta name='ocr-system' content='tesseract 3.04.00' />
  <meta name='ocr-capabilities' content='ocr_page ocr_carea ocr_par ocr_line ocrx_word'/>
</head>
<body>
  <div class='ocr_page' id='page_1' title='image "./corpusreformato13melagoog_0371.png"; bbox 0 0 4604 5804; ppageno 0'>
   <div class='ocr_carea' id='block_1_1' title="bbox 200 231 2232 374">
    <p class='ocr_par' dir='ltr' id='par_1_1' title="bbox 200 231 2232 374">
     <span class='ocr_line' id='line_1_1' title="bbox 200 231 2232 374; baseline -0.016 -1"><span class='ocrx_word' id='word_1_1' title='bbox 200 296 277 374; x_wconf 72' lang='lat' dir='ltr'>aas</span> <span class='ocrx_word' id='word_1_2' title='bbox 445 241 657 361; x_wconf 76' lang='lat' dir='ltr'>samara</span> <span class='ocrx_word' id='word_1_3' title='bbox 681 231 775 353; x_wconf 65' lang='lat' dir='ltr'>ns?</span> <span class='ocrx_word' id='word_1_4' title='bbox 784 265 905 346; x_wconf 78' lang='lat' dir='ltr'>rma.</span> <span class='ocrx_word' id='word_1_5' title='bbox 928 265 997 343; x_wconf 80' lang='lat' dir='ltr'>an</span> <span class='ocrx_word' id='word_1_6' title='bbox 1021 260 1153 344; x_wconf 82' lang='lat' dir='ltr'>msc.</span> <span class='ocrx_word' id='word_1_7' title='bbox 1178 237 1329 372; x_wconf 71' lang='lat' dir='ltr'>naor,</span> <span class='ocrx_word' id='word_1_8' title='bbox 1349 259 1419 341; x_wconf 84' lang='lat' dir='ltr'>ur</span> <span class='ocrx_word' id='word_1_9' title='bbox 1444 261 1641 342; x_wconf 76' lang='lat' dir='ltr'>aurcos.</span> <span class='ocrx_word' id='word_1_10' title='bbox 1665 245 2016 344; x_wconf 74' lang='lat' dir='ltr'>senesanna·</span> <span class='ocrx_word' id='word_1_11' title='bbox 2158 235 2232 340; x_wconf 73' lang='lat' dir='ltr'>‘aaa</span> 
     </span>
    </p>
   </div>
   <div class='ocr_carea' id='block_1_2' title="bbox 37 429 2264 5496">
    <p class='ocr_par' dir='ltr' id='par_1_2' title="bbox 37 429 2264 1967">
     <span class='ocr_line' id='line_1_2' title="bbox 303 429 2232 552; baseline -0.016 -16"><span class='ocrx_word' id='word_1_12' title='bbox 303 459 465 552; x_wconf 87' lang='lat' dir='ltr'>Denique</span> <span class='ocrx_word' id='word_1_13' title='bbox 486 451 635 524; x_wconf 83' lang='lat' dir='ltr'>usitatas</span> <span class='ocrx_word' id='word_1_14' title='bbox 654 445 765 518; x_wconf 71' lang='lat' dir='ltr'>fuine</span> <span class='ocrx_word' id='word_1_15' title='bbox 784 457 1003 534; x_wconf 33' lang='lat' dir='ltr'>,magnarum</span> <span class='ocrx_word' id='word_1_16' title='bbox 1034 437 1193 531; x_wconf 81' lang='lat' dir='ltr'>gentium</span> <span class='ocrx_word' id='word_1_17' title='bbox 1238 439 1409 512; x_wconf 81' lang='lat' dir='ltr'>dixerunt</span> <span class='ocrx_word' id='word_1_18' title='bbox 1422 429 1617 536; x_wconf 67' lang='lat' dir='ltr'>uenena„</span> <span class='ocrx_word' id='word_1_19' title='bbox 1637 437 1763 523; x_wconf 87' lang='lat' dir='ltr'>idest,</span> <span class='ocrx_word' id='word_1_20' title='bbox 1787 437 1942 514; x_wconf 83' lang='lat' dir='ltr'>subinde</span> <span class='ocrx_word' id='word_1_21' title='bbox 1952 437 2026 510; x_wconf 80' lang='lat' dir='ltr'>alia</span> <span class='ocrx_word' id='word_1_22' title='bbox 2045 459 2179 532; x_wconf 85' lang='lat' dir='ltr'>pascua</span> <span class='ocrx_word' id='word_1_23' title='bbox 2199 455 2232 511; x_wconf 79' lang='lat' dir='ltr'>ar</span> 
     </span>
     <span class='ocr_line' id='line_1_3' title="bbox 85 541 2085 659; baseline -0.023 -14"><span class='ocrx_word' id='word_1_24' title='bbox 85 549 92 564; x_wconf 58' lang='grc'>’</span> <span class='ocrx_word' id='word_1_25' title='bbox 203 567 432 659; x_wconf 82' lang='lat' dir='ltr'>migrationes</span> <span class='ocrx_word' id='word_1_26' title='bbox 455 551 550 625; x_wconf 89' lang='lat' dir='ltr'>nihil</span> <span class='ocrx_word' id='word_1_27' title='bbox 574 549 726 622; x_wconf 88' lang='lat' dir='ltr'>dubium</span> <span class='ocrx_word' id='word_1_28' title='bbox 747 558 811 621; x_wconf 88' lang='lat' dir='ltr'>est.</span> <span class='ocrx_word' id='word_1_29' title='bbox 870 543 985 636; x_wconf 89' lang='lat' dir='ltr'>Saepe</span> <span class='ocrx_word' id='word_1_30' title='bbox 1006 543 1113 616; x_wconf 88' lang='lat' dir='ltr'>etiarn</span> <span class='ocrx_word' id='word_1_31' title='bbox 1137 542 1195 612; x_wconf 81' lang='lat' dir='ltr'>di-</span> <span class='ocrx_word' id='word_1_32' title='bbox 1242 541 1313 614; x_wconf 90' lang='lat' dir='ltr'>alia</span> <span class='ocrx_word' id='word_1_33' title='bbox 1327 541 1404 613; x_wconf 88' lang='lat' dir='ltr'>luca</span> <span class='ocrx_word' id='word_1_34' title='bbox 1420 553 1640 635; x_wconf 67' lang='lat' dir='ltr'>quaerentes.</span> <span class='ocrx_word' id='word_1_35' title='bbox 1771 599 1788 626; x_wconf 27' lang='lat'>,¹</span> <span class='ocrx_word' id='word_1_36' title='bbox 1931 571 1934 578; x_wconf 49' lang='grc'>’</span> <span class='ocrx_word' id='word_1_37' title='bbox 2079 615 2085 634; x_wconf 36' lang='grc' dir='ltr'><strong><em>Ι</em></strong></span> 
     </span>
     <span class='ocr_line' id='line_1_4' title="bbox 177 635 2232 752; baseline -0.015 -10"><span class='ocrx_word' id='word_1_38' title='bbox 177 673 456 752; x_wconf 72' lang='lat' dir='ltr'>,versaegentes</span> <span class='ocrx_word' id='word_1_39' title='bbox 473 655 684 727; x_wconf 88' lang='lat' dir='ltr'>coniunctae</span> <span class='ocrx_word' id='word_1_40' title='bbox 699 658 802 733; x_wconf 90' lang='lat' dir='ltr'>sunt,</span> <span class='ocrx_word' id='word_1_41' title='bbox 827 659 864 718; x_wconf 92' lang='lat' dir='ltr'>et</span> <span class='ocrx_word' id='word_1_42' title='bbox 883 647 981 715; x_wconf 87' lang='lat' dir='ltr'>sedes</span> <span class='ocrx_word' id='word_1_43' title='bbox 1003 645 1043 712; x_wconf 92' lang='lat' dir='ltr'>in</span> <span class='ocrx_word' id='word_1_44' title='bbox 1064 642 1194 744; x_wconf 74' lang='lat' dir='ltr'>uicinis</span> <span class='ocrx_word' id='word_1_45' title='bbox 1300 637 1302 642; x_wconf 70' lang='grc'>’</span> <span class='ocrx_word' id='word_1_46' title='bbox 1345 637 1568 712; x_wconf 81' lang='lat' dir='ltr'>Sarmata</span> <span class='ocrx_word' id='word_1_47' title='bbox 1602 641 1733 715; x_wconf 85' lang='lat' dir='ltr'>rectius</span> <span class='ocrx_word' id='word_1_48' title='bbox 1753 635 1967 716; x_wconf 71' lang='lat' dir='ltr'><strong>Sauromata</strong></span> <span class='ocrx_word' id='word_1_49' title='bbox 1988 655 2063 728; x_wconf 86' lang='lat' dir='ltr'>ast,</span> <span class='ocrx_word' id='word_1_50' title='bbox 2100 641 2232 726; x_wconf 80' lang='lat' dir='ltr'>idest,</span> 
     </span>
     <span class='ocr_line' id='line_1_5' title="bbox 37 741 2234 854; baseline -0.016 -6"><span class='ocrx_word' id='word_1_51' title='bbox 37 803 44 820; x_wconf 86' lang='lat'><strong><em>¹</em></strong></span> <span class='ocrx_word' id='word_1_52' title='bbox 168 771 294 845; x_wconf 86' lang='lat' dir='ltr'>·locis</span> <span class='ocrx_word' id='word_1_53' title='bbox 319 771 524 854; x_wconf 86' lang='lat' dir='ltr'>coeperunt,</span> <span class='ocrx_word' id='word_1_54' title='bbox 555 768 598 826; x_wconf 89' lang='lat' dir='ltr'>ut</span> <span class='ocrx_word' id='word_1_55' title='bbox 619 750 846 822; x_wconf 86' lang='lat' dir='ltr'>menifestum</span> <span class='ocrx_word' id='word_1_56' title='bbox 870 747 941 832; x_wconf 79' lang='lat' dir='ltr'>est,</span> <span class='ocrx_word' id='word_1_57' title='bbox 973 743 1194 818; x_wconf 68' lang='lat' dir='ltr'>Teutonicae</span> <span class='ocrx_word' id='word_1_58' title='bbox 1242 743 1326 818; x_wconf 82' lang='lat' dir='ltr'>Dur</span> <span class='ocrx_word' id='word_1_59' title='bbox 1348 743 1563 816; x_wconf 88' lang='lat' dir='ltr'>altitudinis.</span> <span class='ocrx_word' id='word_1_60' title='bbox 1625 742 1734 832; x_wconf 88' lang='lat' dir='ltr'>Quod</span> <span class='ocrx_word' id='word_1_61' title='bbox 1756 742 1921 834; x_wconf 72' lang='lat' dir='ltr'>intelligo</span> <span class='ocrx_word' id='word_1_62' title='bbox 1942 741 2156 834; x_wconf 69' lang='lat' dir='ltr'>deregiona</span> <span class='ocrx_word' id='word_1_63' title='bbox 2176 765 2234 813; x_wconf 86' lang='lat' dir='ltr'>an-</span> 
     </span>
     <span class='ocr_line' id='line_1_6' title="bbox 207 843 2235 964; baseline -0.013 -25"><span class='ocrx_word' id='word_1_64' title='bbox 207 872 304 964; x_wconf 81' lang='lat' dir='ltr'>genti</span> <span class='ocrx_word' id='word_1_65' title='bbox 321 862 532 957; x_wconf 78' lang='lat' dir='ltr'>permistam</span> <span class='ocrx_word' id='word_1_66' title='bbox 552 848 627 928; x_wconf 75' lang='lat' dir='ltr'>essi</span> <span class='ocrx_word' id='word_1_67' title='bbox 645 851 838 936; x_wconf 87' lang='lat' dir='ltr'>Henetam,</span> <span class='ocrx_word' id='word_1_68' title='bbox 869 861 906 918; x_wconf 89' lang='lat' dir='ltr'>et</span> <span class='ocrx_word' id='word_1_69' title='bbox 926 847 1015 918; x_wconf 88' lang='lat' dir='ltr'>inde</span> <span class='ocrx_word' id='word_1_70' title='bbox 1035 868 1195 940; x_wconf 89' lang='lat' dir='ltr'>nsquea</span> <span class='ocrx_word' id='word_1_71' title='bbox 1244 848 1334 932; x_wconf 91' lang='lat' dir='ltr'>dua,</span> <span class='ocrx_word' id='word_1_72' title='bbox 1373 845 1457 939; x_wconf 91' lang='lat' dir='ltr'>quia</span> <span class='ocrx_word' id='word_1_73' title='bbox 1484 844 1636 936; x_wconf 85' lang='lat' dir='ltr'>ssmrgit</span> <span class='ocrx_word' id='word_1_74' title='bbox 1664 857 1758 916; x_wconf 89' lang='lat' dir='ltr'>terra</span> <span class='ocrx_word' id='word_1_75' title='bbox 1789 865 1913 914; x_wconf 83' lang='lat' dir='ltr'>versus</span> <span class='ocrx_word' id='word_1_76' title='bbox 1936 843 2235 938; x_wconf 70' lang='lat' dir='ltr'>Septentrionem,</span> 
     </span>
     <span class='ocr_line' id='line_1_7' title="bbox 207 943 2236 1065; baseline -0.016 -22"><span class='ocrx_word' id='word_1_77' title='bbox 207 963 385 1065; x_wconf 72' lang='lat' dir='ltr'>Carpatho</span> <span class='ocrx_word' id='word_1_78' title='bbox 400 965 444 1034; x_wconf 90' lang='lat' dir='ltr'>ad</span> <span class='ocrx_word' id='word_1_79' title='bbox 463 957 587 1031; x_wconf 85' lang='lat' dir='ltr'>Albim</span> <span class='ocrx_word' id='word_1_80' title='bbox 600 956 701 1027; x_wconf 89' lang='lat' dir='ltr'>sedes</span> <span class='ocrx_word' id='word_1_81' title='bbox 712 952 932 1044; x_wconf 88' lang='lat' dir='ltr'>promiscuas</span> <span class='ocrx_word' id='word_1_82' title='bbox 948 943 1126 1019; x_wconf 89' lang='lat' dir='ltr'>habuisse.</span> <span class='ocrx_word' id='word_1_83' title='bbox 1245 946 1346 1042; x_wconf 88' lang='lat' dir='ltr'>quasi</span> <span class='ocrx_word' id='word_1_84' title='bbox 1361 947 1475 1033; x_wconf 87' lang='lat' dir='ltr'>dicas,</span> <span class='ocrx_word' id='word_1_85' title='bbox 1506 947 1633 1020; x_wconf 84' lang='lat' dir='ltr'>ducem</span> <span class='ocrx_word' id='word_1_86' title='bbox 1652 943 1848 1037; x_wconf 87' lang='lat' dir='ltr'>superioris</span> <span class='ocrx_word' id='word_1_87' title='bbox 1868 947 2038 1036; x_wconf 85' lang='lat' dir='ltr'>regionis.</span> <span class='ocrx_word' id='word_1_88' title='bbox 2084 943 2144 1018; x_wconf 81' lang='lat' dir='ltr'>Er</span> <span class='ocrx_word' id='word_1_89' title='bbox 2168 971 2236 1016; x_wconf 87' lang='lat' dir='ltr'>no-</span> 
     </span>
     <span class='ocr_line' id='line_1_8' title="bbox 308 1042 2238 1158; baseline -0.013 -19"><span class='ocrx_word' id='word_1_90' title='bbox 308 1067 408 1158; x_wconf 88' lang='lat' dir='ltr'>Quid</span> <span class='ocrx_word' id='word_1_91' title='bbox 424 1085 521 1133; x_wconf 90' lang='lat' dir='ltr'>nuuc</span> <span class='ocrx_word' id='word_1_92' title='bbox 534 1056 698 1132; x_wconf 74' lang='lat' dir='ltr'>usitatius</span> <span class='ocrx_word' id='word_1_93' title='bbox 714 1065 766 1124; x_wconf 90' lang='lat' dir='ltr'>est</span> <span class='ocrx_word' id='word_1_94' title='bbox 779 1054 998 1146; x_wconf 88' lang='lat' dir='ltr'>privatorum</span> <span class='ocrx_word' id='word_1_95' title='bbox 1012 1049 1197 1140; x_wconf 86' lang='lat' dir='ltr'>migratio·</span> <span class='ocrx_word' id='word_1_96' title='bbox 1244 1049 1343 1118; x_wconf 87' lang='lat' dir='ltr'>minc</span> <span class='ocrx_word' id='word_1_97' title='bbox 1368 1046 1529 1120; x_wconf 75' lang='lat' dir='ltr'>Sarmata</span> <span class='ocrx_word' id='word_1_98' title='bbox 1556 1047 1719 1119; x_wconf 84' lang='lat' dir='ltr'>existimo</span> <span class='ocrx_word' id='word_1_99' title='bbox 1746 1045 1877 1120; x_wconf 86' lang='lat' dir='ltr'>factum</span> <span class='ocrx_word' id='word_1_100' title='bbox 1898 1069 1973 1117; x_wconf 87' lang='lat' dir='ltr'>asse</span> <span class='ocrx_word' id='word_1_101' title='bbox 1997 1071 2131 1118; x_wconf 89' lang='lat' dir='ltr'>nomen</span> <span class='ocrx_word' id='word_1_102' title='bbox 2152 1042 2238 1116; x_wconf 88' lang='lat' dir='ltr'>So-</span> 
     </span>
     <span class='ocr_line' id='line_1_9' title="bbox 52 1147 2238 1262; baseline -0.015 -13"><span class='ocrx_word' id='word_1_103' title='bbox 52 1229 57 1248; x_wconf 86' lang='lat'>.</span> <span class='ocrx_word' id='word_1_104' title='bbox 208 1169 337 1250; x_wconf 81' lang='lat' dir='ltr'>nibus?</span> <span class='ocrx_word' id='word_1_105' title='bbox 370 1187 522 1262; x_wconf 88' lang='lat' dir='ltr'>quarum</span> <span class='ocrx_word' id='word_1_106' title='bbox 553 1155 788 1258; x_wconf 81' lang='lat' dir='ltr'>consideratio</span> <span class='ocrx_word' id='word_1_107' title='bbox 820 1151 1112 1225; x_wconf 81' lang='lat' dir='ltr'>commonefaciat</span> <span class='ocrx_word' id='word_1_108' title='bbox 1131 1172 1197 1220; x_wconf 91' lang='lat' dir='ltr'>nos</span> <span class='ocrx_word' id='word_1_109' title='bbox 1247 1147 1372 1230; x_wconf 83' lang='lat' dir='ltr'>rabi,</span> <span class='ocrx_word' id='word_1_110' title='bbox 1397 1150 1521 1242; x_wconf 91' lang='lat' dir='ltr'>paucis</span> <span class='ocrx_word' id='word_1_111' title='bbox 1534 1149 1648 1222; x_wconf 88' lang='lat' dir='ltr'>literis</span> <span class='ocrx_word' id='word_1_112' title='bbox 1662 1147 1826 1233; x_wconf 88' lang='lat' dir='ltr'>mutatis,</span> <span class='ocrx_word' id='word_1_113' title='bbox 1852 1171 1943 1240; x_wconf 91' lang='lat' dir='ltr'>quse</span> <span class='ocrx_word' id='word_1_114' title='bbox 1956 1149 2150 1242; x_wconf 88' lang='lat' dir='ltr'>appellatio</span> <span class='ocrx_word' id='word_1_115' title='bbox 2172 1151 2238 1217; x_wconf 89' lang='lat' dir='ltr'>ad-</span> 
     </span>
     <span class='ocr_line' id='line_1_10' title="bbox 211 1244 2240 1348; baseline -0.013 -6"><span class='ocrx_word' id='word_1_116' title='bbox 211 1283 254 1348; x_wconf 89' lang='lat' dir='ltr'>da</span> <span class='ocrx_word' id='word_1_117' title='bbox 283 1267 527 1340; x_wconf 86' lang='lat' dir='ltr'>imbecillitate</span> <span class='ocrx_word' id='word_1_118' title='bbox 555 1281 675 1332; x_wconf 90' lang='lat' dir='ltr'>rerum</span> <span class='ocrx_word' id='word_1_119' title='bbox 704 1253 964 1340; x_wconf 89' lang='lat' dir='ltr'>humanarum,</span> <span class='ocrx_word' id='word_1_120' title='bbox 979 1266 1038 1348; x_wconf 30' lang='lat' dir='ltr'>,ut</span> <span class='ocrx_word' id='word_1_121' title='bbox 1063 1251 1198 1342; x_wconf 87' lang='lat' dir='ltr'>cogite·</span> <span class='ocrx_word' id='word_1_122' title='bbox 1247 1247 1319 1323; x_wconf 94' lang='lat' dir='ltr'>huc</span> <span class='ocrx_word' id='word_1_123' title='bbox 1340 1265 1390 1324; x_wconf 89' lang='lat' dir='ltr'>est</span> <span class='ocrx_word' id='word_1_124' title='bbox 1413 1271 1560 1340; x_wconf 85' lang='lat' dir='ltr'>magnae</span> <span class='ocrx_word' id='word_1_125' title='bbox 1580 1249 1739 1338; x_wconf 79' lang='lat' dir='ltr'>regionis</span> <span class='ocrx_word' id='word_1_126' title='bbox 1760 1247 1800 1317; x_wconf 93' lang='lat' dir='ltr'>in</span> <span class='ocrx_word' id='word_1_127' title='bbox 1825 1244 1969 1343; x_wconf 89' lang='lat' dir='ltr'>lllyrico</span> <span class='ocrx_word' id='word_1_128' title='bbox 1995 1245 2138 1322; x_wconf 72' lang='lat' dir='ltr'>Servio.</span> <span class='ocrx_word' id='word_1_129' title='bbox 2190 1247 2240 1322; x_wconf 88' lang='lat' dir='ltr'>Et</span> 
     </span>
     <span class='ocr_line' id='line_1_11' title="bbox 211 1347 2238 1455; baseline -0.01 -16"><span class='ocrx_word' id='word_1_130' title='bbox 211 1395 307 1455; x_wconf 78' lang='lat' dir='ltr'>mus,</span> <span class='ocrx_word' id='word_1_131' title='bbox 333 1368 484 1443; x_wconf 81' lang='lat' dir='ltr'>Unicum</span> <span class='ocrx_word' id='word_1_132' title='bbox 501 1385 575 1436; x_wconf 89' lang='lat' dir='ltr'>essa</span> <span class='ocrx_word' id='word_1_133' title='bbox 596 1372 803 1453; x_wconf 85' lang='lat' dir='ltr'>perpetuom</span> <span class='ocrx_word' id='word_1_134' title='bbox 824 1354 978 1448; x_wconf 84' lang='lat' dir='ltr'>patriam</span> <span class='ocrx_word' id='word_1_135' title='bbox 999 1354 1198 1432; x_wconf 87' lang='lat' dir='ltr'>coelestem,</span> <span class='ocrx_word' id='word_1_136' title='bbox 1247 1353 1287 1422; x_wconf 84' lang='lat' dir='ltr'>iu</span> <span class='ocrx_word' id='word_1_137' title='bbox 1304 1348 1452 1423; x_wconf 91' lang='lat' dir='ltr'>historia</span> <span class='ocrx_word' id='word_1_138' title='bbox 1466 1349 1588 1422; x_wconf 89' lang='lat' dir='ltr'>Caroli</span> <span class='ocrx_word' id='word_1_139' title='bbox 1602 1347 1728 1440; x_wconf 88' lang='lat' dir='ltr'>Magni</span> <span class='ocrx_word' id='word_1_140' title='bbox 1743 1350 1891 1440; x_wconf 85' lang='lat' dir='ltr'>legitur,</span> <span class='ocrx_word' id='word_1_141' title='bbox 1916 1352 1960 1420; x_wconf 88' lang='lat' dir='ltr'>ad</span> <span class='ocrx_word' id='word_1_142' title='bbox 1976 1349 2096 1433; x_wconf 70' lang='lat' dir='ltr'>Salrm</span> <span class='ocrx_word' id='word_1_143' title='bbox 2110 1351 2157 1422; x_wconf 91' lang='lat' dir='ltr'>ab</span> <span class='ocrx_word' id='word_1_144' title='bbox 2177 1373 2238 1419; x_wconf 89' lang='lat' dir='ltr'>eo-</span> 
     </span>
     <span class='ocr_line' id='line_1_12' title="bbox 70 1446 2237 1562; baseline -0.019 -11"><span class='ocrx_word' id='word_1_145' title='bbox 70 1479 76 1492; x_wconf 91' lang='lat'>&#39;</span> <span class='ocrx_word' id='word_1_146' title='bbox 206 1475 302 1548; x_wconf 88' lang='lat' dir='ltr'>&#39;hanc</span> <span class='ocrx_word' id='word_1_147' title='bbox 327 1468 557 1562; x_wconf 84' lang='lat' dir='ltr'>expetendam</span> <span class='ocrx_word' id='word_1_148' title='bbox 579 1485 670 1554; x_wconf 84' lang='lat' dir='ltr'>csse,</span> <span class='ocrx_word' id='word_1_149' title='bbox 710 1458 816 1559; x_wconf 74' lang='lat' dir='ltr'>etad</span> <span class='ocrx_word' id='word_1_150' title='bbox 837 1479 915 1528; x_wconf 87' lang='lat' dir='ltr'>eam</span> <span class='ocrx_word' id='word_1_151' title='bbox 938 1455 1199 1548; x_wconf 87' lang='lat' dir='ltr'>praeparandos</span> <span class='ocrx_word' id='word_1_152' title='bbox 1248 1456 1329 1524; x_wconf 89' lang='lat' dir='ltr'>dem</span> <span class='ocrx_word' id='word_1_153' title='bbox 1345 1454 1501 1524; x_wconf 90' lang='lat' dir='ltr'>domitos</span> <span class='ocrx_word' id='word_1_154' title='bbox 1522 1475 1598 1522; x_wconf 90' lang='lat' dir='ltr'>esse</span> <span class='ocrx_word' id='word_1_155' title='bbox 1612 1447 1777 1542; x_wconf 78' lang='lat' dir='ltr'>sorabos.</span> <span class='ocrx_word' id='word_1_156' title='bbox 1832 1449 1905 1524; x_wconf 86' lang='lat' dir='ltr'>Ubi</span> <span class='ocrx_word' id='word_1_157' title='bbox 1925 1446 2043 1523; x_wconf 75' lang='lat' dir='ltr'>adhuc</span> <span class='ocrx_word' id='word_1_158' title='bbox 2062 1465 2148 1522; x_wconf 73' lang='lat' dir='ltr'>sunt</span> <span class='ocrx_word' id='word_1_159' title='bbox 2167 1475 2237 1523; x_wconf 88' lang='lat' dir='ltr'>no-</span> 
     </span>
     <span class='ocr_line' id='line_1_13' title="bbox 213 1553 1739 1648; baseline -0.014 0"><span class='ocrx_word' id='word_1_160' title='bbox 213 1567 285 1648; x_wconf 85' lang='lat' dir='ltr'>assa</span> <span class='ocrx_word' id='word_1_161' title='bbox 300 1573 439 1643; x_wconf 88' lang='lat' dir='ltr'>animos</span> <span class='ocrx_word' id='word_1_162' title='bbox 455 1580 608 1638; x_wconf 88' lang='lat' dir='ltr'>nostros.</span> <span class='ocrx_word' id='word_1_163' title='bbox 1109 1565 1112 1572; x_wconf 82' lang='grc'><em>’</em></span> <span class='ocrx_word' id='word_1_164' title='bbox 1248 1555 1346 1624; x_wconf 87' lang='lat' dir='ltr'>mina</span> <span class='ocrx_word' id='word_1_165' title='bbox 1362 1553 1502 1625; x_wconf 88' lang='lat' dir='ltr'>Sorben</span> <span class='ocrx_word' id='word_1_166' title='bbox 1517 1567 1551 1623; x_wconf 90' lang='lat' dir='ltr'>et</span> <span class='ocrx_word' id='word_1_167' title='bbox 1565 1553 1739 1626; x_wconf 86' lang='lat' dir='ltr'>Zorback.</span> 
     </span>
     <span class='ocr_line' id='line_1_14' title="bbox 311 1652 2239 1769; baseline -0.012 -23"><span class='ocrx_word' id='word_1_168' title='bbox 311 1664 517 1769; x_wconf 69' lang='lat' dir='ltr'>Riphea,</span> <span class='ocrx_word' id='word_1_169' title='bbox 539 1666 625 1736; x_wconf 91' lang='lat' dir='ltr'>inde</span> <span class='ocrx_word' id='word_1_170' title='bbox 638 1654 836 1759; x_wconf 79' lang='lat' dir='ltr'>Riphes’,</span> <span class='ocrx_word' id='word_1_171' title='bbox 859 1659 985 1744; x_wconf 90' lang='lat' dir='ltr'>idest,</span> <span class='ocrx_word' id='word_1_172' title='bbox 1011 1654 1199 1746; x_wconf 88' lang='lat' dir='ltr'>Gigantes.</span> <span class='ocrx_word' id='word_1_173' title='bbox 1352 1652 1451 1726; x_wconf 90' lang='lat' dir='ltr'>lotar</span> <span class='ocrx_word' id='word_1_174' title='bbox 1466 1653 1561 1724; x_wconf 86' lang='lat' dir='ltr'>filios</span> <span class='ocrx_word' id='word_1_175' title='bbox 1578 1653 1660 1726; x_wconf 90' lang='lat' dir='ltr'>Seru</span> <span class='ocrx_word' id='word_1_176' title='bbox 1682 1654 1722 1723; x_wconf 89' lang='lat' dir='ltr'>in</span> <span class='ocrx_word' id='word_1_177' title='bbox 1747 1653 1865 1746; x_wconf 89' lang='lat' dir='ltr'>primo</span> <span class='ocrx_word' id='word_1_178' title='bbox 1887 1653 1981 1726; x_wconf 92' lang='lat' dir='ltr'>libro</span> <span class='ocrx_word' id='word_1_179' title='bbox 1998 1655 2239 1749; x_wconf 80' lang='lat' dir='ltr'>anuiamo·</span> 
     </span>
     <span class='ocr_line' id='line_1_15' title="bbox 209 1749 2264 1856; baseline -0.014 -7"><span class='ocrx_word' id='word_1_180' title='bbox 209 1775 401 1850; x_wconf 85' lang='lat' dir='ltr'>Notissima</span> <span class='ocrx_word' id='word_1_181' title='bbox 427 1785 480 1843; x_wconf 89' lang='lat' dir='ltr'>est</span> <span class='ocrx_word' id='word_1_182' title='bbox 500 1781 618 1840; x_wconf 88' lang='lat' dir='ltr'>autam</span> <span class='ocrx_word' id='word_1_183' title='bbox 640 1762 830 1856; x_wconf 87' lang='lat' dir='ltr'>appellatio</span> <span class='ocrx_word' id='word_1_184' title='bbox 846 1756 1071 1852; x_wconf 87' lang='lat' dir='ltr'>Ripheorum</span> <span class='ocrx_word' id='word_1_185' title='bbox 1093 1779 1199 1828; x_wconf 91' lang='lat' dir='ltr'>mon·</span> <span class='ocrx_word' id='word_1_186' title='bbox 1247 1751 1374 1849; x_wconf 73' lang='grc' dir='ltr'>μένων</span> <span class='ocrx_word' id='word_1_187' title='bbox 1390 1779 1466 1848; x_wconf 86' lang='lat' dir='ltr'>cap.</span> <span class='ocrx_word' id='word_1_188' title='bbox 1483 1757 1515 1831; x_wconf 88' lang='lat'>1.</span> <span class='ocrx_word' id='word_1_189' title='bbox 1531 1755 1735 1846; x_wconf 79' lang='lat' dir='ltr'>nominatus</span> <span class='ocrx_word' id='word_1_190' title='bbox 1752 1768 1804 1827; x_wconf 88' lang='lat' dir='ltr'>est</span> <span class='ocrx_word' id='word_1_191' title='bbox 1819 1749 2007 1838; x_wconf 77' lang='lat' dir='ltr'>Gathar,</span> <span class='ocrx_word' id='word_1_192' title='bbox 2034 1777 2144 1848; x_wconf 89' lang='lat' dir='ltr'>aquo</span> <span class='ocrx_word' id='word_1_193' title='bbox 2160 1750 2264 1838; x_wconf 66' lang='lat' dir='ltr'>Ge-,</span> 
     </span>
     <span class='ocr_line' id='line_1_16' title="bbox 212 1859 1874 1967; baseline -0.011 -18"><span class='ocrx_word' id='word_1_194' title='bbox 212 1880 317 1963; x_wconf 92' lang='lat' dir='ltr'>tium,</span> <span class='ocrx_word' id='word_1_195' title='bbox 342 1873 531 1967; x_wconf 89' lang='lat' dir='ltr'>dequibus</span> <span class='ocrx_word' id='word_1_196' title='bbox 549 1866 614 1938; x_wconf 91' lang='lat' dir='ltr'>etsi</span> <span class='ocrx_word' id='word_1_197' title='bbox 628 1865 716 1959; x_wconf 89' lang='lat' dir='ltr'>qnid</span> <span class='ocrx_word' id='word_1_198' title='bbox 734 1864 797 1932; x_wconf 90' lang='lat' dir='ltr'>alii</span> <span class='ocrx_word' id='word_1_199' title='bbox 811 1862 982 1944; x_wconf 90' lang='lat' dir='ltr'>scribant,</span> <span class='ocrx_word' id='word_1_200' title='bbox 1006 1880 1082 1928; x_wconf 93' lang='lat' dir='ltr'>non</span> <span class='ocrx_word' id='word_1_201' title='bbox 1097 1859 1200 1946; x_wconf 87' lang='lat' dir='ltr'>igno-</span> <span class='ocrx_word' id='word_1_202' title='bbox 1249 1873 1303 1930; x_wconf 92' lang='lat' dir='ltr'>tas</span> <span class='ocrx_word' id='word_1_203' title='bbox 1318 1871 1415 1926; x_wconf 86' lang='lat' dir='ltr'>ortos</span> <span class='ocrx_word' id='word_1_204' title='bbox 1431 1879 1504 1926; x_wconf 90' lang='lat' dir='ltr'>esse</span> <span class='ocrx_word' id='word_1_205' title='bbox 1521 1870 1797 1928; x_wconf 89' lang='lat' dir='ltr'>consentaneum</span> <span class='ocrx_word' id='word_1_206' title='bbox 1811 1869 1874 1930; x_wconf 85' lang='lat' dir='ltr'>cst.</span> 
     </span>
    </p>

    <p class='ocr_par' dir='ltr' id='par_1_3' title="bbox 176 1953 2239 2657">
     <span class='ocr_line' id='line_1_17' title="bbox 176 1953 2238 2060; baseline -0.015 -8"><span class='ocrx_word' id='word_1_207' title='bbox 176 2031 179 2040; x_wconf 76' lang='lat'><em>·</em></span> <span class='ocrx_word' id='word_1_208' title='bbox 211 1999 273 2060; x_wconf 86' lang='lat' dir='ltr'>ro,¹</span> <span class='ocrx_word' id='word_1_209' title='bbox 297 1993 418 2048; x_wconf 86' lang='lat' dir='ltr'>tamen</span> <span class='ocrx_word' id='word_1_210' title='bbox 436 1974 475 2042; x_wconf 91' lang='lat' dir='ltr'>in</span> <span class='ocrx_word' id='word_1_211' title='bbox 493 1971 554 2040; x_wconf 89' lang='lat' dir='ltr'>illa</span> <span class='ocrx_word' id='word_1_212' title='bbox 569 1963 944 2060; x_wconf 88' lang='lat' dir='ltr'>parteSeptantrionis</span> <span class='ocrx_word' id='word_1_213' title='bbox 968 1956 1055 2030; x_wconf 93' lang='lat' dir='ltr'>haec</span> <span class='ocrx_word' id='word_1_214' title='bbox 1078 1959 1200 2050; x_wconf 87' lang='lat' dir='ltr'>appel·</span> <span class='ocrx_word' id='word_1_215' title='bbox 1352 1955 1462 2028; x_wconf 90' lang='lat' dir='ltr'>Getas</span> <span class='ocrx_word' id='word_1_216' title='bbox 1489 1970 1606 2028; x_wconf 88' lang='lat' dir='ltr'>autem</span> <span class='ocrx_word' id='word_1_217' title='bbox 1632 1953 1762 2030; x_wconf 86' lang='lat' dir='ltr'>Gottos</span> <span class='ocrx_word' id='word_1_218' title='bbox 1787 1971 1910 2049; x_wconf 83' lang='lat' dir='ltr'>postea</span> <span class='ocrx_word' id='word_1_219' title='bbox 1936 1954 2139 2026; x_wconf 88' lang='lat' dir='ltr'>nominatos</span> <span class='ocrx_word' id='word_1_220' title='bbox 2162 1977 2238 2042; x_wconf 80' lang='lat' dir='ltr'>esse</span> 
     </span>
     <span class='ocr_line' id='line_1_18' title="bbox 212 2057 2238 2159; baseline -0.014 -9"><span class='ocrx_word' id='word_1_221' title='bbox 212 2080 299 2152; x_wconf 90' lang='lat' dir='ltr'>latio</span> <span class='ocrx_word' id='word_1_222' title='bbox 323 2073 552 2148; x_wconf 85' lang='lat' dir='ltr'>celeberrima</span> <span class='ocrx_word' id='word_1_223' title='bbox 575 2068 662 2151; x_wconf 87' lang='lat' dir='ltr'>fuit,</span> <span class='ocrx_word' id='word_1_224' title='bbox 686 2067 727 2134; x_wconf 92' lang='lat' dir='ltr'>in</span> <span class='ocrx_word' id='word_1_225' title='bbox 748 2089 818 2159; x_wconf 89' lang='lat' dir='ltr'>qua</span> <span class='ocrx_word' id='word_1_226' title='bbox 838 2064 986 2134; x_wconf 85' lang='lat' dir='ltr'>suerunt</span> <span class='ocrx_word' id='word_1_227' title='bbox 1007 2059 1199 2142; x_wconf 88' lang='lat' dir='ltr'>Sarmatae,</span> <span class='ocrx_word' id='word_1_228' title='bbox 1250 2081 1325 2129; x_wconf 92' lang='lat' dir='ltr'>uon</span> <span class='ocrx_word' id='word_1_229' title='bbox 1338 2058 1491 2130; x_wconf 89' lang='lat' dir='ltr'>dubium</span> <span class='ocrx_word' id='word_1_230' title='bbox 1506 2071 1576 2142; x_wconf 90' lang='lat' dir='ltr'>est,</span> <span class='ocrx_word' id='word_1_231' title='bbox 1602 2057 1665 2152; x_wconf 89' lang='lat' dir='ltr'>qui</span> <span class='ocrx_word' id='word_1_232' title='bbox 1680 2057 1854 2148; x_wconf 77' lang='lat' dir='ltr'>progressi</span> <span class='ocrx_word' id='word_1_233' title='bbox 1870 2071 2062 2129; x_wconf 89' lang='lat' dir='ltr'>tenuerunt</span> <span class='ocrx_word' id='word_1_234' title='bbox 2078 2079 2157 2126; x_wconf 90' lang='lat' dir='ltr'>eam</span> <span class='ocrx_word' id='word_1_235' title='bbox 2179 2079 2238 2124; x_wconf 88' lang='lat' dir='ltr'>ra-</span> 
     </span>
     <span class='ocr_line' id='line_1_19' title="bbox 214 2153 2239 2254; baseline -0.014 0"><span class='ocrx_word' id='word_1_236' title='bbox 214 2196 249 2254; x_wconf 89' lang='lat' dir='ltr'>et</span> <span class='ocrx_word' id='word_1_237' title='bbox 276 2182 372 2250; x_wconf 90' lang='lat' dir='ltr'>inter</span> <span class='ocrx_word' id='word_1_238' title='bbox 394 2176 574 2248; x_wconf 89' lang='lat' dir='ltr'>Sarmatas</span> <span class='ocrx_word' id='word_1_239' title='bbox 595 2166 747 2253; x_wconf 90' lang='lat' dir='ltr'>Heneti,</span> <span class='ocrx_word' id='word_1_240' title='bbox 785 2165 878 2236; x_wconf 89' lang='lat' dir='ltr'>sicut</span> <span class='ocrx_word' id='word_1_241' title='bbox 899 2157 1120 2233; x_wconf 76' lang='lat' dir='ltr'>Ptblemaeus</span> <span class='ocrx_word' id='word_1_242' title='bbox 1141 2159 1200 2231; x_wconf 85' lang='lat' dir='ltr'>in·</span> <span class='ocrx_word' id='word_1_243' title='bbox 1249 2161 1410 2250; x_wconf 89' lang='lat' dir='ltr'>gioncm,</span> <span class='ocrx_word' id='word_1_244' title='bbox 1437 2183 1527 2254; x_wconf 90' lang='lat' dir='ltr'>quae</span> <span class='ocrx_word' id='word_1_245' title='bbox 1548 2182 1646 2229; x_wconf 89' lang='lat' dir='ltr'>nunc</span> <span class='ocrx_word' id='word_1_246' title='bbox 1667 2153 1875 2230; x_wconf 85' lang='lat' dir='ltr'>Wallarbia</span> <span class='ocrx_word' id='word_1_247' title='bbox 1898 2157 2050 2242; x_wconf 91' lang='lat' dir='ltr'>dicitur,</span> <span class='ocrx_word' id='word_1_248' title='bbox 2073 2170 2108 2228; x_wconf 90' lang='lat' dir='ltr'>et</span> <span class='ocrx_word' id='word_1_249' title='bbox 2131 2180 2239 2226; x_wconf 88' lang='lat' dir='ltr'>occu-</span> 
     </span>
     <span class='ocr_line' id='line_1_20' title="bbox 201 2255 2238 2375; baseline -0.014 -22"><span class='ocrx_word' id='word_1_250' title='bbox 201 2282 304 2375; x_wconf 83' lang='lat' dir='ltr'>‘quit,</span> <span class='ocrx_word' id='word_1_251' title='bbox 331 2281 571 2352; x_wconf 84' lang='lat' dir='ltr'>Sarmatarum</span> <span class='ocrx_word' id='word_1_252' title='bbox 587 2282 727 2360; x_wconf 87' lang='lat' dir='ltr'>gentem</span> <span class='ocrx_word' id='word_1_253' title='bbox 740 2266 929 2336; x_wconf 86' lang='lat' dir='ltr'>maximam</span> <span class='ocrx_word' id='word_1_254' title='bbox 937 2262 1095 2334; x_wconf 87' lang='lat' dir='ltr'>Henetus</span> <span class='ocrx_word' id='word_1_255' title='bbox 1111 2283 1199 2332; x_wconf 89' lang='lat' dir='ltr'>esse:</span> <span class='ocrx_word' id='word_1_256' title='bbox 1250 2273 1424 2353; x_wconf 88' lang='lat' dir='ltr'>paverunt</span> <span class='ocrx_word' id='word_1_257' title='bbox 1436 2261 1548 2351; x_wconf 88' lang='lat' dir='ltr'>ripam</span> <span class='ocrx_word' id='word_1_258' title='bbox 1557 2255 1726 2339; x_wconf 75' lang='lat' dir='ltr'>listulas,</span> <span class='ocrx_word' id='word_1_259' title='bbox 1753 2271 1789 2330; x_wconf 88' lang='lat' dir='ltr'>et</span> <span class='ocrx_word' id='word_1_260' title='bbox 1802 2257 1965 2331; x_wconf 87' lang='lat' dir='ltr'>Suaciarn</span> <span class='ocrx_word' id='word_1_261' title='bbox 1980 2257 2163 2347; x_wconf 66' lang='lat' dir='ltr'>atricioas</span> <span class='ocrx_word' id='word_1_262' title='bbox 2178 2281 2238 2326; x_wconf 87' lang='lat' dir='ltr'>re-</span> 
     </span>
     <span class='ocr_line' id='line_1_21' title="bbox 214 2354 2238 2457; baseline -0.015 -2"><span class='ocrx_word' id='word_1_263' title='bbox 214 2381 372 2455; x_wconf 89' lang='lat' dir='ltr'>Nomiuo</span> <span class='ocrx_word' id='word_1_264' title='bbox 388 2391 507 2448; x_wconf 90' lang='lat' dir='ltr'>autem</span> <span class='ocrx_word' id='word_1_265' title='bbox 520 2368 567 2439; x_wconf 89' lang='lat' dir='ltr'>H</span> <span class='ocrx_word' id='word_1_266' title='bbox 572 2393 620 2440; x_wconf 82' lang='lat' dir='ltr'>en</span> <span class='ocrx_word' id='word_1_267' title='bbox 631 2376 669 2437; x_wconf 83' lang='lat' dir='ltr'>el</span> <span class='ocrx_word' id='word_1_268' title='bbox 680 2391 725 2437; x_wconf 89' lang='lat' dir='ltr'>os</span> <span class='ocrx_word' id='word_1_269' title='bbox 741 2387 876 2451; x_wconf 89' lang='lat' dir='ltr'>omnes,</span> <span class='ocrx_word' id='word_1_270' title='bbox 895 2365 1101 2457; x_wconf 85' lang='lat' dir='ltr'>ubicunque</span> <span class='ocrx_word' id='word_1_271' title='bbox 1114 2385 1201 2434; x_wconf 75' lang='lat' dir='ltr'>con-</span> <span class='ocrx_word' id='word_1_272' title='bbox 1231 2367 1233 2373; x_wconf 85' lang='lat'>&#39;</span> <span class='ocrx_word' id='word_1_273' title='bbox 1250 2362 1383 2451; x_wconf 80' lang='lat' dir='ltr'>ginnas,</span> <span class='ocrx_word' id='word_1_274' title='bbox 1398 2361 1462 2431; x_wconf 92' lang='lat' dir='ltr'>ubi</span> <span class='ocrx_word' id='word_1_275' title='bbox 1473 2384 1603 2430; x_wconf 87' lang='lat' dir='ltr'>noman</span> <span class='ocrx_word' id='word_1_276' title='bbox 1615 2354 1894 2434; x_wconf 86' lang='lat' dir='ltr'>haesitGotthia.</span> <span class='ocrx_word' id='word_1_277' title='bbox 1925 2357 2107 2448; x_wconf 84' lang='lat' dir='ltr'>Significat</span> <span class='ocrx_word' id='word_1_278' title='bbox 2117 2370 2238 2426; x_wconf 90' lang='lat' dir='ltr'>autern</span> 
     </span>
     <span class='ocr_line' id='line_1_22' title="bbox 215 2457 2236 2569; baseline -0.015 -13"><span class='ocrx_word' id='word_1_279' title='bbox 215 2467 400 2563; x_wconf 85' lang='lat' dir='ltr'>sederunt,</span> <span class='ocrx_word' id='word_1_280' title='bbox 432 2475 494 2569; x_wconf 92' lang='lat' dir='ltr'>qni</span> <span class='ocrx_word' id='word_1_281' title='bbox 526 2473 649 2562; x_wconf 84' lang='lat' dir='ltr'>lingua</span> <span class='ocrx_word' id='word_1_282' title='bbox 667 2467 840 2542; x_wconf 89' lang='lat' dir='ltr'>Polonica</span> <span class='ocrx_word' id='word_1_283' title='bbox 863 2479 1034 2551; x_wconf 89' lang='lat' dir='ltr'>utuntur,</span> <span class='ocrx_word' id='word_1_284' title='bbox 1064 2463 1202 2534; x_wconf 86' lang='lat' dir='ltr'>etiamsi</span> <span class='ocrx_word' id='word_1_285' title='bbox 1251 2457 1348 2532; x_wconf 88' lang='lat' dir='ltr'>Geth</span> <span class='ocrx_word' id='word_1_286' title='bbox 1363 2463 1507 2534; x_wconf 87' lang='lat' dir='ltr'>molam.</span> <span class='ocrx_word' id='word_1_287' title='bbox 1560 2457 1698 2532; x_wconf 83' lang='lat' dir='ltr'>Gathar</span> <span class='ocrx_word' id='word_1_288' title='bbox 1721 2461 1889 2532; x_wconf 80' lang='lat' dir='ltr'>dominas</span> <span class='ocrx_word' id='word_1_289' title='bbox 1910 2459 2044 2540; x_wconf 87' lang='lat' dir='ltr'>molae,</span> <span class='ocrx_word' id='word_1_290' title='bbox 2077 2459 2236 2529; x_wconf 80' lang='lat' dir='ltr'>fortassis</span> 
     </span>
     <span class='ocr_line' id='line_1_23' title="bbox 215 2559 1964 2657; baseline -0.014 -3"><span class='ocrx_word' id='word_1_291' title='bbox 215 2583 375 2656; x_wconf 86' lang='lat' dir='ltr'>dialectis</span> <span class='ocrx_word' id='word_1_292' title='bbox 389 2579 573 2650; x_wconf 81' lang='lat' dir='ltr'>differunt.</span> <span class='ocrx_word' id='word_1_293' title='bbox 815 2560 822 2574; x_wconf 79' lang='grc'><strong>’</strong></span> <span class='ocrx_word' id='word_1_294' title='bbox 1250 2564 1335 2657; x_wconf 90' lang='lat' dir='ltr'>quia</span> <span class='ocrx_word' id='word_1_295' title='bbox 1349 2562 1537 2654; x_wconf 86' lang='lat' dir='ltr'>posteritas</span> <span class='ocrx_word' id='word_1_296' title='bbox 1552 2561 1629 2632; x_wconf 89' lang='lat' dir='ltr'>luca</span> <span class='ocrx_word' id='word_1_297' title='bbox 1640 2561 1822 2637; x_wconf 86' lang='lat' dir='ltr'>uberrima</span> <span class='ocrx_word' id='word_1_298' title='bbox 1837 2559 1964 2631; x_wconf 90' lang='lat' dir='ltr'>tenuit.</span> 
     </span>
    </p>

    <p class='ocr_par' dir='ltr' id='par_1_4' title="bbox 313 2659 2239 2768">
     <span class='ocr_line' id='line_1_24' title="bbox 313 2659 2239 2768; baseline -0.013 -13"><span class='ocrx_word' id='word_1_299' title='bbox 313 2681 387 2754; x_wconf 80' lang='lat' dir='ltr'>Nec</span> <span class='ocrx_word' id='word_1_300' title='bbox 409 2681 585 2768; x_wconf 87' lang='lat' dir='ltr'>discrepat</span> <span class='ocrx_word' id='word_1_301' title='bbox 605 2673 652 2746; x_wconf 86' lang='lat' dir='ltr'>ab</span> <span class='ocrx_word' id='word_1_302' title='bbox 675 2666 743 2743; x_wconf 91' lang='lat' dir='ltr'>hac</span> <span class='ocrx_word' id='word_1_303' title='bbox 763 2681 884 2742; x_wconf 89' lang='lat' dir='ltr'>nostra</span> <span class='ocrx_word' id='word_1_304' title='bbox 908 2665 1200 2760; x_wconf 80' lang='lat' dir='ltr'>interpretatione</span> <span class='ocrx_word' id='word_1_305' title='bbox 1352 2661 1462 2734; x_wconf 90' lang='lat' dir='ltr'>Getas</span> <span class='ocrx_word' id='word_1_306' title='bbox 1489 2675 1608 2735; x_wconf 90' lang='lat' dir='ltr'>autem</span> <span class='ocrx_word' id='word_1_307' title='bbox 1631 2663 1768 2736; x_wconf 90' lang='lat' dir='ltr'>locutos</span> <span class='ocrx_word' id='word_1_308' title='bbox 1789 2667 1871 2733; x_wconf 70' lang='lat' dir='ltr'>‘esse‘</span> <span class='ocrx_word' id='word_1_309' title='bbox 1884 2659 2082 2733; x_wconf 87' lang='lat' dir='ltr'>Teutonica</span> <span class='ocrx_word' id='word_1_310' title='bbox 2113 2660 2239 2750; x_wconf 84' lang='lat' dir='ltr'>lingua</span> 
     </span>
    </p>

    <p class='ocr_par' dir='ltr' id='par_1_5' title="bbox 155 2760 2240 3167">
     <span class='ocr_line' id='line_1_25' title="bbox 155 2760 2239 2878; baseline -0.014 -18"><span class='ocrx_word' id='word_1_311' title='bbox 155 2873 156 2878; x_wconf 5' lang='grc' dir='ltr'>ἵ</span> <span class='ocrx_word' id='word_1_312' title='bbox 214 2780 439 2877; x_wconf 84' lang='lat' dir='ltr'>Ripheorum</span> <span class='ocrx_word' id='word_1_313' title='bbox 459 2771 649 2869; x_wconf 87' lang='lat' dir='ltr'>Iosephus,</span> <span class='ocrx_word' id='word_1_314' title='bbox 675 2772 739 2865; x_wconf 87' lang='lat' dir='ltr'>qui</span> <span class='ocrx_word' id='word_1_315' title='bbox 762 2772 829 2856; x_wconf 88' lang='lat' dir='ltr'>ait,</span> <span class='ocrx_word' id='word_1_316' title='bbox 854 2761 1202 2862; x_wconf 68' lang='lat' dir='ltr'>aRiphalPaphla-</span> <span class='ocrx_word' id='word_1_317' title='bbox 1249 2766 1486 2838; x_wconf 85' lang='lat' dir='ltr'>nondubium</span> <span class='ocrx_word' id='word_1_318' title='bbox 1501 2778 1563 2834; x_wconf 90' lang='lat' dir='ltr'>ast.</span> <span class='ocrx_word' id='word_1_319' title='bbox 1615 2761 1777 2836; x_wconf 84' lang='lat' dir='ltr'>Fuerunt</span> <span class='ocrx_word' id='word_1_320' title='bbox 1797 2774 1881 2853; x_wconf 83' lang='lat' dir='ltr'>argo</span> <span class='ocrx_word' id='word_1_321' title='bbox 1901 2762 2004 2833; x_wconf 83' lang='lat' dir='ltr'>mixti</span> <span class='ocrx_word' id='word_1_322' title='bbox 2024 2763 2121 2852; x_wconf 86' lang='lat' dir='ltr'>genti</span> <span class='ocrx_word' id='word_1_323' title='bbox 2137 2760 2239 2832; x_wconf 89' lang='lat' dir='ltr'>Teu-</span> 
     </span>
     <span class='ocr_line' id='line_1_26' title="bbox 215 2859 2239 2976; baseline -0.013 -19"><span class='ocrx_word' id='word_1_324' title='bbox 215 2909 324 2976; x_wconf 89' lang='lat' dir='ltr'>gones</span> <span class='ocrx_word' id='word_1_325' title='bbox 337 2898 434 2955; x_wconf 91' lang='lat' dir='ltr'>ortos</span> <span class='ocrx_word' id='word_1_326' title='bbox 448 2903 542 2966; x_wconf 90' lang='lat' dir='ltr'>essa,</span> <span class='ocrx_word' id='word_1_327' title='bbox 567 2898 721 2970; x_wconf 91' lang='lat' dir='ltr'>quorum</span> <span class='ocrx_word' id='word_1_328' title='bbox 741 2871 929 2966; x_wconf 87' lang='lat' dir='ltr'>appellatio</span> <span class='ocrx_word' id='word_1_329' title='bbox 945 2869 1120 2962; x_wconf 84' lang='lat' dir='ltr'>posterior</span> <span class='ocrx_word' id='word_1_330' title='bbox 1139 2877 1201 2941; x_wconf 86' lang='lat' dir='ltr'>est.</span> <span class='ocrx_word' id='word_1_331' title='bbox 1250 2867 1406 2950; x_wconf 88' lang='lat' dir='ltr'>tunicae,</span> <span class='ocrx_word' id='word_1_332' title='bbox 1430 2887 1521 2959; x_wconf 89' lang='lat' dir='ltr'>quoe</span> <span class='ocrx_word' id='word_1_333' title='bbox 1537 2889 1670 2962; x_wconf 88' lang='lat' dir='ltr'>noman</span> <span class='ocrx_word' id='word_1_334' title='bbox 1682 2863 1812 2936; x_wconf 91' lang='lat' dir='ltr'>habuit</span> <span class='ocrx_word' id='word_1_335' title='bbox 1825 2863 2021 2936; x_wconf 81' lang='lat' dir='ltr'>Tuistones</span> <span class='ocrx_word' id='word_1_336' title='bbox 2035 2859 2239 2944; x_wconf 84' lang='lat' dir='ltr'>abAscane,</span> 
     </span>
     <span class='ocr_line' id='line_1_27' title="bbox 215 2947 2239 3070; baseline -0.013 -11"><span class='ocrx_word' id='word_1_337' title='bbox 215 2983 307 3058; x_wconf 88' lang='lat' dir='ltr'>Nam</span> <span class='ocrx_word' id='word_1_338' title='bbox 330 2986 370 3055; x_wconf 92' lang='lat' dir='ltr'>in</span> <span class='ocrx_word' id='word_1_339' title='bbox 392 3009 432 3054; x_wconf 90' lang='lat' dir='ltr'>eo</span> <span class='ocrx_word' id='word_1_340' title='bbox 456 2982 534 3070; x_wconf 90' lang='lat' dir='ltr'>ipso</span> <span class='ocrx_word' id='word_1_341' title='bbox 549 2979 647 3058; x_wconf 88' lang='lat' dir='ltr'>luco,</span> <span class='ocrx_word' id='word_1_342' title='bbox 679 2998 786 3068; x_wconf 89' lang='lat' dir='ltr'>quem</span> <span class='ocrx_word' id='word_1_343' title='bbox 810 2967 1055 3063; x_wconf 84' lang='lat' dir='ltr'>Paphlagonas</span> <span class='ocrx_word' id='word_1_344' title='bbox 1076 2983 1210 3046; x_wconf 61' lang='lat' dir='ltr'>tenua,</span> <span class='ocrx_word' id='word_1_345' title='bbox 1249 2981 1291 3040; x_wconf 90' lang='lat' dir='ltr'>ot</span> <span class='ocrx_word' id='word_1_346' title='bbox 1321 2967 1590 3058; x_wconf 89' lang='lat' dir='ltr'>supradictum</span> <span class='ocrx_word' id='word_1_347' title='bbox 1619 2979 1688 3052; x_wconf 88' lang='lat' dir='ltr'>est,</span> <span class='ocrx_word' id='word_1_348' title='bbox 1721 2966 1818 3062; x_wconf 82' lang='lat' dir='ltr'>quod</span> <span class='ocrx_word' id='word_1_349' title='bbox 1842 2947 1961 3036; x_wconf 89' lang='lat' dir='ltr'>adhuc</span> <span class='ocrx_word' id='word_1_350' title='bbox 1980 2965 2149 3035; x_wconf 86' lang='lat' dir='ltr'>usitatum</span> <span class='ocrx_word' id='word_1_351' title='bbox 2173 2979 2239 3034; x_wconf 90' lang='lat' dir='ltr'>est.</span> 
     </span>
     <span class='ocr_line' id='line_1_28' title="bbox 216 3063 2240 3167; baseline -0.017 -7"><span class='ocrx_word' id='word_1_352' title='bbox 216 3101 319 3167; x_wconf 91' lang='lat' dir='ltr'>runt,</span> <span class='ocrx_word' id='word_1_353' title='bbox 345 3085 453 3155; x_wconf 89' lang='lat' dir='ltr'>fuisse</span> <span class='ocrx_word' id='word_1_354' title='bbox 473 3079 631 3150; x_wconf 85' lang='lat' dir='ltr'>Henetos</span> <span class='ocrx_word' id='word_1_355' title='bbox 657 3100 699 3147; x_wconf 86' lang='lat' dir='ltr'>ex</span> <span class='ocrx_word' id='word_1_356' title='bbox 720 3073 878 3144; x_wconf 88' lang='lat' dir='ltr'>Homero</span> <span class='ocrx_word' id='word_1_357' title='bbox 902 3086 939 3160; x_wconf 83' lang='grc' dir='ltr'>ιι</span> <span class='ocrx_word' id='word_1_358' title='bbox 959 3067 1200 3160; x_wconf 82' lang='lat' dir='ltr'>Argonautica</span> <span class='ocrx_word' id='word_1_359' title='bbox 1250 3067 1356 3142; x_wconf 87' lang='lat' dir='ltr'>Unda</span> <span class='ocrx_word' id='word_1_360' title='bbox 1370 3081 1487 3138; x_wconf 89' lang='lat' dir='ltr'>autern</span> <span class='ocrx_word' id='word_1_361' title='bbox 1501 3065 1549 3140; x_wconf 91' lang='lat' dir='ltr'>sit</span> <span class='ocrx_word' id='word_1_362' title='bbox 1565 3089 1698 3137; x_wconf 85' lang='lat' dir='ltr'>nomen</span> <span class='ocrx_word' id='word_1_363' title='bbox 1713 3063 1906 3148; x_wconf 87' lang='lat' dir='ltr'>Germani,</span> <span class='ocrx_word' id='word_1_364' title='bbox 1931 3066 2028 3158; x_wconf 89' lang='lat' dir='ltr'>qnod</span> <span class='ocrx_word' id='word_1_365' title='bbox 2051 3066 2138 3136; x_wconf 84' lang='lat' dir='ltr'>olim</span> <span class='ocrx_word' id='word_1_366' title='bbox 2162 3067 2240 3134; x_wconf 74' lang='lat' dir='ltr'>usi.</span> 
     </span>
    </p>

    <p class='ocr_par' dir='ltr' id='par_1_6' title="bbox 176 3165 2239 3274">
     <span class='ocr_line' id='line_1_29' title="bbox 176 3165 2239 3274; baseline -0.012 -15"><span class='ocrx_word' id='word_1_367' title='bbox 176 3239 182 3258; x_wconf 90' lang='lat'>.</span> <span class='ocrx_word' id='word_1_368' title='bbox 217 3172 541 3274; x_wconf 71' lang='lat' dir='ltr'>carmine&#39;apparet.</span> <span class='ocrx_word' id='word_1_369' title='bbox 567 3175 737 3250; x_wconf 88' lang='lat' dir='ltr'>Sicanim</span> <span class='ocrx_word' id='word_1_370' title='bbox 755 3165 1119 3264; x_wconf 86' lang='lat' dir='ltr'>inquitApollonius:</span> <span class='ocrx_word' id='word_1_371' title='bbox 1245 3167 1457 3249; x_wconf 81' lang='lat' dir='ltr'>tatiusfuit‚</span> <span class='ocrx_word' id='word_1_372' title='bbox 1482 3167 1616 3238; x_wconf 88' lang='lat' dir='ltr'>mirum</span> <span class='ocrx_word' id='word_1_373' title='bbox 1639 3180 1703 3240; x_wconf 89' lang='lat' dir='ltr'>est.</span> <span class='ocrx_word' id='word_1_374' title='bbox 1755 3165 1911 3256; x_wconf 86' lang='lat' dir='ltr'>Quidam</span> <span class='ocrx_word' id='word_1_375' title='bbox 1927 3167 2045 3258; x_wconf 87' lang='lat' dir='ltr'>inepte</span> <span class='ocrx_word' id='word_1_376' title='bbox 2059 3166 2239 3256; x_wconf 82' lang='lat' dir='ltr'>linguata</span> 
     </span>
    </p>

    <p class='ocr_par' dir='ltr' id='par_1_7' title="bbox 313 3262 2239 3366">
     <span class='ocr_line' id='line_1_30' title="bbox 313 3262 2239 3366; baseline -0.013 -5"><span class='ocrx_word' id='word_1_377' title='bbox 313 3275 553 3366; x_wconf 56' lang='grc' dir='ltr'><strong><em>Παφλαγόνων,</em></strong></span> <span class='ocrx_word' id='word_1_378' title='bbox 574 3281 672 3340; x_wconf 59' lang='grc' dir='ltr'><strong>τοῖσιν</strong></span> <span class='ocrx_word' id='word_1_379' title='bbox 692 3268 726 3334; x_wconf 73' lang='grc' dir='ltr'>δ’</span> <span class='ocrx_word' id='word_1_380' title='bbox 742 3264 897 3350; x_wconf 50' lang='lat' dir='ltr'>‘fluvius</span> <span class='ocrx_word' id='word_1_381' title='bbox 917 3265 1108 3349; x_wconf 69' lang='grc' dir='ltr'><strong>ἶμβιισῖλενε·</strong></span> <span class='ocrx_word' id='word_1_382' title='bbox 1249 3267 1424 3341; x_wconf 87' lang='lat' dir='ltr'>Romanis</span> <span class='ocrx_word' id='word_1_383' title='bbox 1446 3280 1589 3339; x_wconf 90' lang='lat' dir='ltr'>nostros</span> <span class='ocrx_word' id='word_1_384' title='bbox 1610 3262 1774 3338; x_wconf 88' lang='lat' dir='ltr'>homiues</span> <span class='ocrx_word' id='word_1_385' title='bbox 1794 3267 1908 3338; x_wconf 89' lang='lat' dir='ltr'>dictos</span> <span class='ocrx_word' id='word_1_386' title='bbox 1932 3289 2007 3353; x_wconf 84' lang='lat' dir='ltr'>esse</span> <span class='ocrx_word' id='word_1_387' title='bbox 2025 3265 2239 3352; x_wconf 87' lang='lat' dir='ltr'>Germanos,</span> 
     </span>
    </p>

    <p class='ocr_par' dir='ltr' id='par_1_8' title="bbox 215 3361 2240 3766">
     <span class='ocr_line' id='line_1_31' title="bbox 317 3361 2239 3473; baseline -0.008 -19"><span class='ocrx_word' id='word_1_388' title='bbox 317 3381 500 3473; x_wconf 86' lang='lat' dir='ltr'>Progressi</span> <span class='ocrx_word' id='word_1_389' title='bbox 515 3391 631 3449; x_wconf 89' lang='lat' dir='ltr'>autam</span> <span class='ocrx_word' id='word_1_390' title='bbox 645 3371 778 3446; x_wconf 88' lang='lat' dir='ltr'>Heneti</span> <span class='ocrx_word' id='word_1_391' title='bbox 794 3371 832 3440; x_wconf 92' lang='lat' dir='ltr'>in</span> <span class='ocrx_word' id='word_1_392' title='bbox 855 3371 976 3442; x_wconf 88' lang='lat' dir='ltr'>littore</span> <span class='ocrx_word' id='word_1_393' title='bbox 996 3368 1105 3438; x_wconf 90' lang='lat' dir='ltr'>maris</span> <span class='ocrx_word' id='word_1_394' title='bbox 1124 3361 1202 3438; x_wconf 82' lang='lat' dir='ltr'>Eu·</span> <span class='ocrx_word' id='word_1_395' title='bbox 1243 3371 1372 3452; x_wconf 60' lang='lat' dir='ltr'>,id-ast,</span> <span class='ocrx_word' id='word_1_396' title='bbox 1396 3369 1523 3440; x_wconf 88' lang='lat' dir='ltr'>fratres</span> <span class='ocrx_word' id='word_1_397' title='bbox 1539 3367 1748 3459; x_wconf 88' lang='lat' dir='ltr'>Gallorum,</span> <span class='ocrx_word' id='word_1_398' title='bbox 1774 3369 1870 3464; x_wconf 86' lang='lat' dir='ltr'>quod</span> <span class='ocrx_word' id='word_1_399' title='bbox 1887 3366 2019 3456; x_wconf 80' lang='lat' dir='ltr'>lingua,</span> <span class='ocrx_word' id='word_1_400' title='bbox 2043 3361 2186 3438; x_wconf 88' lang='lat' dir='ltr'>habitus</span> <span class='ocrx_word' id='word_1_401' title='bbox 2201 3384 2239 3439; x_wconf 90' lang='lat' dir='ltr'>et</span> 
     </span>
     <span class='ocr_line' id='line_1_32' title="bbox 216 3463 2134 3574; baseline -0.011 -15"><span class='ocrx_word' id='word_1_402' title='bbox 216 3485 314 3567; x_wconf 85' lang='lat' dir='ltr'>riui,</span> <span class='ocrx_word' id='word_1_403' title='bbox 340 3483 607 3574; x_wconf 88' lang='lat' dir='ltr'>compleverunt</span> <span class='ocrx_word' id='word_1_404' title='bbox 635 3497 799 3564; x_wconf 87' lang='lat' dir='ltr'>magnam</span> <span class='ocrx_word' id='word_1_405' title='bbox 828 3484 963 3564; x_wconf 89' lang='lat' dir='ltr'>partem</span> <span class='ocrx_word' id='word_1_406' title='bbox 985 3468 1106 3541; x_wconf 87' lang='lat' dir='ltr'>lateris</span> <span class='ocrx_word' id='word_1_407' title='bbox 1130 3463 1203 3537; x_wconf 81' lang='lat' dir='ltr'>Ar·</span> <span class='ocrx_word' id='word_1_408' title='bbox 1250 3494 1366 3542; x_wconf 90' lang='lat' dir='ltr'>mores</span> <span class='ocrx_word' id='word_1_409' title='bbox 1382 3467 1572 3540; x_wconf 90' lang='lat' dir='ltr'>Gallorum</span> <span class='ocrx_word' id='word_1_410' title='bbox 1586 3481 1623 3540; x_wconf 91' lang='lat' dir='ltr'>et</span> <span class='ocrx_word' id='word_1_411' title='bbox 1636 3466 1842 3542; x_wconf 84' lang='lat' dir='ltr'>Teutonum</span> <span class='ocrx_word' id='word_1_412' title='bbox 1857 3468 1989 3538; x_wconf 87' lang='lat' dir='ltr'>similes</span> <span class='ocrx_word' id='word_1_413' title='bbox 2006 3481 2134 3542; x_wconf 89' lang='lat' dir='ltr'>essent.</span> 
     </span>
     <span class='ocr_line' id='line_1_33' title="bbox 218 3564 2240 3676; baseline -0.016 -16"><span class='ocrx_word' id='word_1_414' title='bbox 218 3587 344 3662; x_wconf 88' lang='lat' dir='ltr'>ctoiin</span> <span class='ocrx_word' id='word_1_415' title='bbox 361 3583 518 3674; x_wconf 82' lang='lat' dir='ltr'>Europa,</span> <span class='ocrx_word' id='word_1_416' title='bbox 533 3593 568 3650; x_wconf 90' lang='lat' dir='ltr'>et</span> <span class='ocrx_word' id='word_1_417' title='bbox 584 3573 700 3648; x_wconf 91' lang='lat' dir='ltr'>adhuc</span> <span class='ocrx_word' id='word_1_418' title='bbox 715 3585 837 3676; x_wconf 86' lang='lat' dir='ltr'>tenent</span> <span class='ocrx_word' id='word_1_419' title='bbox 851 3589 909 3643; x_wconf 90' lang='lat' dir='ltr'>aas</span> <span class='ocrx_word' id='word_1_420' title='bbox 923 3571 1096 3661; x_wconf 83' lang='lat' dir='ltr'>regiones,</span> <span class='ocrx_word' id='word_1_421' title='bbox 1112 3591 1202 3662; x_wconf 89' lang='lat' dir='ltr'>qnae</span> <span class='ocrx_word' id='word_1_422' title='bbox 1258 3595 1265 3607; x_wconf 95' lang='lat'>·</span> <span class='ocrx_word' id='word_1_423' title='bbox 1351 3569 1589 3643; x_wconf 82' lang='lat' dir='ltr'>Undauntem</span> <span class='ocrx_word' id='word_1_424' title='bbox 1603 3591 1737 3639; x_wconf 88' lang='lat' dir='ltr'>nomen</span> <span class='ocrx_word' id='word_1_425' title='bbox 1757 3569 1804 3640; x_wconf 91' lang='lat' dir='ltr'>sit</span> <span class='ocrx_word' id='word_1_426' title='bbox 1818 3565 2027 3659; x_wconf 83' lang='lat' dir='ltr'>Gallorum,</span> <span class='ocrx_word' id='word_1_427' title='bbox 2051 3564 2145 3638; x_wconf 90' lang='lat' dir='ltr'>nihil</span> <span class='ocrx_word' id='word_1_428' title='bbox 2168 3569 2240 3639; x_wconf 76' lang='lat' dir='ltr'>du.</span> 
     </span>
     <span class='ocr_line' id='line_1_34' title="bbox 215 3659 2238 3766; baseline -0.011 -4"><span class='ocrx_word' id='word_1_429' title='bbox 215 3710 314 3762; x_wconf 89' lang='lat' dir='ltr'>nunc</span> <span class='ocrx_word' id='word_1_430' title='bbox 346 3685 607 3766; x_wconf 83' lang='lat' dir='ltr'>nominantur,</span> <span class='ocrx_word' id='word_1_431' title='bbox 645 3675 776 3748; x_wconf 86' lang='lat' dir='ltr'>Russia</span> <span class='ocrx_word' id='word_1_432' title='bbox 809 3671 996 3758; x_wconf 89' lang='lat' dir='ltr'>Lituania,</span> <span class='ocrx_word' id='word_1_433' title='bbox 1038 3669 1202 3740; x_wconf 89' lang='lat' dir='ltr'>Polonia.</span> <span class='ocrx_word' id='word_1_434' title='bbox 1250 3671 1350 3744; x_wconf 89' lang='lat' dir='ltr'>bium</span> <span class='ocrx_word' id='word_1_435' title='bbox 1374 3685 1439 3744; x_wconf 88' lang='lat' dir='ltr'>est.</span> <span class='ocrx_word' id='word_1_436' title='bbox 1489 3669 1582 3750; x_wconf 80' lang='lat' dir='ltr'>Nam</span> <span class='ocrx_word' id='word_1_437' title='bbox 1605 3661 1733 3746; x_wconf 64' lang='lat' dir='ltr'>Reum</span> <span class='ocrx_word' id='word_1_438' title='bbox 1754 3670 1795 3740; x_wconf 90' lang='lat' dir='ltr'>in</span> <span class='ocrx_word' id='word_1_439' title='bbox 1816 3670 1938 3761; x_wconf 85' lang='lat' dir='ltr'>lingua</span> <span class='ocrx_word' id='word_1_440' title='bbox 1963 3659 2163 3742; x_wconf 87' lang='lat' dir='ltr'>Teutonica</span> <span class='ocrx_word' id='word_1_441' title='bbox 2180 3673 2238 3740; x_wconf 87' lang='lat' dir='ltr'>si-</span> 
     </span>
    </p>

    <p class='ocr_par' dir='ltr' id='par_1_9' title="bbox 183 3765 2238 3878">
     <span class='ocr_line' id='line_1_35' title="bbox 183 3765 2238 3878; baseline -0.019 -13"><span class='ocrx_word' id='word_1_442' title='bbox 183 3788 188 3797; x_wconf 68' lang='grc'><em>’</em></span> <span class='ocrx_word' id='word_1_443' title='bbox 217 3787 268 3864; x_wconf 85' lang='grc' dir='ltr'>Ει</span> <span class='ocrx_word' id='word_1_444' title='bbox 295 3789 418 3878; x_wconf 86' lang='lat' dir='ltr'>lingua</span> <span class='ocrx_word' id='word_1_445' title='bbox 443 3798 479 3856; x_wconf 91' lang='lat' dir='ltr'>et</span> <span class='ocrx_word' id='word_1_446' title='bbox 505 3803 637 3852; x_wconf 87' lang='lat' dir='ltr'>nomen</span> <span class='ocrx_word' id='word_1_447' title='bbox 658 3776 815 3847; x_wconf 81' lang='lat' dir='ltr'>Venetae</span> <span class='ocrx_word' id='word_1_448' title='bbox 842 3773 997 3864; x_wconf 82' lang='lat' dir='ltr'>regionis</span> <span class='ocrx_word' id='word_1_449' title='bbox 1017 3771 1063 3842; x_wconf 93' lang='lat' dir='ltr'>ad</span> <span class='ocrx_word' id='word_1_450' title='bbox 1083 3769 1202 3840; x_wconf 91' lang='lat' dir='ltr'>sinum</span> <span class='ocrx_word' id='word_1_451' title='bbox 1239 3772 1392 3865; x_wconf 59' lang='lat' dir='ltr'>³gnificat</span> <span class='ocrx_word' id='word_1_452' title='bbox 1405 3771 1637 3866; x_wconf 76' lang='lat' dir='ltr'>peregrinari,</span> <span class='ocrx_word' id='word_1_453' title='bbox 1650 3783 1686 3842; x_wconf 87' lang='lat' dir='ltr'>et</span> <span class='ocrx_word' id='word_1_454' title='bbox 1699 3771 1837 3865; x_wconf 87' lang='lat' dir='ltr'>aliquas</span> <span class='ocrx_word' id='word_1_455' title='bbox 1852 3785 1991 3842; x_wconf 89' lang='lat' dir='ltr'>nostras</span> <span class='ocrx_word' id='word_1_456' title='bbox 2005 3765 2238 3862; x_wconf 67' lang='lat' dir='ltr'>gentesRhe.</span> 
     </span>
    </p>

    <p class='ocr_par' dir='ltr' id='par_1_10' title="bbox 69 3871 2239 4388">
     <span class='ocr_line' id='line_1_36' title="bbox 69 3871 2238 3984; baseline -0.01 -18"><span class='ocrx_word' id='word_1_457' title='bbox 69 3979 73 3984; x_wconf 86' lang='lat'>.</span> <span class='ocrx_word' id='word_1_458' title='bbox 216 3888 442 3962; x_wconf 83' lang='lat' dir='ltr'>Adriaticum</span> <span class='ocrx_word' id='word_1_459' title='bbox 473 3882 684 3963; x_wconf 89' lang='lat' dir='ltr'>ostendunt,</span> <span class='ocrx_word' id='word_1_460' title='bbox 721 3875 881 3946; x_wconf 84' lang='lat' dir='ltr'>Henetus</span> <span class='ocrx_word' id='word_1_461' title='bbox 901 3875 943 3945; x_wconf 90' lang='lat' dir='ltr'>in</span> <span class='ocrx_word' id='word_1_462' title='bbox 965 3871 1148 3967; x_wconf 88' lang='lat' dir='ltr'>illyricum</span> <span class='ocrx_word' id='word_1_463' title='bbox 1169 3883 1203 3942; x_wconf 87' lang='lat' dir='ltr'>ct</span> <span class='ocrx_word' id='word_1_464' title='bbox 1251 3897 1338 3946; x_wconf 90' lang='lat' dir='ltr'>uum</span> <span class='ocrx_word' id='word_1_465' title='bbox 1358 3888 1592 3965; x_wconf 88' lang='lat' dir='ltr'>transgressas</span> <span class='ocrx_word' id='word_1_466' title='bbox 1610 3872 1650 3944; x_wconf 92' lang='lat' dir='ltr'>in</span> <span class='ocrx_word' id='word_1_467' title='bbox 1674 3871 1761 3942; x_wconf 86' lang='lat' dir='ltr'>locis</span> <span class='ocrx_word' id='word_1_468' title='bbox 1784 3871 2019 3944; x_wconf 80' lang='lat' dir='ltr'>fertilioribus</span> <span class='ocrx_word' id='word_1_469' title='bbox 2037 3872 2238 3944; x_wconf 86' lang='lat' dir='ltr'>consedisse</span> 
     </span>
     <span class='ocr_line' id='line_1_37' title="bbox 216 3969 2235 4080; baseline -0.008 -21"><span class='ocrx_word' id='word_1_470' title='bbox 216 3991 353 4080; x_wconf 80' lang='lat' dir='ltr'>vicinas</span> <span class='ocrx_word' id='word_1_471' title='bbox 367 3987 527 4076; x_wconf 84' lang='lat' dir='ltr'>regiones</span> <span class='ocrx_word' id='word_1_472' title='bbox 543 3998 745 4073; x_wconf 84' lang='lat' dir='ltr'>progressos</span> <span class='ocrx_word' id='word_1_473' title='bbox 762 3997 853 4059; x_wconf 88' lang='lat' dir='ltr'>esse,</span> <span class='ocrx_word' id='word_1_474' title='bbox 877 3975 951 4046; x_wconf 88' lang='lat' dir='ltr'>siva</span> <span class='ocrx_word' id='word_1_475' title='bbox 965 3974 1010 4046; x_wconf 91' lang='lat' dir='ltr'>ab</span> <span class='ocrx_word' id='word_1_476' title='bbox 1020 3969 1203 4044; x_wconf 81' lang='lat' dir='ltr'>Antenore</span> <span class='ocrx_word' id='word_1_477' title='bbox 1249 3975 1398 4046; x_wconf 86' lang='lat' dir='ltr'>nomina</span> <span class='ocrx_word' id='word_1_478' title='bbox 1415 3977 1627 4058; x_wconf 66' lang='lat' dir='ltr'>ostenduotr</span> <span class='ocrx_word' id='word_1_479' title='bbox 1643 3985 1685 4045; x_wconf 88' lang='lat' dir='ltr'>ut</span> <span class='ocrx_word' id='word_1_480' title='bbox 1703 3969 1862 4063; x_wconf 79' lang='lat' dir='ltr'>Tungri,</span> <span class='ocrx_word' id='word_1_481' title='bbox 1887 3970 2066 4061; x_wconf 88' lang='lat' dir='ltr'>Senones,</span> <span class='ocrx_word' id='word_1_482' title='bbox 2088 3986 2124 4045; x_wconf 89' lang='lat' dir='ltr'>et</span> <span class='ocrx_word' id='word_1_483' title='bbox 2144 3975 2235 4044; x_wconf 86' lang='lat' dir='ltr'>aliae</span> 
     </span>
     <span class='ocr_line' id='line_1_38' title="bbox 218 4068 2239 4172; baseline -0.014 -8"><span class='ocrx_word' id='word_1_484' title='bbox 218 4117 260 4164; x_wconf 92' lang='lat' dir='ltr'>eo</span> <span class='ocrx_word' id='word_1_485' title='bbox 284 4088 489 4162; x_wconf 86' lang='lat' dir='ltr'>ductisunt</span> <span class='ocrx_word' id='word_1_486' title='bbox 514 4105 557 4153; x_wconf 88' lang='lat' dir='ltr'>ex</span> <span class='ocrx_word' id='word_1_487' title='bbox 578 4077 682 4161; x_wconf 83' lang='lat' dir='ltr'>Asia,</span> <span class='ocrx_word' id='word_1_488' title='bbox 707 4077 780 4148; x_wconf 82' lang='lat' dir='ltr'>sire</span> <span class='ocrx_word' id='word_1_489' title='bbox 799 4100 879 4146; x_wconf 90' lang='lat' dir='ltr'>cum</span> <span class='ocrx_word' id='word_1_490' title='bbox 900 4076 970 4147; x_wconf 88' lang='lat' dir='ltr'>iam</span> <span class='ocrx_word' id='word_1_491' title='bbox 992 4074 1032 4172; x_wconf 89' lang='lat' dir='ltr'>in</span> <span class='ocrx_word' id='word_1_492' title='bbox 1057 4070 1202 4166; x_wconf 86' lang='lat' dir='ltr'>Europa</span> <span class='ocrx_word' id='word_1_493' title='bbox 1250 4077 1422 4172; x_wconf 88' lang='lat' dir='ltr'>quaedam</span> <span class='ocrx_word' id='word_1_494' title='bbox 1444 4075 1712 4170; x_wconf 86' lang='lat' dir='ltr'>appellationes.</span> <span class='ocrx_word' id='word_1_495' title='bbox 1768 4068 1909 4143; x_wconf 87' lang='lat' dir='ltr'>Nomen</span> <span class='ocrx_word' id='word_1_496' title='bbox 1929 4073 2239 4164; x_wconf 69' lang='lat' dir='ltr'>&#39;igiturnniversi</span> 
     </span>
     <span class='ocr_line' id='line_1_39' title="bbox 217 4171 2239 4281; baseline -0.013 -16"><span class='ocrx_word' id='word_1_497' title='bbox 217 4203 354 4277; x_wconf 85' lang='lat' dir='ltr'>esseut,</span> <span class='ocrx_word' id='word_1_498' title='bbox 386 4183 556 4281; x_wconf 89' lang='lat' dir='ltr'>paulatim</span> <span class='ocrx_word' id='word_1_499' title='bbox 580 4181 658 4252; x_wconf 90' lang='lat' dir='ltr'>aliis</span> <span class='ocrx_word' id='word_1_500' title='bbox 681 4177 925 4250; x_wconf 88' lang='lat' dir='ltr'>occasionibus</span> <span class='ocrx_word' id='word_1_501' title='bbox 945 4177 990 4247; x_wconf 88' lang='lat' dir='ltr'>sd</span> <span class='ocrx_word' id='word_1_502' title='bbox 1011 4173 1203 4246; x_wconf 83' lang='lat' dir='ltr'>Matidiam</span> <span class='ocrx_word' id='word_1_503' title='bbox 1250 4177 1545 4270; x_wconf 84' lang='lat' dir='ltr'>aparagrinando</span> <span class='ocrx_word' id='word_1_504' title='bbox 1559 4175 1629 4246; x_wconf 90' lang='lat' dir='ltr'>sibi</span> <span class='ocrx_word' id='word_1_505' title='bbox 1645 4175 1855 4246; x_wconf 89' lang='lat' dir='ltr'>indiderunt</span> <span class='ocrx_word' id='word_1_506' title='bbox 1872 4171 2045 4260; x_wconf 88' lang='lat' dir='ltr'>Wallen,</span> <span class='ocrx_word' id='word_1_507' title='bbox 2067 4177 2166 4268; x_wconf 87' lang='lat' dir='ltr'>quod</span> <span class='ocrx_word' id='word_1_508' title='bbox 2184 4189 2239 4248; x_wconf 73' lang='lat' dir='ltr'>est</span> 
     </span>
     <span class='ocr_line' id='line_1_40' title="bbox 218 4273 2236 4388; baseline -0.015 -23"><span class='ocrx_word' id='word_1_509' title='bbox 218 4301 465 4388; x_wconf 87' lang='lat' dir='ltr'>processerunt</span> <span class='ocrx_word' id='word_1_510' title='bbox 492 4283 531 4356; x_wconf 93' lang='lat' dir='ltr'>in</span> <span class='ocrx_word' id='word_1_511' title='bbox 562 4275 673 4355; x_wconf 79' lang='lat' dir='ltr'>terras</span> <span class='ocrx_word' id='word_1_512' title='bbox 692 4279 870 4363; x_wconf 88' lang='lat' dir='ltr'>mitiores,</span> <span class='ocrx_word' id='word_1_513' title='bbox 901 4277 1022 4348; x_wconf 90' lang='lat' dir='ltr'>minus</span> <span class='ocrx_word' id='word_1_514' title='bbox 1044 4273 1204 4365; x_wconf 86' lang='lat' dir='ltr'>frigidas,</span> <span class='ocrx_word' id='word_1_515' title='bbox 1251 4277 1361 4350; x_wconf 87' lang='lat' dir='ltr'>Galli.</span> <span class='ocrx_word' id='word_1_516' title='bbox 1412 4277 1486 4350; x_wconf 87' lang='lat' dir='ltr'>Nec</span> <span class='ocrx_word' id='word_1_517' title='bbox 1508 4301 1593 4348; x_wconf 85' lang='lat' dir='ltr'>vero</span> <span class='ocrx_word' id='word_1_518' title='bbox 1613 4275 1890 4370; x_wconf 87' lang='lat' dir='ltr'>appellationem</span> <span class='ocrx_word' id='word_1_519' title='bbox 1910 4273 2131 4347; x_wconf 49' lang='lat' dir='ltr'>‘Germaniae</span> <span class='ocrx_word' id='word_1_520' title='bbox 2152 4277 2236 4349; x_wconf 65' lang='lat' dir='ltr'>lari.</span> 
     </span>
    </p>

    <p class='ocr_par' dir='ltr' id='par_1_11' title="bbox 105 4371 2235 4682">
     <span class='ocr_line' id='line_1_41' title="bbox 105 4371 2234 4486; baseline -0.01 -17"><span class='ocrx_word' id='word_1_521' title='bbox 105 4403 111 4416; x_wconf 92' lang='lat'>&#39;</span> <span class='ocrx_word' id='word_1_522' title='bbox 220 4410 257 4467; x_wconf 89' lang='lat' dir='ltr'>et</span> <span class='ocrx_word' id='word_1_523' title='bbox 269 4396 411 4486; x_wconf 87' lang='lat' dir='ltr'>frugum</span> <span class='ocrx_word' id='word_1_524' title='bbox 427 4404 460 4462; x_wconf 91' lang='lat' dir='ltr'>et</span> <span class='ocrx_word' id='word_1_525' title='bbox 473 4387 547 4456; x_wconf 90' lang='lat' dir='ltr'>vini</span> <span class='ocrx_word' id='word_1_526' title='bbox 563 4384 705 4458; x_wconf 86' lang='lat' dir='ltr'>feraces.</span> <span class='ocrx_word' id='word_1_527' title='bbox 757 4377 960 4451; x_wconf 84' lang='lat' dir='ltr'>lndeefiusi</span> <span class='ocrx_word' id='word_1_528' title='bbox 976 4390 1060 4450; x_wconf 88' lang='lat' dir='ltr'>sunt</span> <span class='ocrx_word' id='word_1_529' title='bbox 1076 4377 1115 4446; x_wconf 93' lang='lat' dir='ltr'>in</span> <span class='ocrx_word' id='word_1_530' title='bbox 1137 4371 1202 4447; x_wconf 90' lang='lat' dir='ltr'>has</span> <span class='ocrx_word' id='word_1_531' title='bbox 1249 4403 1333 4450; x_wconf 89' lang='lat' dir='ltr'>nam</span> <span class='ocrx_word' id='word_1_532' title='bbox 1347 4401 1423 4450; x_wconf 88' lang='lat' dir='ltr'>esse</span> <span class='ocrx_word' id='word_1_533' title='bbox 1438 4377 1614 4466; x_wconf 90' lang='lat' dir='ltr'>arbitror,</span> <span class='ocrx_word' id='word_1_534' title='bbox 1639 4375 1701 4448; x_wconf 87' lang='lat' dir='ltr'>sed</span> <span class='ocrx_word' id='word_1_535' title='bbox 1724 4397 1805 4450; x_wconf 90' lang='lat' dir='ltr'>cum</span> <span class='ocrx_word' id='word_1_536' title='bbox 1826 4375 1954 4447; x_wconf 87' lang='lat' dir='ltr'>iisdem</span> <span class='ocrx_word' id='word_1_537' title='bbox 1974 4377 2121 4473; x_wconf 81' lang='lat' dir='ltr'>syllabis</span> <span class='ocrx_word' id='word_1_538' title='bbox 2140 4383 2234 4470; x_wconf 91' lang='lat' dir='ltr'>apud</span> 
     </span>
     <span class='ocr_line' id='line_1_42' title="bbox 219 4475 2235 4590; baseline -0.014 -20"><span class='ocrx_word' id='word_1_539' title='bbox 219 4497 382 4590; x_wconf 87' lang='lat' dir='ltr'>regiones</span> <span class='ocrx_word' id='word_1_540' title='bbox 413 4494 507 4578; x_wconf 78' lang='lat' dir='ltr'>inter</span> <span class='ocrx_word' id='word_1_541' title='bbox 528 4483 700 4558; x_wconf 84' lang='lat' dir='ltr'>Fistulrm</span> <span class='ocrx_word' id='word_1_542' title='bbox 714 4494 762 4576; x_wconf 36' lang='grc' dir='ltr'>,ιι</span> <span class='ocrx_word' id='word_1_543' title='bbox 783 4477 929 4565; x_wconf 81' lang='lat' dir='ltr'>¹Albim,</span> <span class='ocrx_word' id='word_1_544' title='bbox 949 4493 986 4552; x_wconf 88' lang='lat' dir='ltr'>et</span> <span class='ocrx_word' id='word_1_545' title='bbox 1007 4501 1202 4568; x_wconf 79' lang='lat' dir='ltr'>occupara-</span> <span class='ocrx_word' id='word_1_546' title='bbox 1249 4477 1473 4553; x_wconf 90' lang='lat' dir='ltr'>Herodotum</span> <span class='ocrx_word' id='word_1_547' title='bbox 1495 4477 1750 4574; x_wconf 83' lang='lat' dir='ltr'>appellationes</span> <span class='ocrx_word' id='word_1_548' title='bbox 1773 4475 1967 4564; x_wconf 89' lang='lat' dir='ltr'>Gentium,</span> <span class='ocrx_word' id='word_1_549' title='bbox 1997 4487 2089 4572; x_wconf 84' lang='lat' dir='ltr'>quae</span> <span class='ocrx_word' id='word_1_550' title='bbox 2116 4477 2235 4549; x_wconf 71' lang='lat' dir='ltr'>Persis</span> 
     </span>
     <span class='ocr_line' id='line_1_43' title="bbox 218 4569 2235 4682; baseline -0.014 -3"><span class='ocrx_word' id='word_1_551' title='bbox 218 4612 306 4671; x_wconf 77' lang='lat' dir='ltr'>runt</span> <span class='ocrx_word' id='word_1_552' title='bbox 327 4594 546 4672; x_wconf 84' lang='lat' dir='ltr'>boiemiam,</span> <span class='ocrx_word' id='word_1_553' title='bbox 576 4587 616 4657; x_wconf 68' lang='lat'>3¹¹</span> <span class='ocrx_word' id='word_1_554' title='bbox 641 4609 711 4682; x_wconf 68' lang='lat'>(1¹1³</span> <span class='ocrx_word' id='word_1_555' title='bbox 734 4596 837 4655; x_wconf 60' lang='lat' dir='ltr'><strong>⁸⁰¹0ss</strong></span> <span class='ocrx_word' id='word_1_556' title='bbox 857 4582 999 4674; x_wconf 61' lang='lat' dir='ltr'>fuerant</span> <span class='ocrx_word' id='word_1_557' title='bbox 1018 4578 1201 4658; x_wconf 61' lang='lat' dir='ltr'>Hermum</span> <span class='ocrx_word' id='word_1_558' title='bbox 1249 4581 1388 4654; x_wconf 86' lang='lat' dir='ltr'>vicinae</span> <span class='ocrx_word' id='word_1_559' title='bbox 1407 4583 1575 4667; x_wconf 90' lang='lat' dir='ltr'>fuerunt,</span> <span class='ocrx_word' id='word_1_560' title='bbox 1606 4579 1679 4652; x_wconf 90' lang='lat' dir='ltr'>sint</span> <span class='ocrx_word' id='word_1_561' title='bbox 1696 4569 1921 4674; x_wconf 72' lang='grc' dir='ltr'>Γερμάνιοι,</span> <span class='ocrx_word' id='word_1_562' title='bbox 1951 4571 2066 4664; x_wconf 81' lang='grc' dir='ltr'><strong>Δάοι,</strong></span> <span class='ocrx_word' id='word_1_563' title='bbox 2091 4573 2235 4668; x_wconf 75' lang='grc' dir='ltr'><strong>Σάκαι,</strong></span> 
     </span>
    </p>

    <p class='ocr_par' dir='ltr' id='par_1_12' title="bbox 68 4678 2235 4890">
     <span class='ocr_line' id='line_1_44' title="bbox 68 4678 2235 4780; baseline -0.014 -4"><span class='ocrx_word' id='word_1_564' title='bbox 68 4705 70 4710; x_wconf 77' lang='grc'>’</span> <span class='ocrx_word' id='word_1_565' title='bbox 218 4701 304 4772; x_wconf 89' lang='lat' dir='ltr'>duri</span> <span class='ocrx_word' id='word_1_566' title='bbox 327 4711 364 4770; x_wconf 89' lang='lat' dir='ltr'>et</span> <span class='ocrx_word' id='word_1_567' title='bbox 383 4695 490 4774; x_wconf 88' lang='lat' dir='ltr'>Boii,</span> <span class='ocrx_word' id='word_1_568' title='bbox 522 4701 559 4761; x_wconf 90' lang='grc' dir='ltr'>ιι</span> <span class='ocrx_word' id='word_1_569' title='bbox 590 4687 857 4780; x_wconf 87' lang='lat' dir='ltr'>compleverunt</span> <span class='ocrx_word' id='word_1_570' title='bbox 883 4681 989 4756; x_wconf 90' lang='lat' dir='ltr'>littus</span> <span class='ocrx_word' id='word_1_571' title='bbox 1011 4678 1202 4770; x_wconf 87' lang='lat' dir='ltr'>Baltieurn,</span> <span class='ocrx_word' id='word_1_572' title='bbox 1249 4683 1334 4754; x_wconf 87' lang='lat' dir='ltr'>inde</span> <span class='ocrx_word' id='word_1_573' title='bbox 1348 4681 1453 4754; x_wconf 79' lang='lat' dir='ltr'>eliam</span> <span class='ocrx_word' id='word_1_574' title='bbox 1467 4705 1489 4754; x_wconf 93' lang='lat' dir='ltr'>a</span> <span class='ocrx_word' id='word_1_575' title='bbox 1502 4679 1633 4774; x_wconf 87' lang='lat' dir='ltr'>Caspio</span> <span class='ocrx_word' id='word_1_576' title='bbox 1654 4681 1747 4752; x_wconf 87' lang='lat' dir='ltr'>mari</span> <span class='ocrx_word' id='word_1_577' title='bbox 1761 4680 1931 4772; x_wconf 88' lang='lat' dir='ltr'>paulatim</span> <span class='ocrx_word' id='word_1_578' title='bbox 1945 4703 2235 4772; x_wconf 69' lang='lat' dir='ltr'>progressuram</span> 
     </span>
     <span class='ocr_line' id='line_1_45' title="bbox 208 4777 2080 4890; baseline -0.012 -16"><span class='ocrx_word' id='word_1_579' title='bbox 208 4801 315 4890; x_wconf 74' lang='lat' dir='ltr'>unde</span> <span class='ocrx_word' id='word_1_580' title='bbox 327 4821 460 4872; x_wconf 88' lang='lat' dir='ltr'>nomeu</span> <span class='ocrx_word' id='word_1_581' title='bbox 472 4805 526 4867; x_wconf 90' lang='lat' dir='ltr'>est</span> <span class='ocrx_word' id='word_1_582' title='bbox 543 4792 582 4860; x_wconf 90' lang='lat' dir='ltr'>in</span> <span class='ocrx_word' id='word_1_583' title='bbox 597 4787 739 4860; x_wconf 85' lang='lat' dir='ltr'>Prussia</span> <span class='ocrx_word' id='word_1_584' title='bbox 753 4785 852 4856; x_wconf 87' lang='lat' dir='ltr'>sinus</span> <span class='ocrx_word' id='word_1_585' title='bbox 867 4780 1049 4858; x_wconf 80' lang='lat' dir='ltr'>Venedici.</span> <span class='ocrx_word' id='word_1_586' title='bbox 1237 4785 1423 4880; x_wconf 83' lang='lat' dir='ltr'>arbitror,</span> <span class='ocrx_word' id='word_1_587' title='bbox 1445 4783 1619 4875; x_wconf 81' lang='lat' dir='ltr'>fugientes</span> <span class='ocrx_word' id='word_1_588' title='bbox 1632 4779 1727 4854; x_wconf 87' lang='lat' dir='ltr'>bella</span> <span class='ocrx_word' id='word_1_589' title='bbox 1744 4794 1808 4854; x_wconf 91' lang='lat' dir='ltr'>aut</span> <span class='ocrx_word' id='word_1_590' title='bbox 1820 4779 2059 4876; x_wconf 85' lang='lat' dir='ltr'>tyrannidem.</span> <span class='ocrx_word' id='word_1_591' title='bbox 2074 4777 2080 4784; x_wconf 69' lang='grc'><strong><em>’</em></strong></span> 
     </span>
    </p>

    <p class='ocr_par' dir='ltr' id='par_1_13' title="bbox 321 4878 2234 4990">
     <span class='ocr_line' id='line_1_46' title="bbox 321 4878 2234 4990; baseline -0.008 -21"><span class='ocrx_word' id='word_1_592' title='bbox 321 4898 413 4974; x_wconf 88' lang='lat' dir='ltr'>Cum</span> <span class='ocrx_word' id='word_1_593' title='bbox 428 4898 713 4990; x_wconf 83' lang='lat' dir='ltr'>igiturmaguam</span> <span class='ocrx_word' id='word_1_594' title='bbox 728 4881 895 4978; x_wconf 81' lang='lat' dir='ltr'>Europae</span> <span class='ocrx_word' id='word_1_595' title='bbox 918 4896 1054 4976; x_wconf 87' lang='lat' dir='ltr'>partem</span> <span class='ocrx_word' id='word_1_596' title='bbox 1077 4895 1201 4958; x_wconf 85' lang='lat' dir='ltr'>tenue-</span> <span class='ocrx_word' id='word_1_597' title='bbox 1272 4929 1280 4938; x_wconf 92' lang='lat'><em>-</em></span> <span class='ocrx_word' id='word_1_598' title='bbox 1349 4879 1523 4958; x_wconf 80' lang='lat' dir='ltr'>Fortassis</span> <span class='ocrx_word' id='word_1_599' title='bbox 1537 4898 1579 4958; x_wconf 92' lang='lat' dir='ltr'>ut</span> <span class='ocrx_word' id='word_1_600' title='bbox 1592 4885 1767 4956; x_wconf 86' lang='lat' dir='ltr'>discerent</span> <span class='ocrx_word' id='word_1_601' title='bbox 1783 4881 1829 4954; x_wconf 93' lang='lat' dir='ltr'>ab</span> <span class='ocrx_word' id='word_1_602' title='bbox 1844 4878 1994 4974; x_wconf 87' lang='lat' dir='ltr'>ethnicis</span> <span class='ocrx_word' id='word_1_603' title='bbox 2009 4883 2128 4965; x_wconf 71' lang='lat' dir='ltr'>bisalis,</span> <span class='ocrx_word' id='word_1_604' title='bbox 2151 4879 2234 4954; x_wconf 82' lang='lat' dir='ltr'>hur-</span> 
     </span>
    </p>

    <p class='ocr_par' dir='ltr' id='par_1_14' title="bbox 220 4975 2234 5087">
     <span class='ocr_line' id='line_1_47' title="bbox 220 4975 2234 5087; baseline -0.014 -7"><span class='ocrx_word' id='word_1_605' title='bbox 220 5004 292 5076; x_wconf 78' lang='lat' dir='ltr'>rint</span> <span class='ocrx_word' id='word_1_606' title='bbox 315 5000 466 5087; x_wconf 82' lang='lat' dir='ltr'>Heneti,</span> <span class='ocrx_word' id='word_1_607' title='bbox 486 5000 531 5068; x_wconf 75' lang='grc' dir='ltr'>ἰι</span> <span class='ocrx_word' id='word_1_608' title='bbox 554 4989 671 5065; x_wconf 77' lang='lat' dir='ltr'>adhuc</span> <span class='ocrx_word' id='word_1_609' title='bbox 693 5001 851 5072; x_wconf 67' lang='lat' dir='ltr'>teneant,</span> <span class='ocrx_word' id='word_1_610' title='bbox 882 5000 917 5058; x_wconf 78' lang='lat' dir='ltr'>ei</span> <span class='ocrx_word' id='word_1_611' title='bbox 941 5006 1068 5075; x_wconf 68' lang='lat' dir='ltr'>magna</span> <span class='ocrx_word' id='word_1_612' title='bbox 1091 5005 1200 5074; x_wconf 74' lang='lat' dir='ltr'>regua</span> <span class='ocrx_word' id='word_1_613' title='bbox 1246 4998 1378 5059; x_wconf 88' lang='lat' dir='ltr'>tatoras</span> <span class='ocrx_word' id='word_1_614' title='bbox 1395 5001 1431 5060; x_wconf 87' lang='lat' dir='ltr'>et</span> <span class='ocrx_word' id='word_1_615' title='bbox 1448 4988 1613 5078; x_wconf 86' lang='lat' dir='ltr'>ductores</span> <span class='ocrx_word' id='word_1_616' title='bbox 1630 4975 1806 5056; x_wconf 81' lang='lat' dir='ltr'>lsraiilitas</span> <span class='ocrx_word' id='word_1_617' title='bbox 1820 4979 2044 5070; x_wconf 88' lang='lat' dir='ltr'>hahuerunt,</span> <span class='ocrx_word' id='word_1_618' title='bbox 2068 4987 2234 5080; x_wconf 87' lang='lat' dir='ltr'>aquibus</span> 
     </span>
    </p>

    <p class='ocr_par' dir='ltr' id='par_1_15' title="bbox 42 5076 2234 5280">
     <span class='ocr_line' id='line_1_48' title="bbox 42 5076 2234 5190; baseline -0.012 -10"><span class='ocrx_word' id='word_1_619' title='bbox 42 5181 48 5190; x_wconf 82' lang='grc'><em>,</em></span> <span class='ocrx_word' id='word_1_620' title='bbox 138 5155 144 5161; x_wconf 91' lang='grc'>-</span> <span class='ocrx_word' id='word_1_621' title='bbox 222 5102 487 5184; x_wconf 85' lang='lat' dir='ltr'>constituerint,</span> <span class='ocrx_word' id='word_1_622' title='bbox 513 5095 663 5167; x_wconf 90' lang='lat' dir='ltr'>consiliu</span> <span class='ocrx_word' id='word_1_623' title='bbox 680 5103 713 5162; x_wconf 89' lang='lat' dir='ltr'>et</span> <span class='ocrx_word' id='word_1_624' title='bbox 728 5091 859 5160; x_wconf 89' lang='lat' dir='ltr'>virtute</span> <span class='ocrx_word' id='word_1_625' title='bbox 876 5110 936 5158; x_wconf 91' lang='lat' dir='ltr'>eos</span> <span class='ocrx_word' id='word_1_626' title='bbox 956 5085 1200 5159; x_wconf 85' lang='lat' dir='ltr'>antecelluisse</span> <span class='ocrx_word' id='word_1_627' title='bbox 1247 5089 1447 5160; x_wconf 89' lang='lat' dir='ltr'>doctrinam</span> <span class='ocrx_word' id='word_1_628' title='bbox 1468 5090 1515 5160; x_wconf 87' lang='lat' dir='ltr'>de</span> <span class='ocrx_word' id='word_1_629' title='bbox 1536 5111 1621 5158; x_wconf 85' lang='lat' dir='ltr'>vero</span> <span class='ocrx_word' id='word_1_630' title='bbox 1645 5076 1741 5170; x_wconf 85' lang='lat' dir='ltr'>Deo,</span> <span class='ocrx_word' id='word_1_631' title='bbox 1772 5098 1808 5157; x_wconf 85' lang='lat' dir='ltr'>et</span> <span class='ocrx_word' id='word_1_632' title='bbox 1826 5085 1915 5158; x_wconf 86' lang='lat' dir='ltr'>alias</span> <span class='ocrx_word' id='word_1_633' title='bbox 1944 5081 2110 5160; x_wconf 85' lang='lat' dir='ltr'>honestas</span> <span class='ocrx_word' id='word_1_634' title='bbox 2141 5087 2234 5176; x_wconf 86' lang='lat' dir='ltr'>leges</span> 
     </span>
     <span class='ocr_line' id='line_1_49' title="bbox 219 5181 2234 5280; baseline -0.009 -4"><span class='ocrx_word' id='word_1_635' title='bbox 219 5229 292 5278; x_wconf 87' lang='lat' dir='ltr'>nnn</span> <span class='ocrx_word' id='word_1_636' title='bbox 312 5203 464 5278; x_wconf 89' lang='lat' dir='ltr'>dubium</span> <span class='ocrx_word' id='word_1_637' title='bbox 488 5210 568 5272; x_wconf 68' lang='lat' dir='ltr'>est„</span> <span class='ocrx_word' id='word_1_638' title='bbox 608 5195 703 5270; x_wconf 87' lang='lat' dir='ltr'>Sunt</span> <span class='ocrx_word' id='word_1_639' title='bbox 726 5193 835 5280; x_wconf 79' lang='lat' dir='ltr'>igitur</span> <span class='ocrx_word' id='word_1_640' title='bbox 854 5211 875 5259; x_wconf 93' lang='lat' dir='ltr'>a</span> <span class='ocrx_word' id='word_1_641' title='bbox 897 5183 1035 5280; x_wconf 83' lang='lat' dir='ltr'>Ripbst</span> <span class='ocrx_word' id='word_1_642' title='bbox 1054 5181 1200 5278; x_wconf 84' lang='lat' dir='ltr'>Riphei,</span> <span class='ocrx_word' id='word_1_643' title='bbox 1246 5184 2034 5262; x_wconf 75' lang='lat' dir='ltr'>mntrmtnorssstastutsioenonusbtnm</span> <span class='ocrx_word' id='word_1_644' title='bbox 2051 5201 2117 5262; x_wconf 83' lang='lat' dir='ltr'>est.</span> <span class='ocrx_word' id='word_1_645' title='bbox 2150 5187 2234 5259; x_wconf 88' lang='lat' dir='ltr'>ldeo</span> 
     </span>
    </p>

    <p class='ocr_par' dir='ltr' id='par_1_16' title="bbox 61 5285 2234 5402">
     <span class='ocr_line' id='line_1_50' title="bbox 61 5285 2234 5402; baseline -0.011 -18"><span class='ocrx_word' id='word_1_646' title='bbox 61 5305 66 5316; x_wconf 87' lang='grc'><strong>’</strong></span> <span class='ocrx_word' id='word_1_647' title='bbox 218 5301 635 5402; x_wconf 80' lang='lat' dir='ltr'>quisuntSarmataeet</span> <span class='ocrx_word' id='word_1_648' title='bbox 655 5293 799 5366; x_wconf 87' lang='lat' dir='ltr'>Heneti.</span> <span class='ocrx_word' id='word_1_649' title='bbox 855 5287 996 5362; x_wconf 87' lang='lat' dir='ltr'>Nomen</span> <span class='ocrx_word' id='word_1_650' title='bbox 1015 5285 1200 5376; x_wconf 81' lang='lat' dir='ltr'>Heneti,</span> <span class='ocrx_word' id='word_1_651' title='bbox 1221 5339 1224 5350; x_wconf 84' lang='lat'>.</span> <span class='ocrx_word' id='word_1_652' title='bbox 1246 5289 2030 5384; x_wconf 66' lang='lat' dir='ltr'>enimdispcrsaasootdeccmtribonotad</span> <span class='ocrx_word' id='word_1_653' title='bbox 2045 5290 2137 5362; x_wconf 84' lang='lat' dir='ltr'>alias</span> <span class='ocrx_word' id='word_1_654' title='bbox 2149 5313 2234 5380; x_wconf 83' lang='lat' dir='ltr'>geu-</span> 
     </span>
    </p>

    <p class='ocr_par' dir='ltr' id='par_1_17' title="bbox 163 5356 2234 5496">
     <span class='ocr_line' id='line_1_51' title="bbox 163 5356 2234 5496; baseline -0.013 -14"><span class='ocrx_word' id='word_1_655' title='bbox 163 5445 173 5471; x_wconf 64' lang='grc' dir='ltr'>ι</span> <span class='ocrx_word' id='word_1_656' title='bbox 217 5424 258 5482; x_wconf 90' lang='lat' dir='ltr'>ut</span> <span class='ocrx_word' id='word_1_657' title='bbox 272 5422 389 5496; x_wconf 85' lang='lat' dir='ltr'>sonat,</span> <span class='ocrx_word' id='word_1_658' title='bbox 415 5393 748 5496; x_wconf 82' lang='lat' dir='ltr'>significatEbraeis</span> <span class='ocrx_word' id='word_1_659' title='bbox 765 5391 996 5486; x_wconf 86' lang='lat' dir='ltr'>Vagabuudi,</span> <span class='ocrx_word' id='word_1_660' title='bbox 1019 5387 1198 5465; x_wconf 85' lang='lat' dir='ltr'>utGraeci</span> <span class='ocrx_word' id='word_1_661' title='bbox 1217 5356 1225 5490; x_wconf 69' lang='grc' dir='ltr'>Ι</span> <span class='ocrx_word' id='word_1_662' title='bbox 1244 5405 1298 5468; x_wconf 89' lang='lat' dir='ltr'>tes</span> <span class='ocrx_word' id='word_1_663' title='bbox 1312 5383 1830 5489; x_wconf 79' lang='lat' dir='ltr'>qaoqueperiensmrnoticis</span> <span class='ocrx_word' id='word_1_664' title='bbox 1845 5389 2094 5492; x_wconf 70' lang='lat' dir='ltr'>devmodlep.</span> <span class='ocrx_word' id='word_1_665' title='bbox 2132 5391 2234 5466; x_wconf 77' lang='lat' dir='ltr'>Sient</span> 
     </span>
    </p>
   </div>
   <div class='ocr_carea' id='block_1_3' title="bbox 0 0 2317 5796">
    <p class='ocr_par' dir='ltr' id='par_1_18' title="bbox 0 0 2317 5796">
     <span class='ocr_line' id='line_1_52' title="bbox 0 0 2317 5796; baseline 0 0"><span class='ocrx_word' id='word_1_666' title='bbox 0 0 2317 5796; x_wconf 95' lang='lat' dir='ltr'> </span> 
     </span>
    </p>
   </div>
   <div class='ocr_carea' id='block_1_4' title="bbox 223 5755 339 5788">
    <p class='ocr_par' dir='ltr' id='par_1_19' title="bbox 223 5755 339 5788">
     <span class='ocr_line' id='line_1_53' title="bbox 223 5755 339 5788; baseline -0.017 1"><span class='ocrx_word' id='word_1_667' title='bbox 223 5755 339 5788; x_wconf 59' lang='lat'>·-</span> 
     </span>
    </p>
   </div>
  </div>
 </body>
</html>
