4604 5804
101 315 175 389 aaa
491 379 497 386 .
781 317 811 392 t.
863 309 1156 393 ennontcon
1180 309 1427 395 0301000.
1493 415 1495 423 Ι
2043 333 2118 412 eae
2220 372 2223 380 ·

98 485 203 557 initia
227 484 444 577 praeliorum
469 483 577 558 ludae
591 485 1025 560 Macabaetaonterontur
1046 486 1086 558 in
1139 489 1355 581 diriperetur
1375 503 1412 562 et
1432 489 1730 578 inflammaretur,
1752 495 1854 572 iussit
1877 501 1967 574 edici
1983 501 2115 600 Scipio,

99 609 238 658 annum
254 587 299 658 ab
315 589 404 658 urbe
419 591 563 660 condita
575 590 899 685 quingentesimum
921 604 1086 682 octuage-
1137 603 1177 662 ut
1193 591 1355 681 fugerent
1371 591 1434 685 qui
1453 591 1594 664 vellent
1645 593 1829 688 Fugerunt
1848 602 1955 692 igitur
1969 629 2010 678 ex
2024 611 2114 681 urbe

98 689 232 758 simum
248 688 447 782 septimum.
1136 689 1392 786 quinquaginta
1408 692 1522 764 millia
1539 687 1745 784 hominum,
1767 701 1897 794 reliqui
1919 721 1980 780 aut
2001 707 2115 781 inter.

582 865 585 874 ,
1134 791 1216 864 fecti
1230 804 1290 863 aut
1304 793 1456 863 flammis
1471 796 1647 890 absumpti
1661 812 1754 874 sunt.
1786 799 2113 884 Urbsinflammara

257 933 470 1003 Tertium
495 929 722 1000 Punicum
747 925 935 1004 delium.
1136 891 1222 964 mil
1244 893 1321 962 ‘¹5⁰⁸
1344 893 1506 967 sedecim.
1560 895 1696 970 ⁸⁰¹le
1717 915 1834 974 autem
1855 903 2043 1000 P⁰¹yb5¹¹⁵2
2075 939 2112 984 ⁸0

1135 991 1295 1085 Scipioni
1307 993 1466 1080 astitisse,
1487 1002 1658 1089 spectanti
1672 1001 1772 1072 urbis
1786 1005 2002 1080 incendium.
2037 1011 2113 1101 Qui

201 1097 311 1169 Anno
338 1121 357 1169 a
390 1097 533 1170 condita
563 1097 652 1168 urbe
673 1091 800 1169 Roma
831 1097 1082 1170 sexcentesimo
1133 1119 1213 1164 cum
1228 1093 1427 1188 lacrymans
1445 1121 1584 1168 versum
1599 1102 1790 1174 recitasset:
1810 1103 1875 1174 1113
1892 1109 1967 1180 dies
1983 1114 2112 1201 veniet,

99 1212 239 1291 quarto,
257 1223 352 1270 anno
367 1212 448 1292 post
463 1201 568 1268 linem
582 1198 666 1269 belli
676 1197 801 1270 Punici
815 1201 960 1271 secundi
975 1199 1083 1293 quin·
1133 1218 1214 1267 cum
1229 1197 1301 1267 1310
1310 1191 1429 1267 Troia
1443 1198 1585 1289 peribit,
1609 1201 1997 1302 interrogatPolybius:
2022 1201 2127 1307 quid*

98 1298 303 1390 quagesima
332 1301 488 1370 secundo
516 1312 651 1369 motum
675 1314 726 1370 est
748 1302 880 1371 bellom
905 1299 1080 1371 Punicum
1131 1296 1317 1392 lacrymae,
1342 1292 1381 1367 hi
1398 1298 1565 1388 gemitus,
1589 1316 1624 1373 et
1638 1297 1723 1374 haee
1737 1306 1829 1376 dicta
1845 1308 2108 1398 significarent?

98 1401 256 1474 tertium.
318 1395 407 1471 Eius
435 1399 520 1471 belli
551 1423 645 1469 anno
674 1415 799 1492 quarto
821 1389 1018 1496 Carthago
1044 1401 1078 1468 vi
1131 1393 1340 1490 Respondet
1355 1397 1494 1492 Scipio,
1517 1425 1553 1469 se
1569 1403 1720 1492 cogitare
1738 1405 1955 1482 miserabiles
1972 1418 2109 1504 generis
2151 1441 2157 1448 ·

99 1514 196 1589 capta
216 1515 252 1571 et
267 1500 381 1572 deleta
399 1513 468 1583 est,
495 1499 994 1596 dueeScipioneAemyliano,
1016 1502 1078 1596 qui
1131 1492 1279 1567 humani
1297 1521 1414 1588 casus,
1441 1503 1650 1573 0110100010
1669 1505 1860 1598 aliquando
1876 1512 1992 1582 simile
2008 1519 2107 1588 urbis

98 1615 201 1670 natus
228 1615 279 1671 est
299 1615 398 1692 patre
419 1598 532 1671 Paulo
547 1599 732 1696 Aemylio,
765 1602 825 1671 sed
848 1604 1034 1694 adoptatus
1059 1626 1078 1672 a
1130 1595 1268 1669 Romae
1282 1601 1475 1684 excidium,
1508 1603 1597 1673 sicut
1620 1619 1655 1676 et
1671 1603 1812 1678 Totilae
1833 1609 1994 1684 Gotthici
2017 1620 2108 1708 regis

97 1698 287 1792 Scipione,
312 1699 638 1792 natoescScipione
653 1701 785 1772 victore
801 1703 1002 1773 Annibalis.
1131 1710 1290 1792 tempore
1319 1701 1465 1789 accidit,
1507 1703 1645 1777 circiter
1673 1729 1809 1778 annum
1839 1713 2109 1804 septingentesi·
2227 1780 2232 1786 .

199 1799 315 1872 Causa
329 1803 415 1892 belli
429 1802 514 1886 1011,
538 1797 634 1894 quod
649 1804 723 1890 regi
733 1801 957 1890 Masinissae,
982 1802 1077 1874 socio
1130 1822 1228 1870 mum
1251 1815 1329 1892 post
1358 1797 1454 1874 hunc
1477 1802 1691 1896 Scipionem.
1759 1808 1911 1884 Steterat
1932 1830 2050 1888 autem
2073 1835 2108 1892 et

97 1901 224 1992 populi
245 1899 420 1990 Romani,
449 1902 583 1973 bellum
609 1902 820 1990 intulerant,
851 1903 958 1975 misso
981 1927 1078 1973 exer·
1128 1896 1307 1992 Carthago
1336 1927 1449 1974 annos
1484 1905 1623 1979 circiter
1660 1910 1916 2001 septingentos,
1964 1921 2109 1990 condita

99 2003 169 2070 citu
203 2003 243 2070 in
274 2004 349 2074 eius
377 2005 463 2073 fines
484 2003 739 2098 quinquaginta
763 2017 798 2076 et
818 2018 897 2075 octo
923 2005 1078 2074 millium
1129 2015 1212 2072 ante
1243 2005 1367 2074 urbem
1396 2003 1551 2078 Romam
1582 2032 1678 2080 anno
1711 2013 1899 2086 centesimo
1934 2030 1969 2089 et
2000 2021 2107 2112 paulo

98 2097 310 2189 bominum,-
345 2105 408 2198 qui
435 2118 552 2175 tamen
583 2104 830 2176 circumsessus
857 2107 902 2176 ab
925 2107 1079 2176 exercitu
1129 2101 1294 2194 amplius.
1817 2173 1822 2178 .

98 2201 331 2291 Masinissae,
361 2227 487 2296 magna
505 2215 545 2273 ex
561 2215 659 2295 patre
676 2207 768 2276 fame
784 2205 902 2301 periit.
953 2205 1078 2278 Postea
1231 2199 1427 2278 Asdrubal
1447 2209 1518 2279 dux
1539 2205 1871 2301 Carthaginensium
1893 2221 2039 2310 supplex
2062 2224 2107 2290 ad

99 2327 177 2376 cum
202 2305 310 2394 legati
331 2303 540 2378 aRomanis
559 2303 656 2375 missi
673 2306 877 2378 viderentur
896 2308 1079 2400 aequiores
1130 2301 1334 2397 Scipionem
1354 2311 1521 2399 confugit.
1571 2308 1661 2382 Eius
1682 2336 1771 2383 uxor
1792 2314 1869 2384 dira
1894 2323 2021 2390 marito
2041 2323 2109 2390 im-

99 2427 170 2473 esse
192 2397 405 2476 Masinissae
436 2407 527 2477 bene
557 2407 703 2494 merito,
741 2408 963 2479 conditiones
984 2408 1079 2500 pacis
1130 2420 1269 2496 precata
1299 2431 1335 2479 se
1363 2433 1443 2479 curn
1478 2409 1596 2500 parvis
1627 2412 1709 2482 filiis
1742 2413 1781 2482 in
1810 2419 1966 2488 medium
1990 2423 2109 2510 ignem

97 2503 394 2598 Carthaginenses
415 2507 702 2599 repudiaverunt.
754 2507 909 2602 Sequuta
934 2524 985 2580 est
1011 2509 1079 2598 igi·
1130 2507 1382 2601 praecipitavit.
1433 2509 1557 2580 Postea
1574 2526 1608 2582 et
1625 2511 1700 2602 ipse
1716 2508 1897 2588 Asdrubal
1920 2521 1989 2590 sibi
2013 2549 2110 2592 mor-

99 2619 158 2676 tur
182 2620 266 2700 post
294 2608 488 2699 legationes
516 2607 703 2701 aliquoties
723 2609 847 2680 missas
871 2610 1079 2681 deliberatio
1129 2619 1201 2678 tem
1215 2610 1398 2681 conscivit.
1446 2607 1494 2682 Et
1510 2610 1676 2700 leguntur
1692 2613 1759 2684 alia
1783 2609 1971 2688 horribilia
1993 2645 2110 2692 exem-

99 2721 324 2779 nontantum
341 2709 513 2791 debello,
545 2709 605 2780 sed
632 2709 736 2778 etiam
758 2711 803 2780 de
824 2711 913 2780 urbe
930 2705 1080 2784 Cartba—
1130 2709 1211 2800 pla,
1237 2733 1327 2804 quae
1345 2711 1547 2783 acciderunt
1571 2715 1607 2782 in
1632 2737 1673 2783 eo
1698 2713 1853 2798 excidio,
1880 2743 1969 2810 quae
1991 2737 2110 2793 osten·

101 2809 178 2897 gine
195 2810 364 2894 delenda,
389 2811 559 2904 quianon
577 2809 780 2902 quiesceret.
829 2809 880 2879 Ea
897 2811 940 2880 de
955 2812 1080 2880 redis-
1132 2811 1223 2880 dunt
1245 2811 1333 2879 iram
1350 2809 1416 2881 Dei
1438 2815 1606 2884 adversus
1630 2813 1778 2901 delicta,
1811 2831 1845 2886 et
1867 2836 2033 2907 monent,
2065 2849 2111 2894 ne

101 2898 652 2984 sensioRomaeinSenatuluit.
705 2905 1079 3006 ScipioNasicasen-
1109 2925 1248 3002 ¹spreto
1283 2909 1351 2981 Dei
1393 2913 1526 2984 iudicio
1559 2915 1670 2985 coccis
1703 2917 1957 3008 cupiditatibus
1988 2923 2111 2994 indul-

102 3009 145 3078 sit
170 3035 248 3080 non
274 3011 461 3082 delendam
483 3035 578 3098 esse,
607 3013 690 3106 quia
712 3013 819 3082 nimis
841 3026 939 3083 atrox
963 3036 1081 3081 exem·
1131 3032 1284 3102 geamus.

102 3110 200 3200 plum
218 3125 326 3197 esset,
350 3126 384 3183 et
402 3137 475 3183 non
499 3115 715 3183 conveniens
728 3112 913 3186 Romanae
927 3115 1081 3183 clemen·
1233 3106 1482 3202 Carthaginem
1511 3139 1585 3185 000
1612 3115 1725 3189 multo
1745 3131 1825 3210 post
1846 3119 2030 3193 restituere
2052 3147 2112 3194 coa

101 3213 186 3296 tiae,
233 3225 368 3284 tantam
401 3208 589 3284 hominum
623 3215 888 3288 multitudinem
923 3215 1080 3306 perdere.
1133 3226 1237 3282 natus
1262 3229 1312 3284 est
1332 3211 1439 3285 Caius
1464 3213 1665 3304 Gracchus,
1705 3221 1920 3292 deducturus
1948 3245 1989 3292 eo
2016 3227 2113 3294 colo·

101 3307 226 3385 Deleta
251 3314 357 3385 etiam
391 3337 430 3384 ea
463 3315 552 3386 urbe
575 3313 759 3386 Romanos
792 3315 929 3384 facilius
963 3315 1081 3384 civilia
1132 3313 1263 3410 niam..
1304 3314 1376 3384 Sed
1397 3313 1491 3409 Lupi
1512 3318 1631 3406 signa,
1667 3344 1757 3412 quae
1787 3345 1972 3392 murorum
1998 3327 2113 3415 spacia

102 3411 194 3484 bella
229 3429 389 3486 moturos
421 3437 516 3501 esse,
559 3413 641 3508 quia
676 3412 736 3483 illa
772 3413 913 3507 imperii
944 3416 1082 3485 aemula
1133 3412 1397 3502 significabant,
1419 3431 1598 3491 eruerunt.
1650 3416 1919 3492 Posteaalulio
1939 3423 2113 3519 etAngu-

103 3515 237 3584 sublata
254 3516 342 3585 soris
359 3516 537 3586 neminem
553 3515 779 3586 formidaturi
794 3529 918 3585 essent.
966 3507 1082 3584 Coto·
1133 3527 1187 3586 sto
1204 3513 1364 3585 restituta
1381 3530 1449 3601 est,
1475 3531 1508 3588 et
1525 3541 1566 3588 eo
1583 3517 1727 3588 deducti
1741 3534 1826 3592 sunt
1839 3521 1970 3599 coloni.

105 3614 162 3683 ais
184 3616 253 3685 1011
269 3617 443 3689 contraria
465 3616 655 3702 sententia,
688 3616 771 3709 qnia
793 3616 905 3688 virtus
918 3615 1081 3689 Romana

105 3717 272 3802 paulatim
289 3718 384 3789 lieret
400 3718 614 3806 languidior,
631 3712 883 3807 Carthaginem
901 3719 1081 3788 occasione

105 3818 337 3910 recuperandi
351 3819 491 3909 imperii
507 3820 700 3914 aliqnando
716 3841 858 3889 usuram
876 3841 959 3888 esse.

147 3951 150 3958 ·
204 3916 377 3990 Consules
400 3920 439 3988 in
456 3915 647 4013 Aphricam
672 3919 769 3989 missi
794 3917 939 3988 biennio
966 3919 1082 3990 vicina
1236 3910 1360 4014 Scipio
1381 3916 1611 4010 Aemylianus
1633 3917 1896 4011 quartodecimo
1922 3944 2017 3989 3000
2040 3933 2117 4010 post

106 4019 232 4109 oppida
249 4034 484 4110 occuparunt,
511 4035 545 4092 et
565 4020 751 4116 aliquoties
771 4019 983 4090 infoeliciter
1005 4035 1084 4092 ten·
1138 4039 1293 4087 eversam
1312 4013 1562 4108 Carthaginem
1587 4019 1716 4089 delevit
1737 4021 1861 4088 urbem
1881 4019 2118 4104 Numantiam,

105 4129 226 4190 tarunt
240 4123 539 4213 oppugnationem
549 4116 789 4211 Carthaginis,
810 4144 849 4190 ac
863 4121 993 4191 virtute
1007 4121 1084 4193 Sci·
1136 4118 1237 4188 sitam
1254 4117 1292 4185 10
1309 4114 1518 4203 Celtiberia,
1542 4118 1604 4188 ubi
1618 4117 1775 4191 Romani
1792 4121 1962 4190 exercitus
1980 4123 2118 4216 aliquo-

106 4219 447 4316 pionisAemyliani,
462 4222 524 4315 qni
540 4219 816 4293 tuncTribunus
831 4215 984 4292 militum
1002 4235 1085 4306 erat,
1137 4221 1202 4290 ties
1220 4219 1384 4290 trucidati
1405 4220 1556 4294 fuerant.

107 4312 161 4389 bis
176 4343 303 4411 magna
319 4346 397 4393 cum
422 4323 533 4413 gloria
559 4323 685 4392 servati
711 4337 793 4393 sunt
807 4320 965 4394 Romani
987 4347 1086 4392 exer·
1224 4320 1346 4390 Huius
1361 4334 1475 4396 autem
1491 4319 1590 4388 urbis
1604 4319 1777 4390 excidium
1793 4321 1987 4392 terribilius
2003 4344 2121 4390 exem-

108 4420 205 4494 citus.
257 4422 342 4497 Post
356 4423 542 4494 biennium
558 4418 616 4492 hic
630 4420 751 4514 Scipio
766 4435 848 4492 ante
865 4424 1085 4493 consularem
1138 4420 1237 4510 plum
1255 4433 1306 4490 est
1322 4421 1457 4489 excidio
1475 4415 1711 4509 Carthaginis.
1763 4417 1857 4508 Quia
1880 4445 1959 4492 cum
1978 4435 2120 4514 propter

109 4535 253 4594 aetatem
277 4537 415 4594 creatus
431 4521 587 4609 Consul,
621 4536 655 4593 et
679 4524 804 4593 missus
825 4523 862 4591 in
882 4519 1088 4614 Aphricam,
1139 4521 1468 4590 famemdelendere
1479 4521 1603 4600 urbem
1621 4522 1714 4590 cives
1731 4521 1865 4593 diutius
1881 4547 1956 4592 000
1970 4537 2122 4614 possent,

109 4621 177 4693 alio
191 4624 340 4694 consilio
356 4647 440 4695 usus
456 4637 526 4710 est,
550 4648 655 4719 quarn
682 4625 816 4716 priores
838 4625 956 4694 duces.
1009 4623 1083 4694 To·
1141 4621 1406 4716 inflammarunt
1427 4646 1503 4690 eam
1521 4622 1608 4712 ipsi,
1633 4635 1668 4694 et
1686 4645 1758 4690 sese
1773 4623 1899 4713 partim
1920 4623 2014 4714 igni,
2040 4643 2123 4714 par-

110 4731 179 4792 tam
201 4725 325 4795 urbem
346 4725 642 4809 circumvallavit,
667 4749 713 4794 ne
732 4725 949 4796 frumentum
966 4722 1088 4795 invehi
1140 4724 1204 4794 tim
1227 4723 1342 4805 10010,
1374 4722 1501 4814 partim
1527 4745 1665 4792 veneno
1690 4725 1932 4814 perdiderunt.
1997 4723 2142 4794 Postea-

110 4839 236 4910 posset.
287 4822 326 4897 ld
345 4849 434 4919 opus
450 4827 595 4900 difficile
610 4839 644 4897 et
661 4847 787 4915 magna
808 4837 938 4897 artace
959 4849 1087 4917 magno
1140 4822 1260 4922 Scipio
1285 4824 1407 4894 ruinas
1431 4823 1594 4894 fonditus
1614 4822 1762 4908 delevit,
1804 4838 1838 4896 et
1866 4847 1968 4914 agros
1995 4825 2123 4894 vicinis

111 4921 230 4998 labore
254 4927 447 5027 perlectum
470 4943 534 5000 est.
585 4925 670 4998 Fuit
692 4927 786 4998 enim
810 4926 965 5000 ambitus
991 4929 1089 4998 urbis
1141 4924 1320 5010 attribuit,
1350 4937 1384 4995 et
1400 4925 1561 4995 ordinata
1576 4923 1760 5017 provincia
1776 4947 1897 5014 pacem
1916 4927 1953 4994 in
1971 4950 2010 4995 ea
2025 4939 2123 5017 parte

113 5043 168 5094 sex
188 5027 395 5101 milliarium
418 5027 725 5100 Germanicorum.
778 5025 962 5099 Diameter
983 5028 1092 5119 igitur
1141 5023 1335 5120 Hispaniae
1349 5026 1514 5098 restituit.
1965 5053 1971 5066 ·

112 5125 178 5198 1011
201 5131 340 5202 circiter
361 5131 515 5200 duorum
537 5130 755 5206 milliarium.
821 5126 959 5200 Interea
988 5153 1090 5221 saepe
1245 5127 1401 5199 Absente
1414 5153 1455 5197 eo
1470 5123 1607 5198 Romae
1624 5145 1771 5215 magnae
1795 5127 1984 5196 seditiones
2008 5137 2123 5194 motae

114 5226 317 5304 dimicatum
335 5244 387 5303 est
402 5229 582 5301 acerrimis
604 5232 767 5322 praeliis,
793 5231 999 5323 praesertim
1026 5254 1092 5300 na·
1144 5240 1227 5300 sunt
1241 5244 1387 5322 propter
1402 5228 1494 5318 leges
1515 5227 1689 5316 agrarias,
1716 5249 1801 5319 quas
1818 5227 1922 5330 initio
1940 5227 2128 5294 11000110-

115 5329 261 5404 valibus.
321 5331 391 5405 Sed
414 5333 557 5404 tandem
580 5331 666 5402 urbs
690 5333 727 5403 vi
753 5345 853 5423 capta
876 5345 946 5414 est,
987 5333 1091 5402 caede
1144 5329 1204 5400 dio
1221 5327 1388 5402 Tiberius
1404 5321 1586 5399 Gracchus
1610 5327 1759 5412 tulerat,
1789 5326 1993 5396 faventibus
2014 5325 2124 5418 etiam

117 5425 206 5505 intra
226 5433 368 5506 moenia
390 5429 557 5507 horribili
578 5434 678 5505 facta·
741 5431 955 5530 Priusquam
974 5447 1091 5507 autem
1145 5430 1246 5503 Lelio
1270 5419 1476 5511 ebScevola.
1527 5421 1598 5499 Sed
1621 5432 1666 5500 ad
1687 5429 1818 5500 bonam
1841 5448 1982 5497 causam
2006 5437 2128 5518 postea

1488 5523 1573 5603 56*

1249 3746 1505 3822 anidissm
1528 3754 1825 3825 Numantiae
1857 3753 2004 3826 urbis.
