4606 5822
106 297 109 302 ·
199 275 274 370 ate
527 383 531 393 ,
790 327 797 350 .
966 279 1504 372 nrsaunar-tonns'
2147 297 2224 376 sao

96 565 99 568 Ι
305 461 342 540 5.
382 459 557 554 Quintum
574 469 730 533 tumtum
746 469 798 532 est
813 479 856 530 cx
869 455 1017 553 proprio
1030 460 1118 562 legis
1133 461 1187 534 si·
1338 464 1402 538 12.
1440 457 1539 539 llaec
1562 469 1681 540 antem
1703 455 1790 539 fides
1809 467 2009 564 concipitur
2030 471 2071 544 in
2096 475 2226 568 poeni-

200 572 307 641 fectu.
1237 564 1365 654 tentia,
1398 565 1480 638 ideo
1501 567 1622 661 impii,
1653 592 1772 664 neque
1794 573 1882 668 quid
1905 576 1950 647 sit
1970 575 2074 662 fides,
2108 597 2227 671 neque

258 701 261 706 ·
303 670 376 741 Lex
398 689 535 760 semper
555 677 694 737 accusat
714 661 962 749 conscientias,
997 664 1100 736 etad
1124 666 1188 736 de·
1238 689 1329 764 qnae
1344 667 1390 743 sit
1404 668 1554 742 bdeivis
1566 670 1783 762 intelligunt.
2114 673 2125 690 ¹

202 773 436 867 sperationem
452 767 573 858 adigit.
611 765 724 856 Igitur
737 767 794 836 lex
806 789 880 836 non
897 743 1081 852 iustificat,
1103 765 1187 860 quia
1259 810 1261 821 ·
1441 858 1443 862 .

202 873 627 1045 consciqntiasslesperans
647 868 738 959 fugit
760 866 894 941 eludit
914 865 1087 938 iudicium
1108 866 1189 956 Dei,
1327 896 1450 996 (xil.)
1490 901 1598 978 Alia
1629 901 1922 1000 ‘gg-mgnum
1962 907 2010 983 de
2027 909 2121 984 me

201 1000 275 1049 non
289 977 354 1047 dii
380 975 408 1046 it
460 995 549 1042 eum.
2123 963 2133 984 ⁰

303 1077 339 1151 6.
358 997 523 1146 gSextum
537 1085 590 1144 est
602 1069 765 1165 repetitio
779 1069 916 1166 quarti,
942 1083 977 1142 et
991 1069 1188 1165 explicatio,
1237 1059 1366 1143 Euam
1390 1095 1471 1142 cnm
1494 1071 1581 1143 fides
1602 1087 1758 1166 expectat
1777 1075 2026 1152 liberationem
2054 1100 2230 1172 corpora·

201 1207 243 1255 ac
268 1193 434 1250 naturam
465 1175 549 1245 fidei
576 1175 690 1244 multo
713 1173 843 1244 clarius
868 1172 1043 1260 ostendit,
1076 1185 1113 1244 et
1137 1185 1189 1244 cst
1237 1172 1327 1254 lem,
1361 1185 1402 1244 nt
1422 1172 1509 1243 fides
1528 1173 1624 1246 Mosi
1648 1177 1694 1248 ad
1716 1201 1812 1248 mare
1841 1182 2010 1266 rubrum,
2048 1193 2110 1251 aut
2137 1181 2231 1250 tides

200 1279 310 1354 huius
324 1279 434 1352 totins
450 1275 708 1347 controversiae
727 1267 906 1367 σύνεχον,
933 1299 1004 1368 qno
1030 1297 1105 1344 non
1129 1274 1188 1345 in·
1237 1271 1353 1358 Noae,
1378 1270 1622 1346 autAbrahae
1639 1280 1854 1369 expectantis
1874 1281 2133 1372 posteritatem:
2172 1295 2230 1352 ῑομ

201 1386 361 1467 tellecta,
393 1403 468 1449 non
488 1390 601 1470 potest
613 1375 718 1447 Pauli
742 1375 915 1447 sententia
941 1375 1067 1451 teneri.
1117 1374 1189 1448 Su·
1238 1397 1322 1446 men
1335 1369 1423 1446 hacc
1436 1377 1523 1446 fides
1538 1377 1685 1448 existere
1700 1403 1774 1450 non
1788 1394 1923 1472 potest,
1947 1381 2021 1454 nisi
2033 1381 2126 1454 adsit
2139 1382 2229 1462 fides

200 1488 314 1558 mitur
328 1495 446 1554 antem
459 1474 528 1558 hoc
541 1489 788 1569 argumentum
803 1500 845 1548 er
861 1499 963 1574 causa
981 1475 1188 1569 promissio-
1238 1477 1384 1547 credens
1398 1478 1643 1549 remissionem
1661 1495 1898 1573 peccatorum.

201 1589 278 1673 nis,
309 1584 489 1655 videlicet:
524 1577 653 1652 Utrum
682 1594 804 1650 nostra
831 1579 958 1652 merita
984 1579 1058 1651 sint
1085 1601 1188 1651 cansa
1338 1579 1379 1650 2·
1410 1577 1494 1650 Iden
1510 1577 1644 1651 Paulus
1662 1595 1755 1653 recte
1776 1585 2020 1658 accommodat
2034 1583 2231 1656 sententias

195 1685 465 1786 promissionis,
487 1705 534 1753 an
547 1683 622 1754 sola
635 1680 706 1753 Dei
720 1681 976 1755 misericordia.
1238 1677 1380 1764 citatas,
1403 1693 1461 1766 ut,
1488 1681 1637 1754 credidit
1651 1676 1836 1753 Abraham
1850 1680 1927 1756 Deo
1944 1699 2010 1758 ete.
2058 1682 2107 1756 Et
2131 1696 2231 1754 recte

276 1788 312 1866 7.
336 1787 374 1860 Si
384 1784 572 1878 promissio
587 1785 812 1876 penderetex
826 1781 1031 1873 conditione
1046 1793 1189 1855 nostro·
1238 1779 1326 1850 dicit
1351 1776 1641 1856 1.Cortnrh.1o.:
1676 1778 1815 1854 Omnes
1832 1807 1897 1878 per
1914 1785 2044 1858 Mosen
2056 1785 2230 1879 baptizati

201 1881 283 1966 rum
297 1889 519 1980 meritorum,
544 1899 634 1956 esset
647 1883 783 1957 incerta
797 1899 832 1956 et
847 1883 959 1958 irrita.
993 1881 1186 1978 Nunquam
1238 1881 1375 1954 suntin
1391 1884 1486 1954 nube
1502 1896 1535 1953 et
1548 1884 1650 1960 mari.

199 1994 297 2067 enim
321 1986 495 2061 habemus
519 1985 729 2058 sufficientia
750 1985 899 2071 merita,
931 1997 1077 2078 propter
1097 2009 1188 2079 quse
1341 1984 1375 2054 b.
1406 1982 1528 2077 ltaque
1543 2008 1619 2054 non
1634 1985 1839 2077 intelligunt
1853 1987 1940 2080 quid
1962 1985 2010 2060 sit
2031 1987 2136 2075 fides,
2162 1987 2232 2080 qui

202 2091 419 2168 conscientia
448 2101 603 2160 statuere
627 2087 757 2178 possit,
798 2108 865 2156 nos
886 2087 1012 2176 dignos
1033 2109 1106 2158 esse
1130 2111 1188 2157 re·
1239 2084 1363 2159 dicunt
1377 2083 1528 2158 Paulum
1547 2085 1698 2160 abusum
1713 2111 1788 2160 csse
1801 2089 2027 2162 testimoniis.

201 2197 371 2270 missione
385 2202 627 2283 peccatorum,
650 2187 777 2278 dignos
798 2208 892 2274 esse,
918 2212 1007 2282 quos
1019 2183 1116 2260 Deus
1131 2212 1188 2260 re-

200 2311 303 2394 putet
323 2296 432 2367 iustos
451 2304 486 2361 et
507 2304 682 2382 acceptos:
728 2289 831 2376 item,
869 2289 997 2380 dignos
1018 2312 1092 2360 csse
1115 2290 1188 2361 vita
1238 2322 1385 2417 (xm.)
1422 2325 1527 2396 Am
1561 2321 1853 2419 amputatio:
1901 2323 1949 2398 ge
1969 2333 2165 2400 ‚emma
2187 2337 2231 2399 ep

99 2497 101 2505 y
201 2414 357 2520 aeterna.
418 2393 530 2483 Igitur
553 2415 692 2462 necesse
714 2405 783 2484 est,
817 2391 1087 2512 promissionem
1107 2413 1187 2482 gra-
1238 2423 1580 2526 conpgmapgonggm
1592 2431 1718 2502 Pauli·
1770 2429 2060 2517 (opponaffln.
2087 2459 2120 2518 P·
2135 2435 2231 2515 330.)

200 2514 328 2576 turtam
347 2519 437 2587 esse,
462 2506 586 2565 elnon
602 2495 756 2585 pendere
773 2517 815 2563 ex
828 2495 1034 2563 conditione
1046 2505 1188 2564 nostro-

193 2627 282 2675 ·rum
300 2599 531 2681 meritorum,
556 2594 799 2688 alioquienim
824 2594 891 2663 erit
915 2595 1049 2664 incerta
1070 2608 1106 2666 et
1130 2594 1188 2664 in·
1239 2580 1350 2684 Quod
1373 2586 1547 2681 Origenes
1576 2605 1611 2662 et
1643 2593 1704 2662 alii
1736 2594 2032 2685 interpretantur,
2072 2591 2230 2664 Paulum

79 2765 82 2776 .
200 2702 323 2777 utilis·
365 2699 438 2769 lam
453 2699 483 2768 si
498 2697 628 2789 pendet
649 2694 825 2788 reputatio
848 2694 1026 2781 iusticias,
1050 2717 1126 2766 non
1146 2718 1188 2784 ex
1237 2697 1408 2784 abrogare
1424 2693 1640 2764 ceremonias
1649 2691 1844 2775 Mosaicas,
1870 2717 1951 2764 eum
1965 2695 2140 2786 disputat,
2161 2717 2231 2762 ne-

202 2801 408 2878 conditione
432 2811 636 2869 nostrorum
659 2805 828 2889 opernm,
861 2797 923 2866 sed
943 2819 986 2867 cx
1006 2797 1081 2868 sola
1104 2820 1187 2888 pro-
1240 2797 1372 2866 minem
1387 2818 1505 2867 coram
1513 2792 1591 2865 Deo
1606 2794 1737 2866 iustum
1753 2817 1827 2866 esso
1840 2809 1987 2888 propter
2000 2797 2125 2886 legem,
2150 2817 2230 2866 non

201 2906 388 2987 missione,
409 2899 569 2994 sequitur
590 2898 804 2982 necessario,
827 2893 1002 2968 Homines
1027 2921 1188 2991 pronun·
1238 2899 1422 2969 falluntur.
1612 2915 1614 2921 '

134 3033 144 3042 ·
202 3007 289 3080 ciari
302 3007 433 3089 iustos,
458 3003 532 3072 sola
550 3001 636 3085 fide,
661 3000 853 3091 accipiente
870 2999 969 3069 illam
982 2998 1189 3092 promissio·
1339 2999 1376 3072 Ξ.
1409 2995 1483 3077 Sed
1503 2993 1636 3068 Paulus
1657 2997 1768 3087 magis
1790 2996 2022 3088 belligeratur
2045 3021 2127 3069 cum
2148 2987 2230 3090 opi-

201 3131 305 3190 nem,
330 3129 405 3176 non
420 3114 565 3196 propter
579 3113 716 3171 nostras
728 3100 877 3170 virtutes
891 3113 952 3171 aut
969 3099 1097 3192 opera.¹
1240 3098 1366 3178 nioue,
1392 3121 1499 3190 qnam
1520 3099 1564 3167 de
1584 3097 1659 3189 lege
1681 3095 1862 3172 habehant
1884 3099 2095 3181 adversarii,
2119 3123 2230 3192 quarn

270 3255 272 3260 ,
303 3205 384 3276 Hoc
413 3216 464 3275 est
490 3202 586 3296 quod
611 3199 729 3295 inquit
752 3196 900 3270 Paulus:
953 3199 1039 3271 Ideo
1059 3225 1101 3272 ex
1121 3201 1189 3270 lide
1240 3224 1321 3272 cnm
1345 3199 1431 3292 ipsis
1451 3200 1681 3284 ceremoniis,
1710 3212 1747 3271 et
1770 3221 1909 3270 causam
1933 3203 2122 3292 abrogatae
2141 3199 2231 3290 legis

204 3309 333 3403 gratis,
364 3319 405 3377 ut
421 3304 466 3376 sit
480 3305 582 3372 firma
598 3301 799 3396 promissio.
847 3301 955 3372 Item:
989 3300 1029 3374 Si
1053 3302 1190 3391 exlege
1240 3300 1396 3397 quaerit,
1432 3300 1529 3396 quod
1558 3301 1722 3371 videlicet
1742 3300 1824 3371 ideo
1846 3300 1981 3373 reiiciat
2001 3303 2230 3382 ceremonias,

204 3431 500 3504 consequeremur
521 3401 793 3490 haereditatem,
818 3403 957 3476 sublata
980 3417 1069 3478 esset
1091 3404 1191 3492 fides,
1241 3404 1324 3500 quis
1342 3424 1448 3474 nemo
1467 3401 1513 3471 sit
1525 3399 1640 3473 iustus
1655 3425 1773 3472 coram
1787 3400 1864 3474 Deo
1879 3415 2026 3496 propter
2040 3405 2166 3494 legem.

202 3529 237 3588 ct
252 3513 352 3584 irrita
366 3508 564 3602 promissio.
599 3583 609 3609 Ι
1343 3503 1379 3574 8.
1412 3501 1553 3595 Itaque,
1594 3503 1691 3596 qnod
1715 3498 1892 3592 Origenes
1922 3504 2056 3575 interea
2078 3505 2230 3599 affingit,

303 3613 418 3706 Impia
438 3606 616 3682 calumnia
632 3617 702 3692 est,
725 3605 886 3678 cavillari
898 3603 1067 3678 Paulum:
1093 3607 1189 3700 qnod
1241 3600 1403 3676 homines
1419 3602 1531 3674 iustos
1547 3625 1621 3673 esse
1635 3618 1782 3696 propter
1796 3628 1903 3697 opera
1920 3605 2084 3692 moralia,
2105 3610 2231 3680 obruit

69 3747 72 3754 ·
204 3720 371 3791 abutatur
402 3712 606 3805 Scripturas
639 3708 873 3794 testimoniis,
915 3718 950 3777 et
985 3702 1192 3802 hyperbolis
1241 3705 1451 3777 beneficium
1467 3699 1625 3792 Christi,
1650 3719 1685 3776 et
1699 3705 1929 3779 conscientias
1942 3707 2088 3780 adducit
2104 3708 2145 3781 in
2160 3712 2232 3782 du-

197 3816 419 3913 'qnibusdam
434 3815 539 3896 fidem
557 3809 744 3879 immodice
764 3823 889 3894 ornet,
913 3821 954 3879 ut
976 3808 1015 3878 in
1036 3832 1074 3879 re
1097 3831 1192 3880 nova
1242 3807 1464 3880 bitationem.
1490 3815 1492 3820 ’

204 3917 344 3992 facilius
359 3915 490 3986 alliciat
504 3909 667 3982 homines
681 3911 726 3980 ad
740 3904 988 4000 Evangelinm.
1345 3903 1382 3983 4.
1423 3905 1608 3996 Dubitatio
1639 3921 1692 3980 est
1716 3922 1916 4002 peccatum,
1952 3935 2062 4006 quare
2087 3933 2232 3982 neccsse

195 4051 201 4064 ·
309 4017 345 4092 8.
379 4014 502 4110 ltaque
517 4011 690 4097 defendo,
718 4024 752 4080 et
767 4011 968 4082 testimonia
983 4007 1124 4080 aPaulo
1142 4008 1192 4080 ci·
1242 4025 1305 4098 est,
1330 4009 1581 4081 conscientiam
1596 4022 1695 4100 certo¹
1709 4022 1870 4099 statuere,
1895 4015 1992 4108 qnod
2006 4014 2118 4086 simus
2132 4013 2232 4099 iusti,

206 4133 278 4197 tata
293 4131 374 4212 apte
389 4117 563 4211 quadrare
577 4113 620 4183 ad
637 4107 728 4183 hanc
749 4135 910 4199 cansam,
933 4126 967 4182 et
982 4111 1093 4204 ipsam
1110 4132 1193 4180 cau·
1242 4109 1310 4184 hoc
1324 4121 1393 4196 est,
1416 4109 1550 4203 accepti
1563 4107 1655 4183 Deo.
2152 4162 2157 4168 -

206 4248 280 4298 sam
301 4216 358 4294 his
372 4215 587 4312 argumentis
601 4212 685 4285 satis
698 4214 874 4285 munitam
888 4227 993 4307 atque
1006 4213 1195 4284 confirma-
1345 4209 1382 4288 5.
1421 4209 1488 4283 llla
1512 4211 1686 4284 certitudo
1709 4213 1811 4286 nullo
1836 4215 1944 4286 modo
1964 4217 2079 4291 teneri
2102 4231 2232 4310 potest,

183 4333 280 4400 ”tam
293 4347 378 4399 esse.
1243 4315 1275 4386 si
1288 4311 1418 4406 pendet
1432 4312 1633 4386 iustificatio
1656 4339 1700 4386 ex
1721 4313 1927 4414 conditione
1946 4331 2090 4391 noemae
2110 4320 2233 4412 digni-

310 4425 347 4502 9.
385 4421 547 4495 Delendo
572 4417 657 4489 item
680 4415 832 4488 Paulum
854 4415 1051 4508 intelligere
1076 4416 1194 4502 fidem,
1244 4416 1325 4490 tatis
1338 4439 1401 4488 sen
1414 4439 1562 4508 operum
1576 4417 1778 4489 moralium.

76 4537 83 4546 '
144 4565 152 4577 a
206 4528 373 4603 fiduciam
398 4519 679 4605 misericordiae,
718 4543 793 4589 non
819 4519 989 4591 noticiam
1013 4513 1194 4599 historiae,
1348 4519 1385 4595 6.
1424 4515 1657 4592 Defendimus
1678 4517 1789 4612 igitur
1809 4514 1901 4592 hanc
1924 4541 1999 4592 csse
2020 4517 2127 4592 Pauli
2151 4545 2234 4594 sen-

207 4645 269 4705 aut
287 4639 565 4725 praeceptorum.
938 4665 957 4710 ·.
1244 4619 1409 4692 tentiam:
1432 4618 1540 4710 Quod
1561 4621 1841 4714 pronunciamus
1852 4622 1939 4694 iusti
1952 4646 2017 4716 per
2030 4623 2235 4695 misericor-

206 4743 215 4760 *
312 4735 372 4805 10.
402 4725 566 4800 Defende
585 4736 620 4795 et
642 4717 730 4806 hoc,
763 4723 859 4818 quod
884 4717 1045 4793 detrabat
1068 4719 1195 4791 iustiti·
1245 4721 1360 4808 diam,
1391 4743 1466 4792 non
1486 4737 1632 4814 propter
1653 4736 1773 4794 nostra
1797 4747 1921 4816 opera,
1950 4738 2015 4797 aut
2036 4725 2233 4798 novitatem

182 4839 183 4842 ’
210 4834 383 4906 cntionem
410 4843 486 4900 non
518 4839 657 4898 tantum
684 4822 916 4908 ceremoniis,
944 4825 1004 4894 sed
1029 4822 1196 4892 omnibus
1245 4835 1424 4909 nostram,
1447 4825 1510 4894 sed
1534 4825 1661 4914 gratis,
1690 4837 1864 4896 ettamen
1888 4821 2234 4919 lidehancmiseri-

209 4934 403 5006 ·virtutibus
431 4956 471 5002 ac
497 4927 666 5021 operibus
693 4924 909 5009 moralibus,
947 4938 982 4994 et
1010 4923 1197 4994 transierat
1246 4923 1405 4996 cordiam
1419 4923 1531 5017 accipi
1548 4939 1699 5018 oportet.

211 5038 346 5130 samad
362 5031 650 5110 misericordiam,
675 5051 766 5122 qnae
780 5050 854 5097 non
871 5037 922 5098 est
936 5027 1084 5111 incerta,
1098 5037 1141 5098 nt
1156 5024 1195 5096 in
1340 5028 1383 5100 ’7.
1427 5023 1533 5098 Fides
1560 5025 1734 5118 significat
1760 5028 1942 5104 fiduciam'
1953 5028 2235 5118 misericdrdiae,

211 5136 345 5211 iudicio
359 5129 535 5218 humano,
559 5131 620 5202 sed
637 5141 731 5200 certa
748 5128 844 5226 iuxta
859 5126 1141 5221 promissionem.
1246 5125 1445 5226 iustificatin
1469 5125 1681 5220 intelligitur
1701 5127 1866 5220 relative,
1896 5156 1963 5226 pro
1984 5134 2236 5226 acceptatione,

316 5237 377 5311 11.
421 5229 520 5302 Haec
552 5231 734 5318 doctrina,
777 5253 884 5326 qnam
916 5229 962 5302 sit
990 5226 1200 5311 neentis,
1246 5252 1399 5324 nonpro
1414 5226 1759 5308 inlusionehabitus.
1798 5231 1940 5307 iusticia
1956 5229 2014 5306 hic
2030 5259 2106 5305 non
2121 5233 2235 5326 signi-

213 5357 318 5437 quam
332 5337 437 5432 plena
450 5331 719 5420 consolationis,
739 5333 788 5407 ita
810 5345 903 5406 recte
926 5329 1077 5406 iudicari
1097 5343 1198 5425 pots-
1246 5331 1326 5402 licat
1347 5325 1508 5404 habitum
1530 5331 1570 5402 in
1593 5335 1718 5427 nobis,
1755 5327 1859 5408 ut'in
1880 5332 2132 5431 Philosophia,
2174 5340 2234 5408 scd

212 5445 278 5530 rit,
304 5441 335 5514 si
350 5460 427 5511 eam
442 5432 674 5529 experiamur.
1248 5431 1422 5526 significat
1435 5433 1582 5510 relative
1596 5437 1884 5532 acceptationem.
