4696 5820
58 285 159 388 ‚2⁸³
372 372 376 387 ,
564 275 726 366 ouen
762 267 841 360 un
869 271 1147 362 uetusto
1177 271 1334 360 uuctt
1363 273 1609 378 undussa
2012 283 2092 358 sss

70 456 176 549 cipes
197 396 424 538 iudicarunt,
458 474 609 550 quorum
627 457 673 528 de
702 405 780 549 ipso
804 475 984 526 sennones
1005 477 1064 525 re·
1112 475 1211 525 mum
1221 451 1280 523 rei
1294 449 1471 540 militaris,
1496 452 1559 546 qui
1573 451 1658 524 etin
1672 447 1873 544 illamsgna
1886 471 2026 545 pugna,
2052 452 2091 522 iu

71 562 237 628 censere'
250 576 402 648 possem.
450 555 522 628 Sed
550 558 706 630 ostendit
728 558 767 627 in
797 555 893 628 bello
925 555 1063 626 difficili
1111 577 1181 646 qus
1195 550 1273 626 Rex
1289 550 1650 627 Galliac·anciscns
1672 556 1717 625 sd
1739 551 1986 624 Mediolanum
2006 553 2092 626 vicit

68 668 252 752 qnantum
271 655 442 742 consilio,
463 657 708 748 magnitudine
729 657 860 744 animi,
880 667 916 726 et
939 658 1063 735 mode·
1111 653 1293 724 Helvetios
1314 653 1352 722 in
1373 654 1487 744 prima
1509 655 1583 724 acie
1602 654 1737 740 fuerat,
1775 665 1809 726 et
1830 675 1952 724 recens
1972 653 2090 725 fuerat

58 758 218 828 ratione
241 756 387 830 valeret.
438 753 534 828 Vicit
550 759 645 829 enim
665 781 796 850 magno
816 757 951 849 praelio
965 779 1063 827 exer-
1110 755 1238 840 ductor
1258 753 1398 842 paterni
1411 755 1600 840 exercitus,
1625 767 1660 826 et
1674 751 1931 849 Csncellarium
1944 751 2090 826 Furste·

69 858 191 930 citum
221 858 376 927 duorum
404 871 613 948 agnatorum
632 853 733 932 Erici
764 872 798 930 et
818 857 990 954 Hgnrici,
1021 880 1061 927 ac
1109 877 1204 928 rum.
1253 850 1393 924 Horum
1421 854 1578 925 consiliis
1599 870 1634 928 et
1652 855 1721 925 lide
1742 854 1898 947 primum
1918 865 1953 925 ct
1966 855 2090 925 dome·

58 953 227 1028 Ericum
247 956 322 1027 acie
344 970 502 1050 captum,
527 983 608 1032 cum
623 979 741 1032 secum
755 957 890 1032 Cellam
906 957 1063 1029 duxisset
1109 955 1196 1026 stica
1215 953 1403 1024 concordia
1419 956 1606 1028 constituta
1623 970 1696 1037 est,
1722 969 1756 1028 et
1779 979 1847 1048 pax
1867 977 1948 1026 curn
1961 954 2088 1042 vicinis

66 1053 277 1128 honorilice
292 1070 500 1145 tracutum,
526 1072 607 1152 post
621 1083 751 1154 paucos
765 1062 841 1132 dies
863 1083 948 1154 pace
970 1060 1060 1129 facta
1107 1057 1199 1126 facta
1221 1051 1296 1138 est,'
1315 1077 1385 1148 qua
1409 1056 1448 1123 in
1463 1079 1502 1126 re
1523 1057 1676 1127 multum
1700 1055 1842 1127 adiutus
1858 1067 1911 1126 est
1931 1054 2089 1127 consiliis

66 1157 226 1242 dimisit,
249 1157 357 1251 quiet
372 1157 447 1250 ipse
463 1181 582 1250 parem
597 1162 739 1234 laudem
753 1161 974 1256 prudentiae,
986 1161 1061 1229 for·
1108 1171 1143 1230 et
1163 1155 1350 1225 autoritate
1380 1156 1638 1227 avunculorum
1661 1155 1837 1228 Friderici
1859 1151 2034 1226 Electoris
2054 1167 2089 1224 et

62 1258 243 1332 ‘titudinis
258 1271 293 1328 et
306 1259 560 1330 moderationis
575 1261 702 1334 victori
723 1263 862 1338 tribuit.
913 1259 969 1332 Ex
992 1255 1061 1330 hoc
1109 1250 1279 1328 lobannis
1292 1252 1433 1326 Ducum
1449 1254 1633 1327 saxoniae.
1682 1254 1845 1352 Cumque
1866 1255 1969 1328 initio
1991 1270 2090 1328 tran·

67 1371 176 1451 patre
189 1369 296 1429 ustus
313 1371 365 1428 est
379 1355 551 1432 Ernestus
566 1361 606 1432 in
620 1365 750 1458 oppido
769 1361 934 1458 Ulyssea,
959 1361 998 1430 in
1020 1385 1059 1430 ea
1107 1356 1265 1452 quillitas
1280 1369 1461 1450 utcunque
1475 1357 1663 1428 constituta
1676 1371 1786 1444 esset,
1811 1370 1846 1429 et
1865 1355 1936 1428 iam
1961 1357 2090 1448 guber·

69 1459 187 1528 domo
212 1481 302 1552 quae
324 1481 422 1530 nnuc
442 1473 494 1532 est
518 1464 645 1534 domus
666 1460 823 1550 scholae,
846 1465 885 1532 in
908 1485 978 1555 qua
999 1461 1059 1530 'vir
1106 1457 1205 1529 natio
1225 1456 1359 1547 patriae
1379 1456 1578 1528 ordinanda
1598 1471 1706 1544 esset,
1737 1454 2003 1552 sciretqnellux
2020 1453 2090 1528 Er-

68 1559 280 1630 ernditione
309 1572 345 1630 ct
372 1559 503 1632 virtute
526 1565 699 1636 excellens
720 1563 925 1636 Bernartius
947 1560 1059 1632 Bom·
1106 1569 1227 1628 nestus
1242 1554 1401 1649 Principi
1417 1579 1577 1628 normam
1593 1557 1856 1649 gubernationis
1871 1581 1944 1629 esse
1957 1559 2087 1630 debere

68 1671 282 1750 gartnerns,
313 1659 417 1731 docet
444 1660 602 1754 linguam
624 1663 790 1736 Latinam
819 1679 853 1736 et
876 1660 1060 1747 Graecam,
1106 1671 1283 1752 ntranue
1304 1659 1461 1748 decalogi
1483 1659 1661 1744 tabulam,
1686 1671 1721 1728 ct
1741 1659 1897 1752 primum
1913 1681 2089 1752 quaeren-

64 1772 103 1830 ct
123 1759 328 1830 doctrinam
349 1756 545 1845 Ecclesiae,
576 1765 676 1835 cuius
705 1767 844 1838 labores
872 1765 995 1834 multis
1019 1763 1057 1832 in
1106 1761 1193 1830 dum
1216 1779 1290 1828 esse
1309 1781 1456 1850 regnum
1482 1759 1568 1844 Dei,
1590 1760 1661 1830 fuit
1687 1754 1774 1830 haee
1791 1759 2001 1852 primacnra
2017 1755 2088 1832 Ec·

63 1881 200 1948 magna
214 1871 315 1950 parte
332 1875 492 1950 prosunt.
531 1861 581 1934 Et
594 1864 768 1938 divinitus
785 1867 833 1938 ita
848 1866 1059 1948 factumest,
1106 1859 1229 1930 clesias
1244 1872 1338 1930 recte
1353 1859 1604 1946 constituendi,
1621 1881 1711 1953 quae
1729 1875 1763 1932 et
1777 1859 1821 1931 de
1836 1857 1997 1932 doctrina
2014 1861 2090 1930 dis·

63 1973 109 2030 nt
131 1959 215 2028 eius
236 1956 413 2050 Principis
442 1963 541 2032 locus
562 1965 691 2036 natalis
713 1967 914 2038 studiorum
935 1977 970 2036 et
993 1967 1058 2034 do·
1105 1961 1323 2046 sentiebant,
1348 1974 1384 2032 st
1403 1961 1490 2031 belli
1510 1960 1769 2032 calamitatibus
1791 1961 1958 2032 adfectae
1975 1973 2088 2034 erant.

64 2059 208 2130 ctrinae
220 2059 443 2130 domicilium
460 2063 572 2133 fectus
588 2065 647 2150 sit,
662 2068 725 2160 qni
740 2068 858 2140 studia
873 2067 1056 2137 literarum
1106 2060 1231 2154 ltaque
1246 2061 1450 2150 gravissima
1464 2061 1720 2152 deliberatione
1738 2061 1899 2132 omnium
1919 2059 2087 2132 ordinum

63 2172 99 2231 et
111 2154 294 2228 Ecclesiae
309 2157 347 2226 in
370 2161 484 2249 patria
499 2164 814 2254 primusrestitnit.
839 2165 1058 2238 Adolescen-
1104 2163 1287 2240 decretum
1310 2173 1379 2247 est,
1410 2176 1453 2234 ut
1474 2185 1563 2254 pura
1581 2159 1768 2254 Evangelii
1789 2162 1970 2235 doctrinae
1990 2162 2088 2232 iuxta

63 2274 116 2328 tes
138 2259 271 2326 fratrea
293 2253 478 2331 Othonem
507 2261 757 2340 etErnestum
779 2264 860 2338 Dux
885 2267 1057 2339 saxoniae
1104 2255 1255 2334 Lutheri
1286 2262 1436 2354 scripta,
1469 2265 1551 2334 siue
1575 2264 1794 2335 dissensione
1817 2277 2086 2356 proponeretur,

61 2357 274 2428 Fridericns
304 2355 468 2447 Elector,
507 2368 725 2450 avunculus,
756 2369 893 2439 erudiri
921 2366 1058 2438 curavit
1105 2375 1141 2433 et
1155 2374 1195 2433 ut
1210 2357 1387 2432 Ecclesiae
1400 2363 1678 2455 inspicerentur,
1702 2379 1955 2460 quaererentur
1966 2363 2088 2435 idonei
2232 2397 2241 2420 ο

63 2461 105 2528 in
119 2455 317 2528 Academia
338 2457 624 2554 Wittebcrgensi
644 2493 664 2538 a
687 2465 844 2560 Georgio
860 2467 1057 2560 Spalatino,
1105 2461 1282 2547 Pastores,
1295 2463 1464 2532 darentur
1477 2465 1665 2554 stipendia,
1687 2465 1903 2538 sarcirentur
1914 2465 2086 2550 aedificia,

61 2557 132 2652 qni
147 2569 185 2626 et
199 2558 308 2628 latine
322 2559 475 2632 disertus
490 2577 585 2646 erat,
611 2582 645 2640 et
661 2591 798 2640 simma
813 2570 882 2639 fide
899 2568 1056 2658 discipu·
1104 2563 1259 2654 populus
1278 2563 1322 2631 ad
1345 2556 1548 2657 κατήχησιν
1574 2578 1609 2636 et
1637 2566 1683 2635 ad
1710 2565 1936 2656 disciplinam
1957 2567 2085 2636 aune

61 2659 119 2728 los
146 2658 293 2730 erudiit.
343 2658 504 2756 Cumque
534 2665 666 2738 valeret
699 2670 845 2759 ingenio
870 2666 1057 2750 Emestns,
1100 2665 1224 2750 ficret,
1249 2677 1285 2733 et
1304 2663 1343 2731 in
1369 2665 1509 2755 oppidis
1530 2664 1647 2736 studia
1661 2665 1843 2736 literarum
1857 2666 2090 2738 institueren-

63 2759 231 2848 linguam
244 2757 410 2830 Intinam
423 2763 471 2833 ita
486 2764 622 2852 didicit,
637 2781 679 2837 ut
693 2770 866 2840 sermonis
877 2767 982 2837 latini
997 2789 1057 2836 co·
1104 2777 1174 2838 tur.
1223 2761 1301 2832 llas
1314 2787 1372 2832 res
1383 2765 1553 2838 salutares
1567 2767 1688 2838 statim
1702 2767 1806 2837 initio
1822 2765 2088 2857 gubernationis

62 2860 122 2951 pia
138 2860 176 2926 ei
192 2882 269 2928 non
286 2862 430 2948 deesset,
445 2886 526 2934 cum
541 2864 580 2934 in
594 2867 794 2961 colloquiis,
820 2882 897 2940 tum
913 2868 952 2936 in
970 2864 1056 2936 scri-
1104 2861 1239 2933 aDnce
1251 2859 1404 2934 Ernesto
1419 2861 1603 2937 inchoatae
1614 2879 1711 2952 snut,
1735 2880 1771 2937 et
1783 2866 1953 2957 inspectis
1963 2862 2092 2938 Eccle-

36 2960 198 3030 bando.
252 2955 408 3030 Auditor
421 2963 527 3034 etiam
543 2964 614 3038 fnit
629 2963 878 3054 Iurisconsulti
892 2965 1056 3038 Doctoris
1105 2964 1168 3034 siis
1179 2962 1261 3054 pins
1275 2985 1468 3035 consensus
1485 2965 1526 3034 in
1540 2966 1703 3038 doctrina
1725 2968 1938 3040 constitutus
1958 2981 2027 3052 est,
2052 2979 2087 3038 et

64 3057 272 3150 Henningi.
331 3057 403 3130 Nec
425 3077 544 3154 postea
566 3065 677 3136 latine
708 3070 854 3162 scriptas
876 3063 1056 3156 historias,
1102 3063 1295 3134 attributus
1309 3064 1423 3136 victus
1436 3067 1658 3138 docentibus.
1708 3063 1870 3161 Cumque
1892 3068 1996 3140 sciret
2010 3091 2087 3137 non

66 3174 100 3231 et
116 3161 235 3230 libros
257 3155 484 3251 propheticos
507 3173 541 3236 et
557 3166 789 3257 apostolicos,
814 3182 849 3240 et
868 3169 938 3239 alia
952 3163 1055 3238 utilia
1105 3163 1190 3234 satis
1209 3185 1283 3233 esse
1304 3158 1368 3233 has
1392 3178 1507 3236 tantas
1528 3188 1585 3237 res
1614 3163 1799 3254 inchoare,
1832 3168 1894 3240 scd
1913 3181 2086 3259 oportere

65 3273 304 3332 monumenta
326 3261 442 3352 legere
464 3263 582 3338 desiit.
635 3267 786 3357 Quoties
807 3270 876 3341 iter
895 3269 1056 3352 faciebat,
1105 3278 1309 3358 perpetuam
1330 3287 1402 3336 esse
1424 3266 1644 3357 diligentiam
1666 3282 1760 3340 recte
1782 3263 1949 3338 inchoata
1962 3269 2087 3339 tuendi

62 3361 242 3432 sarcinam
267 3374 444 3434 certorum
463 3364 640 3436 librorum
669 3391 787 3440 secum
813 3364 983 3452 vehebat,
1015 3379 1056 3437 nt
1105 3369 1144 3436 et'
1162 3364 1356 3454 sarciendi,
1394 3381 1515 3456 postea
1543 3370 1736 3461 quotannis
1763 3367 1892 3461 inspici
1911 3365 2087 3440 Ecclesiae

61 3463 198 3532 multos
232 3461 463 3537 vidisse'scio.
538 3461 711 3556 Egressus
743 3493 786 3540 en
818 3467 1055 3541 adolescentia
1106 3464 1260 3549 curavit,
1286 3478 1321 3535 et
1334 3465 1476 3548 sarciri,
1500 3467 1565 3537 ubi
1579 3469 1714 3560 aliquid
1729 3465 1977 3540 labefactatum
2000 3483 2087 3542 erat.

59 3561 150 3665 visit
178 3559 364 3647 Luteciae,
389 3563 453 3633 nbi
477 3563 585 3637 simul
605 3580 641 3639 et
666 3569 704 3638 in
721 3567 851 3641 Latina
872 3570 995 3660 lingua
1009 3590 1055 3650 ,se
1106 3567 1188 3658 Qua
1211 3564 1251 3634 in
1275 3587 1313 3636 re
1334 3561 1403 3636 hoc
1427 3568 1503 3635 eius
1524 3569 1712 3641 consilium
1734 3569 1912 3658 singulare
1932 3569 2020 3656 fnit,
2051 3584 2086 3639 et

61 3659 241 3745 exercuit,
264 3672 299 3731 et
321 3659 497 3734 Gallicam
518 3667 664 3755 didicit,
686 3681 721 3740 ct
745 3671 909 3740 ordinem
931 3667 1055 3740 indicii
1105 3662 1325 3756 πολίτευμα,
1338 3667 1585 3756 dignissimum
1598 3665 1802 3739 Christiano
1814 3667 1991 3762 Principe,
2005 3694 2085 3742 cum

60 3761 173 3854 regii,
197 3783 271 3854 quo
294 3761 436 3836 nullum
458 3777 510 3836 est
525 3767 653 3838 melius
675 3770 909 3840 constitutum
925 3769 963 3838 in
979 3781 1053 3839 toto
1106 3768 1210 3839 sciret
1230 3765 1392 3839 Pastores
1413 3789 1515 3859 saepe
1539 3769 1670 3859 negligi
1697 3793 1716 3840 a
1744 3769 1992 3863 questoribus,
2016 3769 2085 3854 faut

61 3883 195 3952 genere
224 3855 405 3948 hnmano,
440 3863 631 3955 diligenter
659 3871 908 3946 consideravit.
957 3868 1055 3964 llaec
1106 3869 1213 3941 etiam
1241 3891 1366 3958 parum
1390 3869 1583 3939 clementer
1602 3869 1765 3956 tractari,
1787 3871 1942 3942 edictum
1965 3872 2087 3964 publi·
2150 3951 2157 3962 .

61 3961 242 4056 tyrocinia
255 3985 336 4032 cnm
353 3957 554 4051 habuisset,
579 3967 686 4040 rediit
708 3971 746 4040 in
771 3971 932 4062 petriam,
957 3971 1055 4040 unde
1105 3993 1188 4042 cnm
1201 3970 1332 4062 edidit,
1356 3993 1427 4062 quo
1442 3971 1638 4062 praecepit,
1662 3987 1703 4044 ut
1718 3969 1879 4042 Pastores
1901 3994 1982 4042 suas
1998 3997 2090 4066 que-

63 4085 143 4132 cnm
175 4072 278 4151 pater
307 4063 463 4151 abesset,
496 4089 542 4135 ne
567 4091 660 4139 nova
691 4072 784 4140 bella
816 4083 1054 4155 moverentur,
1104 4072 1195 4159 selas
1210 4071 1403 4156 deferrent,
1427 4092 1502 4140 uon
1517 4073 1560 4142 ad
1577 4070 1808 4158 Quaestores,
1834 4071 1903 4152 ,sed
1928 4087 2020 4143 recta
2040 4075 2087 4142 ad

63 4161 433 4234 suadentibusamicis
448 4177 483 4236 et
499 4166 681 4242 voluntate
694 4173 803 4264 patris
825 4173 1055 4261 gubernatio·
1104 4169 1328 4263 Principem.
1354 4184 1388 4242 et
1409 4172 1563 4241 ostendit
1588 4172 1658 4242 sibi
1679 4195 1783 4242 curae
1806 4173 1903 4252 fore,
1927 4195 1973 4242 ne
1996 4174 2088 4242 iusta

64 4285 147 4334 nem
162 4261 309 4354 accepit,
322 4261 363 4332 in
375 4287 447 4356 qna
461 4266 606 4340 fuerunt
620 4269 722 4344 initia
737 4273 948 4356 difficiliora,
970 4273 1053 4365 quia
1104 4272 1261 4344 defensio
1275 4269 1629 4349 deessetl‘astoribus
1657 4270 1828 4346 Secutum
1841 4288 1892 4348 est
1904 4272 2088 4365 aliquanto
2108 4309 2113 4337 t

63 4377 214 4455 propter
235 4385 360 4434 recens
382 4365 540 4454 bellum,
565 4393 639 4440 non
659 4375 774 4444 solnm
796 4373 934 4444 reditus
954 4385 1054 4443 eram
1104 4385 1184 4466 post
1214 4368 1300 4440 haec
1331 4371 1453 4454 initia,
1494 4385 1636 4463 tempus
1654 4371 1854 4464 Augustani
1877 4370 2083 4458 conventus,

65 4463 300 4554 angustiores,
315 4466 378 4534 sed
394 4467 501 4540 etiam
516 4469 556 4540 in
571 4473 694 4543 multis
708 4476 904 4546 reverentia
919 4476 1052 4564 legum,
1104 4474 1167 4568 qui
1188 4472 1258 4542 fuit
1277 4495 1372 4542 anno
1396 4471 1606 4557 millesimo,
1640 4472 1948 4568 quingentesimo,
1976 4473 2086 4544 trice·
2237 4531 2241 4540 ,

64 4561 302 4650 iudiciorum,
327 4579 364 4636 et
378 4565 590 4661 disciplinae¹
599 4573 803 4648 labefactata
818 4588 906 4646 erat.
957 4573 1052 4662 Quia
1101 4578 1210 4659 simo,
1235 4574 1366 4665 inquo
1391 4595 1471 4643 cum
1486 4571 1636 4644 Carolus
1656 4571 1851 4666 lmperator
1864 4573 1955 4643 scire
1969 4574 2112 4658 vellet,·

64 4687 146 4734 vero
163 4660 248 4734 Dua
266 4661 439 4741 Ernestus
460 4687 566 4744 norat
595 4669 888 4761 hunsordinem,
913 4688 952 4745 ut
966 4675 1050 4746 certi
1090 4679 1282 4769 quodnam
1306 4697 1382 4744 esse
1405 4686 1519 4745 totum
1543 4675 1727 4746 doctrinae
1750 4697 1877 4762 eorpus
1898 4674 1939 4740 in
1959 4669 2088 4745 Eccle-

65 4762 136 4836 sint
158 4765 432 4855 gubernatores,
457 4767 526 4842 Dei
547 4798 636 4867 opus
654 4797 748 4857 esse,
772 4789 806 4846 et
822 4799 858 4847 se
873 4777 972 4846 nulla
988 4798 1051 4846 cn·
1100 4779 1163 4846 siis
1185 4773 1335 4860 nostris,
1367 4789 1409 4846 ut
1429 4775 1560 4868 quibus
1575 4775 1624 4859 ‚ate
1650 4776 1755 4846 rebus
1785 4773 1958 4844 dissensio
1982 4789 2088 4860 esset,
2175 4837 2177 4842 .

64 4864 212 4952 piditste
234 4865 433 4940 difficilimo
450 4884 607 4965 tempore
633 4878 678 4946 ad
690 4879 879 4966 regendam
899 4878 1050 4970 patriam
1096 4877 1352 4961 consideraret,
1366 4875 1537 4946 confessio
1554 4875 1736 4948 doctrinae
1753 4869 1911 4944 exhibita
1927 4888 1980 4945 est
1994 4900 2087 4970 quae

64 4965 267 5051 assuisse,
288 4963 405 5039 Deum
420 4971 628 5062 invocabat,
652 4999 692 5048 ac
705 4979 846 5070 petebat
861 4979 1049 5068 abeoregi
1098 4989 1203 5056 extas.
1253 4974 1296 5046 ln
1311 4973 1379 5048 hac
1401 4977 1620 5048 confessione
1644 4999 1708 5046 nec
1727 4973 1823 5060 odia,
1847 4978 2086 5070 uespericuls

65 5076 99 5133 et
120 5065 239 5136 iuvari
261 5089 385 5140 omnes
406 5072 690 5151 deliberationes·¹
739 5073 794 5150 Ac
818 5099 875 5168 res
894 5079 1049 5150 ostendit
1097 5078 1243 5169 defugit,
1268 5079 1329 5147 scd
1345 5081 1548 5150 constanter
1563 5089 1598 5146 et
1612 5075 1771 5146 nominis
1785 5076 2086 5168 suisubscriptio-

66 5163 96 5231 ci
112 5161 406 5267 Deumsdfnisses
455 5171 566 5248 luitio
580 5180 674 5248 enim
690 5179 920 5250 consiliorum
935 5179 1049 5250 socios
1096 5203 1142 5249 se
1164 5179 1319 5249 oensis
1349 5201 1386 5249 se
1414 5180 1453 5248 id
1482 5175 1667 5249 doctrinae
1693 5199 1803 5267 genus
1831 5178 2013 5267 amplecti,
2048 5192 2083 5247 et

65 5264 152 5336 tales
166 5266 264 5336 viros
277 5269 508 5357 eisdiunrit,
530 5278 640 5370 quiet
660 5277 832 5371 sapientia
855 5291 889 5349 et
909 5280 1046 5350 autori·
1094 5301 1271 5372 nusquam
1298 5280 1435 5372 optime
1457 5277 1618 5369 Principi
1639 5275 1734 5350 Duri
1755 5273 1907 5349 lohanni
1925 5273 2085 5346 Electori
2109 5365 2111 5368 Ι

65 5375 135 5438 tate
158 5369 421 5446 antesettsbest
439 5372 842 5454 bremium’ersmtnm
874 5380 1047 5473 peritissi-
1093 5375 1231 5468 defun,
1252 5403 1327 5475 qun
1347 5393 1509 5472 tempere,
1527 5377 1657 5478 scimus
1676 5393 1712 5452 et
1724 5377 1907 5470 Principes
1923 5377 2021 5470 itm
2040 5375 2084 5445 ἢ
