4696 5820
244 399 344 472 nefas
364 397 429 480 sit,
451 403 545 466 reete
559 388 661 462 Plato
676 387 817 464 censuit
837 382 1061 486 σοφώτατον
1083 382 1231 489 ἀνάγκη
1281 411 1389 480 rapax
1400 389 1621 474 earundem,
1636 412 1729 482 quae
1741 388 1773 458 si
1788 386 1898 473 desit,
1923 399 1964 458 at
1977 387 2077 459 deest
2091 384 2270 478 plmimb,

232 229 309 307 stt
707 214 872 291 DECL.
905 215 979 292 ut:
1011 213 1245 292 s'runlts
1276 209 1406 288 VET.
1439 213 1789 329 PHILOSOPH.
2192 211 2270 290 248

240 497 310 574 τὸν
331 495 483 592 ἀληθῶς
505 482 745 588 ἀστρονόμον
766 485 896 563 εἶναι’
929 489 1111 585 Quicquid
1133 492 1229 562 enirn
1281 489 1599 582 qnorsnm'attinet
1620 489 1806 562 intendere
1828 511 1958 560 nervos
1986 500 2022 558 et
2047 487 2142 560 vires
2171 481 2270 558 nihil
2345 509 2346 578 ι

228 617 295 674 -est
316 601 356 672 in
380 594 536 668 humana
557 593 731 686 sapientia
757 593 947 684 explicatae
972 593 1170 664 evidentiae
1197 606 1231 663 ct
1280 591 1468 662 effecturos
1482 602 1518 661 et
1538 591 1734 662 anniruros
1756 593 1905 662 frustra:
1937 613 2054 682 aeque
2073 590 2168 660 iuret
2186 612 2210 658 e
2232 612 2270 660 re
2345 613 2346 646 2

244 705 332 774 citra
360 697 628 788 'ambiguitatem
650 707 765 765 certae
787 717 827 764 ac
850 689 989 776 firmae,
1029 689 1098 764 hoc
1123 718 1231 764 omne
1280 705 1385 787 atque
1403 715 1471 763 usu
1493 692 1551 761 vel
1571 707 1693 763 nostro
1714 693 1901 785 privatim,
1941 691 1998 760 vel
2018 686 2201 764 Ecclesiae
2231 713 2271 760 ac

242 799 471 877 Astronomia
489 791 737 868 arithmeticos
752 807 786 864 et
808 795 1035 884 geometricos
1050 797 1230 888 complexa
1279 791 1530 885 Reipublicae,
1570 793 1609 862 in
1633 818 1708 865 uno
1736 788 1806 864 huc
1832 791 2104 883 disciplinarum
2130 813 2273 882 genere,

241 907 359 976 fontes
383 897 585 989 coniungit,
609 909 646 967 et
666 898 712 966 ad
725 892 794 966 Dei
815 892 997 967 architecti
1023 898 1229 989 sapientiam
1279 897 1377 989 quod
1398 905 1513 966 totum
1538 893 1608 964 sibi
1630 891 1814 966 hominem
1838 896 1884 965 ab
1903 892 2074 966 omnibus
2099 894 2181 964 aliis
2205 895 2272 964 ab·
2345 891 2346 950 ι

233 1004 493 1100 proferendam
510 1015 616 1093 atque
629 997 876 1067 illustrandam
893 999 1019 1083 refert,
1044 1011 1080 1068 ct
1094 1022 1177 1068 vere
1192 997 1230 1067 in
1279 999 1426 1067 ductum
1441 994 1548 1066 rebus
1561 997 1720 1088 depuerit
1742 1021 1783 1068 ac
1811 995 1996 1081 vendicat,
2026 994 2167 1066 omissis
2187 993 2273 1066 aliis

209 1189 210 1193 ρ
245 1105 308 1178 has
323 1117 414 1176 artes
429 1116 526 1192 grata
542 1096 671 1170 deDeo
686 1099 779 1166 lama
796 1121 914 1189 sparsa
931 1113 993 1169 est.
1043 1095 1121 1168 Hae
1135 1101 1231 1192 iprae
1279 1118 1537 1168 consenescere.

246 1229 389 1304 quoque
408 1199 792 1275 terrenumartibciosa
808 1200 1033 1270 dimensione
1054 1224 1095 1271 ac
1109 1201 1231 1272 distri·
1383 1195 1566 1269 Praestare
1580 1197 1701 1291 itaque
1715 1211 1766 1270 ut·
1776 1197 1807 1268 si
1828 1221 1910 1270 cum
1929 1199 2064 1271 iactura
2079 1195 2274 1269 defluentis

245 1308 394 1381 batione
414 1302 675 1394 descripserunt
695 1302 838 1386 orbem,
866 1314 904 1372 et
926 1303 1168 1391 perfecerunt,
1191 1315 1232 1374 ut
1282 1300 1472 1390 temporis,
1492 1299 1673 1390 pereuntia
1686 1323 1825 1390 operae,
1850 1314 1885 1370 et
1899 1301 2138 1392 neglectarum
2156 1297 2272 1369 inter·
2345 1317 2346 1388 j

247 1406 391 1502 depingi
405 1405 491 1476 scita
504 1403 703 1473 imitatione
716 1416 822 1494 atque
836 1403 985 1494 exprimi
1001 1404 1150 1491 tabulis,
1173 1417 1233 1475 nt-
1282 1425 1321 1470 ea
1345 1413 1561 1471 caeterarum
1583 1401 1713 1471 artium
1732 1403 1862 1473 frustra
1878 1403 1923 1474 sit
1939 1403 1978 1472 in
1994 1425 2068 1474 uno
2090 1401 2273 1472 desudan-
2345 1487 2346 1492 ρ

247 1534 318 1606 qne
343 1533 417 1579 uno
439 1506 602 1577 contuitu
616 1525 713 1596 ‚pene
734 1503 906 1573 momenti
933 1503 1051 1596 spacio
1074 1505 1233 1596 percurri
1283 1501 1370 1571 duris
1390 1517 1496 1596 atque
1520 1501 1797 1589 elaborandum,
1829 1516 1891 1573 aut
1917 1527 1994 1575 non
2022 1503 2195 1593 attingere
2225 1501 2275 1586 id,
2345 1545 2346 1558 ι

247 1625 323 1688 tota
345 1610 403 1680 vel
418 1605 739 1680 minutissimorum
760 1604 921 1674 locurum
943 1605 1093 1675 varietas
1118 1630 1160 1676 ae
1177 1607 1234 1676 di·
1283 1615 1344 1674 aut
1370 1603 1531 1674 velutin
1556 1616 1759 1674 transcursu
1785 1604 1902 1676 obiter
1933 1606 2123 1676 salutatum
2158 1601 2273 1672 celin·
2345 1641 2346 1660 ι

247 1709 411 1794 versitas,
436 1709 510 1778 imo
530 1718 572 1777 ut
593 1717 667 1777 tots
682 1705 930 1777 immensitatis
942 1706 1069 1776 mundi
1085 1708 1165 1778 idea
1183 1708 1235 1776 el-
1282 1726 1410 1797 quere,
1436 1717 1471 1774 et
1491 1706 1536 1774 ad
1559 1705 1630 1774 alia
1652 1706 1866 1775 contendere
1885 1705 2050 1791 utiliora,
2082 1704 2274 1798 raptuique
2345 1695 2346 1784 i

124 1847 131 1861 ·
240 1811 334 1904 angi
349 1812 488 1892 animo,
512 1819 548 1880 et
563 1801 738 1877 machinis
753 1799 978 1899 αὐτομάτως
992 1809 1084 1879 miro
1099 1809 1233 1879 rotula·
1283 1805 1601 1876 accommodatiora
1621 1819 1755 1878 nostro.
1805 1805 1875 1877 His
1894 1806 1959 1900 qui
1979 1805 2064 1878 talia
2083 1804 2274 1888 obiiciunt,

246 1939 326 1986 rum
341 1935 435 1982 nexu
451 1906 622 2001 coaptatis
632 1908 886 1997 repraesentari
901 1920 1017 1978 motus
1031 1910 1233 1980 coelestium
1283 1904 1506 1978 Platonicum
1524 1907 1615 1977 illud
1629 1929 1790 1998 oppono:
1821 1911 1945 1978 ταῦτα
1967 1900 2166 1998 ξύμπαντα
2189 1901 2269 1996 οὐχ’

247 2037 438 2108 corporum
458 2009 608 2103 possint.
653 2005 727 2077 Has
749 2009 777 2077 si
803 2009 877 2078 alas
891 2009 1020 2080 animis
1036 2033 1234 2081 accommo-
1283 2004 1334 2089 ὥς
1358 2003 1548 2104 ἀκριβείας
1571 2000 1750 2100 ἐχόμενα,
1776 2003 1837 2079 δεῖ
1855 2003 2051 2080 διαπονεῖν
2072 2002 2160 2087 τούς
2181 1999 2272 2078 nil-⁸

247 2114 415 2188 daveritis
437 2108 565 2182 vestris
585 2132 660 2179 non
681 2106 855 2180 Dedalaea
879 2133 956 2180 cera
988 2123 1141 2196 mantas,
1172 2113 1232 2193 sed
1283 2112 1391 2199 love,
1417 2105 1510 2181 uilici
1530 2103 1637 2189 τίνας
1658 2103 1816 2207 ὀλίγους.
1873 2111 1937 2203 Tqi
1956 2102 2091 2202 πλήθει
2108 2101 2170 2194 δὲ,
2198 2103 2273 2178 ὅσα

248 2217 364 2289 εοΙὶδε
378 2211 580 2302 cognitione
595 2211 830 2300 agglutinatae
851 2224 885 2281 et
903 2212 1078 2298 firmatas,
1103 2236 1178 2282 non
1193 2227 1234 2284 ut
1283 2208 1413 2284 αὐτῶν
1437 2208 1646 2308 ἀναγκαῖα,
1678 2207 1743 2282 καὶ
1763 2213 1843 2291 πῶς
1861 2203 2055 2306 ὀρθότατα
2073 2206 2196 2308 λέγετε
2215 2204 2271 2302 μὴ

248 2310 506 2408 Aristophanae
522 2311 615 2383 ludit
629 2309 738 2382 saltus
752 2311 949 2384 metiemini
967 2313 1146 2405 pulicum,
1171 2315 1231 2384 sed
1283 2307 1508 2384 ἐπίστασθαι
1537 2305 1608 2404 μὲν
1638 2313 1716 2391 τοῖς
1748 2313 1896 2393 πολλοῖς
1928 2312 2097 2406 αἴσχρον.
2169 2307 2272 2379 Haec

247 2543 389 2614 cunque
402 2515 631 2605 lueritopus,
656 2527 732 2586 tum
752 2513 790 2584 in
807 2515 946 2585 coelum
967 2515 1164 2586 efferamini
1187 2518 1231 2587 ad
1281 2512 1511 2586 Astronomia
1544 2515 1739 2599 disserens,
1773 2537 1849 2584 non
1879 2527 1997 2585 exacte
2021 2512 2126 2584 multi
2147 2511 2271 2605 perdi-

232 2613 438 2717 comptae
459 2609 781 2709 pulcherrimorum
801 2639 1010 2707 corporum,
1043 2639 1133 2710 quae
1155 2617 1233 2688 sine
1282 2629 1396 2701 stent,
1420 2617 1481 2686 sed
1501 2615 1618 2709 pauci.
2168 2659 2173 2664 -

234 2821 422 2917 aspicitis,
441 2841 548 2914 quam
564 2816 771 2888 intuebatur
782 2818 881 2888 canis
894 2815 1090 2910 Aesopirus
1109 2821 1233 2914 exqui-
1282 2817 1546 2912 rectissimeque
1567 2818 1738 2889 dicuntur
1760 2831 1864 2909 turpe
1886 2832 1941 2889 est
1962 2817 2109 2888 nescire.
2161 2812 2271 2888 luitia

247 2925 312 2997 site
325 2922 457 3016 pictam
472 2918 661 3004 tabellam,
686 2932 761 2990 tum
779 2917 818 2988 iu
833 2913 1066 3002 historiarum
1082 2921 1234 2992 lectione
1282 2913 1410 2990 harum
1431 2920 1562 2992 artium
1586 2941 1687 3004 vera,
1711 2931 1807 2990 recte
1828 2919 2018 3013 explicata,
2033 2915 2273 3010 respicientia

246 3037 309 3096 aut
327 3020 680 3106 comme-oratione,
704 3043 785 3090 cum
799 3021 898 3090 sedes
913 3021 1117 3092 indicantur
1131 3045 1234 3092 verae
1283 3020 1620 3104 demonstrationes,
1645 3033 1705 3091 aut
1730 3044 1771 3090 ex
1795 3020 2139 3093 demonstrationum
2155 3017 2271 3089 fonti·

245 3121 424 3198 Ecclesiae
435 3135 470 3194 et
484 3121 561 3192 loca
574 3131 896 3208 rerumgestarum,
921 3120 1156 3211 rapidissimis
1173 3147 1233 3192 co-
1282 3122 1350 3192 bus
1367 3117 1566 3192 methodica
1582 3119 1673 3190 serie
1687 3121 1856 3208 deducta,
1881 3122 2001 3216 qualia
2016 3120 2056 3190 in
2070 3121 2175 3190 libris
2184 3114 2271 3190 Ele·

233 3225 461 3317 ‚gitationum
477 3221 650 3305 motibus,
675 3234 711 3292 et
732 3221 843 3290 maria
863 3222 1052 3293 tranabitis
1076 3236 1112 3295 et
1135 3224 1233 3294 orbis
1282 3235 1482 3294 mentorum
1494 3218 1657 3318 Euclidis
1671 3224 1881 3310 traduntur,
1907 3236 1940 3295 ct
1959 3220 2272 3316 praeceptionibus

246 3324 379 3399 terreni
392 3321 673 3416 pervagabimini
688 3321 973 3412 amplitudinem.
1280 3319 1514 3396 arithmeticis
1542 3325 1588 3394 de
1616 3326 1803 3415 praecipua
1832 3347 2064 3394 numerorum
2095 3321 2273 3408 doctrina,

350 3420 490 3496 Omitto
506 3421 757 3494 Astronomiae
773 3425 952 3511 encomia,
978 3437 1013 3498 et
1028 3449 1232 3519 percensere
1280 3441 1316 3499 et
1331 3427 1449 3519 qualia
1465 3426 1505 3497 in
1521 3424 1748 3496 Ptolemaicis
1768 3425 1908 3515 scriptia
1923 3425 1980 3497 vel
2000 3424 2139 3496 usitatis
2160 3422 2272 3494 libel·

236 3527 370 3600 'desino
384 3525 539 3620 reliquas
551 3538 662 3611 artes,
686 3547 839 3618 quarum
861 3526 1001 3618 aliquae
1022 3551 1064 3597 ex
1088 3523 1231 3598 hiscen
1280 3528 1325 3598 lis
1340 3523 1585 3622 hypotheseon
1598 3524 1715 3596 Procli
1732 3522 2052 3610 auttheoriarum,
2078 3525 2270 3596 acdoctri·

232 3654 288 3701 -ex
299 3627 461 3700 fontibus
475 3625 583 3698 rivuli
599 3625 795 3712 derivatae,
819 3621 877 3696 bis
891 3628 1039 3698 sublatis
1055 3651 1231 3699 exaresce-
1281 3653 1348 3702 nae
1369 3624 1552 3721 sphericae
1571 3630 1616 3698 de
1632 3630 1748 3719 primo
1760 3641 1862 3699 motu
1883 3653 1925 3698 ex
1939 3624 2167 3699 Ptolemaicis
2184 3627 2270 3698 fon-

243 3744 325 3802 rent
341 3729 505 3822 protinus
527 3751 568 3798 ac
584 3727 794 3809 delicerent,
824 3725 863 3799 ut
884 3725 1108 3800 mechanicae
1129 3744 1231 3815 artes,
1280 3731 1376 3803 tibus
1390 3732 1436 3802 ad
1453 3755 1533 3803 eum
1548 3742 1632 3801 sunt
1646 3728 1803 3822 exposita
1821 3731 1980 3814 modurn,
2003 3743 2044 3800 ut
2057 3729 2101 3800 ad
2116 3729 2270 3798 demon·

245 3823 412 3914 δπτικαὶ,
444 3823 706 3921 ammonet,
746 3823 983 3926 yemdcrsxci,
1020 3827 1229 3918 κανονικοὶ,
1279 3831 1469 3905 strationes
1483 3833 1666 3916 alludant,
1693 3829 1827 3922 percipi
1852 3832 1928 3901 sine
1951 3830 2027 3902 ullo
2050 3851 2179 3919 magno
2203 3852 2270 3899 ne-

246 3923 451 4029 λογιστικοὶ
470 3941 506 3999 et
526 3928 632 3997 aliae:
665 3925 820 4021 Aliquae
839 3930 911 4000 alio
931 3925 987 4002 his
1009 3933 1230 4023 cognationis
1278 3933 1379 4025 gorio
1393 3925 1559 4024 possum,
1584 3944 1619 4003 ct
1639 3933 1680 4001 in
1702 3932 1885 4002 communi
1898 3933 1972 4003 vita
1986 3956 2028 4003 ae
2048 3929 2195 4002 caeteris
2211 3953 2271 4000 ar-

245 4031 392 4104 viuculo
409 4028 611 4114 devinctae,
634 4028 665 4098 si
686 4029 902 4101 adiumentis
916 4057 1007 4125 quae
1027 4035 1111 4105 inde
1131 4057 1230 4106 assu·
1279 4035 1376 4110 tibus
1390 4057 1495 4130 usum
1512 4029 1665 4117 habent,
1689 4047 1724 4105 et
1737 4035 1900 4123 cognosci
1916 4036 1962 4105 ab
1977 4031 2145 4104 omnibns
2159 4043 2268 4113 recte,

243 4146 347 4206 munt
360 4130 616 4224 spoliarentur,
640 4129 841 4204 amitterent
856 4146 892 4204 et
903 4135 1163 4224 perspicuitatis
1175 4150 1230 4208 at·
1279 4138 1415 4228 integre
1437 4159 1477 4207 ac
1499 4136 1613 4207 solide
1634 4135 1764 4205 debent
1794 4159 1836 4204 ex
1861 4135 1935 4206 illis
1961 4134 2083 4223 libris,
2119 4157 2195 4203 uon
2225 4157 2269 4202 ex

245 4258 315 4338 que
338 4230 539 4304 evidentiae
556 4254 640 4302 suae
660 4232 802 4319 lumen,
825 4247 860 4306 et
878 4235 1080 4308 stabilitatis
1096 4237 1230 4330 praesi-
1278 4241 1417 4333 inepta,
1439 4261 1529 4332 quae
1544 4237 1652 4327 vulgo
1669 4230 1971 4308 Scholasticornm
1991 4235 2159 4308 manibus
2179 4233 2269 4305 teri-

244 4338 358 4420 dium,
382 4348 418 4406 et
430 4355 592 4404 normam
607 4331 842 4408 certitudinis.
875 4331 1042 4432 Denique
1054 4334 1225 4435 npdsnoi·
1277 4356 1337 4415 tur
1351 4339 1600 4436 quaestionum
1614 4336 1805 4429 lanugine,
1818 4337 1949 4432 quibus
1962 4339 2139 4410 evacuatis
2151 4334 2270 4406 scien-

244 4457 313 4519 σας
339 4427 525 4527 μαθήσεις
549 4428 645 4506 ὥστε
666 4426 819 4509 κάλλιον
841 4431 1093 4532 ἀποδέχεσθαι
1121 4441 1230 4534 ἴσμεν
1277 4444 1326 4516 tia
1348 4441 1480 4514 desinit
1502 4441 1620 4514 omnis
1635 4461 1675 4511 sc
1691 4437 1820 4514 delicit.
1872 4437 1997 4531 Turpe
2013 4453 2066 4513 est
2081 4435 2269 4510 bominem

244 4543 319 4612 ποῦ
331 4532 392 4611 'h'rs
405 4539 462 4631 τῷ
483 4531 559 4631 ὅλῳ
580 4529 646 4607 καὶ
666 4528 780 4610 noim
799 4531 930 4612 διοίσει
950 4537 1114 4634 ἡμμένος
1135 4567 1229 4642 yem-
1278 4540 1525 4617 scholasticum
1558 4555 1620 4615 aut
1644 4563 1830 4634 nunquam
1860 4541 2020 4612 attollere
2052 4541 2092 4612 in
2124 4539 2268 4614 coelem

244 4636 396 4734 pupius
428 4631 493 4710 set
522 4630 602 4730 μὴ,
653 4649 693 4707 ut
710 4639 930 4727 ¹gravissime
962 4639 1065 4715 Plato
1100 4643 1229 4739 inquit.
1278 4646 1418 4730 oculos,
1439 4645 1571 4716 sutvel
1593 4642 1779 4715 oscitantia
1799 4643 1863 4714 tali
1882 4665 1923 4712 sc
1948 4641 2183 4734 negligentia,
2207 4641 2269 4711 vel

245 4738 354 4828 Quod
369 4738 433 4810 etsi
446 4728 748 4836 παραδοξότερον
762 4738 959 4831 videbitur,
984 4757 1101 4816 tamen
1118 4747 1230 4818 veris·
1278 4739 1509 4842 ἀναισθησίᾳ
1522 4759 1641 4831 tanta,
1661 4743 1894 4815 circumvecta
1908 4743 2090 4837 perpetuu
2106 4742 2268 4817 motibus

244 4841 373 4911 simum
386 4853 449 4912 est.
1278 4850 1369 4922 coeli
1398 4871 1547 4939 corpora
1577 4859 1613 4918 et
1640 4843 1880 4920 illucescentia
1907 4845 2117 4939 quotidiano
2139 4857 2268 4918 exortu

345 4938 418 5013 Sed
432 4963 547 5033 neque
560 4939 702 5034 inquies
716 4963 824 5034 opera
839 4945 963 5016 adem
979 4970 1020 5018 ae
1036 4947 1229 5022 faelicitate
1277 4943 1399 5032 terris,
1431 4947 1655 5044 extinctaque
1677 4967 1801 5017 rursus
1819 4945 1990 5020 decubitu
2008 4947 2193 5034 contueri,
2223 4961 2267 5020 ut

243 5041 598 5135 perdiacuatnrartes
609 5037 879 5117 mathematicae
892 5069 962 5140 que
977 5062 1144 5146 caeterae,
1167 5050 1229 5122 sed
1278 5073 1324 5124 ne
1339 5052 1449 5126 semel
1463 5051 1608 5145 quidem
1623 5050 1668 5120 dc
1689 5047 1840 5121 eruditis
1863 5072 1905 5119 sc
1926 5047 2021 5119 veris
2041 5051 2157 5122 censis
2179 5073 2266 5142 per·

209 5198 216 5202 -
241 5156 280 5214 et
292 5140 451 5214 studium
467 5141 654 5235 requirunt
668 5143 833 5236 longum,
856 5148 1037 5221 assiduum
1052 5164 1157 5246 atque
1173 5151 1230 5223 in-
1277 5169 1405 5248 petuae
1422 5151 1677 5224 vicissitudinis
1690 5149 1830 5222 dicrum
1846 5163 1881 5226 et
1895 5150 2054 5222 nonium
2072 5173 2267 5243 augescm-

242 5255 403 5328 meon,
428 5255 464 5314 et
478 5241 583 5314 multi
599 5249 768 5338 temporis
789 5265 988 5324 mercatam
1009 5252 1230 5326 exercitatio-
1277 5258 1366 5331 tiurn
1380 5281 1421 5329 ac
1435 5251 1675 5326 deficientium
1689 5264 1777 5324 stata
1793 5253 1887 5344 lege,
1920 5252 2130 5346 permutetis
2153 5253 2267 5325 alter-

186 5437 189 5444 ,
227 5367 341 5418 ¹neem
382 5367 499 5442 neque
528 5343 705 5436 contingit
727 5348 896 5422 omnibus
915 5351 1064 5430 incultis
1094 5355 1228 5448 ingenii
1276 5361 1390 5433 natim
1411 5355 1569 5444 vicibus,
1594 5357 1721 5451 'deque
1740 5355 1828 5427 auui
1848 5353 1989 5428 ratione
2007 5353 2266 5450 quadrifariam

98 2423 100 2428 ’
248 2417 397 2509 remigio
412 2437 534 2486 earum
548 2412 828 2508 quotiescunque
850 2413 997 2484 libuerit
1018 2429 1054 2487 et
1070 2417 1249 2508 quando-'
1282 2413 1415 2499 omnia,
1461 2413 1585 2506 iuquit·
1615 2413 1661 2482 dc
1677 2395 1948 2498 'Arithmeticm
1986 2410 2193 2483 Geometria
2236 2423 2272 2480 et
2345 2497 2346 2504 ρ

90 2738 94 2744 ’
245 2721 318 2793 illis
338 2743 414 2792 non
433 2716 568 2788 maiore
583 2739 664 2786 cnm
685 2715 921 2788 admiratione
941 2730 977 2787 ct
999 2717 1232 2809 intelligentia
1383 2715 1574 2812 Reliquam
1589 2716 1853 2788 multitudinem
1861 2739 1953 2811 quae
1966 2713 2161 2788 neccssaria
2177 2727 2272 2798 sunt,
2345 2741 2346 2748 ¹
