4714 5832
92 333 167 408 10⁹
731 326 890 406 unct..
934 327 1006 403 DE
1040 325 1369 403 FERMENTO
1401 349 1484 406 erc.

91 508 185 578 cium
208 502 384 574 medimni
402 501 514 579 tritici
536 501 706 572 usitatum
721 496 875 574 Athenis
899 496 1087 577 drachmae
1239 499 1309 572 Hic
1338 515 1372 573 et
1399 499 1562 570 fermenti
1585 514 1712 574 natura
1733 501 1772 570 in
1795 499 1947 591 panibus
1968 498 2131 572 conside-

91 607 271 702 quinque,
305 603 489 696 videlicet,
522 603 712 674 dimidium
734 600 923 688 Coronati,
956 617 995 673 ut
1016 601 1088 674 Dc·
1138 605 1249 674 rande
1272 617 1339 688 est,
1372 627 1462 694 quae
1487 616 1634 673 nonest
1658 602 1794 686 ociosa,
1818 603 1879 675 sed
1903 613 2014 672 totam
2035 623 2130 672 mas-

90 703 293 781 mostbenes
316 703 498 785 narratio
516 705 677 774 oratione
692 718 815 776 contra
834 700 1087 775 Phormionem
1139 728 1212 774 sam
1235 705 1320 774 facit
1340 704 1533 790 rariorem,
1566 718 1601 774 et
1624 704 1768 773 adiuvat
1789 703 2070 793 penetrationem
2093 717 2131 776 et

90 812 135 881 de
151 822 290 882 mutuo.
351 805 453 881 Hanc
470 805 691 896 diligentiam
706 807 956 876 considerandi
971 820 1088 875 vetera
1139 807 1345 877 coctionem.
1398 804 1479 874 Non
1502 806 1680 897 accipiunt
1702 801 1937 896 Evangelinm
1960 803 2038 888 isti,
2066 805 2130 898 qui

91 913 210 1006 precia
234 935 310 986 non
331 909 526 981 existimate
547 907 710 978 inutilem
735 930 819 981 esse.
868 905 960 977 Nam
981 921 1015 978 et
1030 901 1088 974 hi·
1138 921 1275 976 tantum
1291 922 1407 996 gestus
1423 906 1609 977 imitantur
1626 906 1863 1000 qualicunque
1878 901 2070 998 hypocrisi,
2095 920 2130 978 et

91 1015 223 1087 storias
245 1013 339 1083 liunt
363 1011 473 1102 magis
495 1010 717 1102 perspicuae,
744 1023 778 1079 et
800 1032 866 1079 nos
889 1010 1032 1102 quidem
1049 1007 1088 1076 in
1137 1009 1289 1079 retinent
1315 1009 1354 1076 in
1377 1021 1495 1076 mente
1517 1009 1756 1079 dubitationes
1780 1010 1824 1079 de
1848 1007 2029 1078 voluntate
2050 1004 2132 1092 Dei,

91 1113 259 1186 remediis
276 1113 364 1184 scire
378 1136 562 1187 mensuras
576 1125 710 1184 veteres
725 1125 758 1182 et
774 1111 932 1204 pondera
948 1133 1087 1182 necesse
1139 1125 1177 1180 ει
1196 1111 1234 1179 in
1257 1112 1362 1178 corde
1379 1109 1540 1178 fremitus
1555 1111 1724 1180 adversus
1738 1109 1871 1194 Deum,
1897 1121 1931 1184 ει
1945 1131 2046 1178 verae
2063 1111 2129 1179 do·-

92 1232 155 1291 est.
208 1214 279 1286 sed
297 1239 393 1284 nnnc
409 1208 575 1282 historica
593 1227 794 1290 tractamus.
1138 1214 1271 1282 ctrinae
1289 1212 1371 1283 odia
1390 1229 1423 1280 et
1436 1210 1577 1300 piorum
1594 1211 1794 1302 parricidis.

195 1315 301 1386 lubet
318 1313 416 1389 Deus
441 1313 607 1384 collocari
634 1314 821 1385 duodecim
846 1338 953 1407 panes
976 1337 1088 1383 novos
1240 1313 1308 1384 Sed
1335 1336 1399 1382 cur
1420 1327 1490 1382 tres
1512 1336 1714 1404 mensuras,
1740 1337 1801 1382 seu
1823 1313 1890 1385 tria
1917 1326 1988 1386 sata
2010 1311 2130 1382 norni-

90 1421 125 1487 in
145 1418 252 1487 altari
276 1417 425 1505 singulis
449 1413 624 1486 Sabbatis.
684 1413 758 1486 Nec
779 1441 936 1510 unquam
960 1416 1089 1485 licebat
1139 1416 1223 1484 nat?
1273 1412 1407 1485 Audivi
1436 1413 1552 1482 virum
1575 1414 1673 1506 pium
1697 1431 1731 1486 et
1752 1414 1951 1494 eruditum,
1986 1413 2130 1505 quiar-

1981 409 1983 414 ,
2052 329 2126 412 110

89 1518 249 1611 relinqui
273 1543 424 1590 vacuum
441 1519 568 1600 altare,
593 1516 708 1586 voluit
729 1519 824 1586 enim
848 1517 945 1588 Deus
968 1531 1087 1586 osten-

89 1625 175 1690 dere
199 1619 269 1688 sibi
291 1644 395 1688 curae
420 1642 513 1702 esse,
539 1632 580 1689 ut
602 1617 832 1689 sacerdotum
857 1619 1010 1688 familiae
1034 1619 1088 1686 vi-

89 1739 186 1793 ctum
213 1720 448 1791 necessarium
474 1715 660 1790 haberent.
712 1715 797 1790 ldeo
816 1722 930 1790 voluit
946 1721 984 1788 in
1001 1745 1086 1788 con-

89 1835 214 1914 spectu
230 1845 304 1896 esse
320 1845 427 1914 panes
443 1835 524 1892 ante
539 1836 724 1894 venturam
740 1823 983 1914 septimanam.
1011 1820 1088 1890 lus-

89 1926 135 1994 sit
152 1937 271 1992 autem
287 1923 445 2010 singulos
460 1944 568 2014 panes
582 1922 659 1991 lieri
673 1946 714 1991 ex
728 1925 851 2015 quinta
868 1936 967 2014 parte
981 1916 1088 2014 Ephi,

90 2028 125 2094 id
145 2039 218 2108 est,
245 2022 429 2098 medimni.
483 2021 556 2092 lam
579 2048 658 2092 cum
677 2025 850 2093 medimni
869 2025 1025 2119 precium
1043 2024 1088 2091 sit

88 2119 284 2195 drachmae
305 2124 483 2217 quinque,
509 2124 640 2214 singuli
658 2148 766 2216 panes
782 2126 951 2196 valebunt
965 2125 1087 2213 singu·

89 2229 132 2296 lis
157 2219 350 2296 drachmis.
402 2219 551 2294 Etcum
575 2227 617 2294 ad
641 2248 744 2295 usum
769 2227 999 2296 domesticum
1023 2224 1088 2296 Sa-

90 2331 217 2398 cerdos
237 2320 404 2398 habuerit
421 2327 506 2394 tales
522 2349 630 2416 panes
645 2329 851 2413 duodecim,
877 2329 998 2413 idest,
1026 2352 1087 2418 pa-

89 2454 154 2498 nes
184 2452 252 2518 pro
282 2427 472 2498 duodecim
501 2422 701 2512 drachmis,
734 2429 923 2501 mediocris
951 2427 1088 2498 familia

89 2531 221 2598 diebus
234 2541 367 2619 septem
387 2529 471 2596 inde
488 2528 535 2596 ali
550 2543 698 2619 poterat,
723 2555 801 2600 cum
819 2554 928 2624 panes
941 2525 1089 2600 haberet

90 2657 157 2725 pro
175 2632 315 2718 integro
335 2624 547 2700 loachimico
563 2645 598 2700 et
612 2630 773 2704 dimidio.

198 2729 307 2820 Quod
338 2745 455 2800 autem
478 2730 658 2800 Dominus
686 2734 898 2802 nominatim
930 2723 1016 2802 dicit
1044 2734 1087 2801 de

89 2835 209 2906 tribus
232 2831 316 2900 satis
343 2845 375 2898 et
399 2833 442 2898 de
466 2831 633 2914 muliere,
660 2833 819 2904 existimo
847 2858 927 2902 enm
956 2833 1087 2902 intueri

91 2933 303 3004 convivium
326 2925 512 3016 Abrahae,
545 2931 601 3000 cui
633 2933 706 3022 ipse
736 2934 916 3021 interluit,
949 2932 986 3006 in
1017 2958 1087 3026 qno

90 3034 244 3104 illustris
257 3033 393 3126 pictura
409 3032 638 3125 proponitur,
665 3033 797 3104 vitulus
811 3047 1000 3120 mactatur,
1027 3034 1088 3126 qui

90 3134 270 3226 significat
285 3135 464 3206 victimam
481 3129 669 3218 Messinm,
696 3149 729 3204 et
743 3136 849 3219 Sara,
875 3136 911 3207 id
930 3149 998 3218 est,
1019 3131 1088 3204 Ec·

90 3237 200 3306 clesia
222 3259 265 3302 ex
289 3235 404 3306 tribus
419 3235 554 3304 farinae
571 3237 655 3306 satis
669 3261 777 3328 panes
791 3237 883 3306 lacit.
933 3233 1013 3305 Hoc
1028 3251 1090 3316 est,

89 3335 253 3408 Ecclesia
285 3335 414 3426 accipit
441 3360 561 3404 vocem
583 3333 770 3425 Evangelii
801 3338 917 3408 alilio
937 3335 1023 3422 Dei,
1057 3351 1090 3404 ct

90 3463 170 3510 eam
188 3437 298 3508 tradit
313 3437 553 3521 auditoribus,
572 3438 611 3506 in
625 3433 998 3530 quibusEvangelinm
1015 3461 1089 3507 non

92 3549 146 3610 est
171 3539 290 3607 inanis
313 3538 470 3620 sonitus,
495 3540 556 3608 sed
579 3563 617 3608 re
632 3537 706 3629 ipsa
721 3554 773 3610 est
790 3539 945 3632 potentia
962 3536 1028 3608 Dei
1045 3541 1087 3609 nd

90 3642 246 3711 salutem
260 3640 359 3708 omni
376 3637 543 3712 credenti.
595 3635 671 3708 Hac
685 3642 759 3732 ipsa
775 3665 859 3708 voce
873 3639 969 3708 lilius
983 3633 1092 3739 λόγος

91 3757 147 3814 εει
170 3741 311 3827 efficax,
337 3754 479 3811 revocat
502 3763 543 3810 ex
565 3754 679 3820 morte
702 3755 736 3812 et
756 3741 942 3811 doloribus
956 3741 1090 3810 iniero-

1139 1517 1386 1586 commodabat
1408 1515 1451 1582 ad
1475 1514 1542 1584 tria
1567 1515 1694 1584 mundi
1717 1529 1891 1607 tempora:
1924 1513 1982 1584 Ad
2007 1509 2130 1584 ttoete-

1138 1619 1226 1688 siam
1251 1629 1331 1688 arne
1347 1615 1509 1696 Moisen,
1536 1615 1665 1687 deinde
1688 1619 1729 1691 ad
1748 1629 1951 1708 sequentem
1971 1627 2131 1699 aetatem,

1139 1733 1173 1790 et
1195 1733 1273 1810 post
1294 1716 1485 1810 Apostolos
1507 1718 1551 1786 ad
1574 1711 1666 1786 hanc
1690 1719 1933 1789 collectionem
1951 1715 2130 1791 Ecclesiae

1138 1845 1178 1890 er
1196 1819 1373 1890 Gentibus
1397 1832 1429 1888 et
1448 1817 1597 1892 ludaeis.
1649 1817 1731 1891 Non
1757 1819 1939 1910 displicuit
1962 1812 2049 1899 haec
2071 1841 2130 1889 ac-

1138 1922 1395 2004 commodatio,
1422 1921 1482 1988 sed
1505 1944 1585 1989 cum
1608 1921 1651 1988 de
1668 1921 1964 1990 transmutatione
1980 1919 2131 2002 dicatur,

1138 2024 1299 2094 existimo
1314 2036 1407 2093 recte
1421 2044 1521 2112 posse
1537 2022 1795 2092 accommodari
1812 2023 1878 2094 tria
1897 2037 1969 2095 sata
1983 2020 2131 2104 farinae,

1139 2126 1183 2193 ad
1208 2139 1278 2196 tres
1299 2125 1393 2194 vires
1409 2124 1446 2192 in
1462 2123 1600 2207 anima,
1626 2125 1669 2192 ad
1684 2117 1908 2221 dyssenteria
1913 2175 1926 2208 ,
1954 2123 1997 2193 ad
2013 2117 2131 2212 θυμι-

1138 2221 1225 2311 κόν,
1253 2240 1287 2296 ει
1310 2227 1353 2298 ad
1376 2219 1658 2318 ἐπιθυμητικόν.
1712 2223 1845 2316 Quales
1860 2225 2024 2306 tenebrae
2040 2246 2134 2302 sem-c

1140 2329 1385 2420 perfuerunt,
1417 2340 1520 2410 scrut,
1551 2341 1585 2397 et
1608 2339 1711 2398 erunt
1736 2328 1774 2395 in
1794 2321 2023 2424 ἡγεμονικῷ,
2054 2323 2131 2424 sine

1139 2431 1217 2500 luce
1236 2426 1435 2517 Evangelii.
1486 2425 1672 2516 Leguntur
1692 2401 1928 2505 Ethnicorum
1952 2443 1987 2496 et
2007 2419 2132 2496 Philo·
2205 2457 2213 2476 ·

1138 2525 1331 2620 sophorum
1355 2529 1510 2610 furores,
1533 2529 1595 2622 qui
1618 2543 1678 2603 aut
1701 2551 1845 2622 prorsus
1862 2529 2007 2600 suerunt
2022 2523 2132 2596 ἄθεοι

1138 2646 1180 2701 ιιι
1202 2627 1392 2724 Cyclopes,
1423 2643 1486 2700 aut
1511 2631 1555 2698 de
1579 2626 1656 2698 Deo
1680 2643 1785 2699 tetras
1808 2629 1997 2720 opiniones
2021 2628 2133 2700 finxe-

1139 2747 1242 2814 runt,
1272 2747 1312 2804 ut
1333 2730 1463 2813 Stoici,
1497 2732 1560 2826 qui
1583 2725 1753 2801 horribili
1774 2730 1989 2801 contumelia
2013 2725 2132 2801 Deum

1139 2833 1327 2922 adficiunt,
1363 2857 1441 2902 cum
1475 2833 1614 2922 fingunt
1645 2856 1726 2902 eum
1753 2833 1881 2916 scelera
1904 2845 1939 2902 et
1960 2829 2070 2913 velle,
2099 2844 2133 2903 et

1139 2935 1334 3006 necessario
1356 2935 1456 3002 velle.
1509 2932 1664 3029 Reliqua
1684 2934 1877 3007 multitudo
1893 2933 1995 3002 linxit
2011 2929 2132 3005 inlinis

1139 3049 1211 3108 tam
1240 3036 1382 3104 turbam
1405 3031 1576 3107 Deorum·
1628 3031 1680 3107 lta
1711 3027 1808 3102 nunc
1839 3033 1958 3130 quales
1986 3028 2132 3104 suntin

1139 3132 1350 3234 ἡγεμονικῷ
1371 3137 1535 3204 tenebrae
1560 3136 1598 3202 in
1621 3130 1893 3218 lllahometistis,
1921 3135 1958 3202 in
1981 3131 2133 3222 Papistis

1140 3254 1173 3306 et
1197 3237 1454 3328 Anabaptistis.
1507 3231 1686 3306 Aberrant
1712 3261 1730 3306 a
1753 3260 1835 3304 vero
1853 3235 1929 3313 Deo
1948 3229 2132 3304 Mahome-
2157 3225 2159 3230 ¹

1141 3339 1260 3420 tistae,
1285 3352 1452 3426 negantes
1476 3332 1573 3406 hunc
1591 3363 1671 3406 vere
1686 3335 1802 3408 Deum
1821 3360 1913 3424 esse,
1940 3335 2000 3430 qui
2017 3359 2054 3409 se
2069 3359 2133 3425 pa·

1140 3439 1258 3508 tesecit
1289 3440 1395 3510 misso
1425 3439 1518 3522 filio,
1551 3453 1680 3528 negant
1711 3438 1815 3520 etiam
1844 3439 1957 3506 lilium
1988 3436 2134 3506 missurn

1140 3562 1214 3609 esse
1229 3553 1270 3609 ut
1284 3537 1425 3611 victima
1443 3563 1508 3635 pro
1528 3539 1632 3622 nobis
1648 3541 1756 3622 fieret.
1807 3537 1970 3632 Papistae
1986 3537 2048 3606 etsi
2065 3562 2133 3604 no·

1139 3664 1222 3712 men
1247 3640 1309 3709 lilii
1334 3641 1509 3727 retinent,
1535 3655 1655 3709 tamen
1676 3665 1739 3709 nec
1755 3639 1955 3724 declarant,
1982 3639 2068 3732 qnid
2087 3638 2134 3706 sit

1141 3735 1266 3841 λόγος,
1299 3766 1364 3811 nec
1385 3741 1557 3814 beneficia
1577 3744 1789 3826 ostendunt,
1820 3754 1856 3811 et
1878 3754 1997 3834 aperte
2017 3739 2133 3811 extin÷

90 3867 176 3914 rum
200 3865 277 3924 eos,
304 3840 366 3934 qui
388 3835 455 3912 hac
471 3865 508 3914 se
525 3843 767 3915 consolatione
783 3843 821 3910 in
840 3842 932 3913 veris
948 3842 1090 3934 pavori·
1140 3856 1254 3934 guunt
1275 3843 1556 3929 invocationem,
1582 3868 1662 3913 curn
1680 3843 1807 3922 iubent
1825 3857 1859 3912 te
1876 3866 2013 3947 semper
2027 3840 2134 3913 dubi-

89 3947 164 4014 bus
189 3955 400 4016 sustentant.
452 3938 543 4017 Cum
566 3958 683 4014 autem
707 3945 942 4014 delectaretur
964 3940 1091 4013 Domi·
1141 3959 1231 4020 tare:
1259 3967 1304 4014 an
1322 3942 1459 4016 teDeus
1475 3945 1657 4043 receperit,
1684 3959 1780 4026 etan
1796 3944 1969 4032 esaudiat.
2006 3941 2134 4038 Postea

90 4067 165 4114 nus
185 4045 432 4125 recordatione
449 4045 673 4116 dulcissimae
688 4045 975 4131 consuetudinis,
1001 4069 1091 4138 quae
1141 4048 1337 4120 decurrunt
1360 4048 1403 4116 ad
1428 4045 1546 4131 ldola,
1580 4046 1750 4128 invocant
1772 4041 1936 4133 homines
1963 4058 2134 4130 mortuos,

11 4183 14 4190 ⁴
91 4147 164 4218 tuit
189 4169 270 4216 cum
285 4139 469 4217 Abraham
492 4163 526 4215 et
541 4146 620 4216 aliis
635 4148 897 4238 praestantibus
915 4146 1020 4233 viris,
1045 4146 1091 4215 li·
1141 4171 1221 4218 cum
1252 4147 1366 4224 sciant
1393 4172 1467 4217 non
1490 4171 1562 4216 εεεε
1583 4142 1760 4225 hnmanae
1782 4148 1961 4240 potentiae
1985 4147 2134 4239 gemitus

91 4250 224 4321 beuter
238 4270 279 4316 ex
293 4244 357 4319 illo
371 4245 536 4318 convivio
551 4247 822 4323 similitudinem
837 4249 997 4339 sumpsit,
1050 4245 1089 4318 ld
1140 4249 1303 4321 cordium
1330 4249 1507 4334 iudicare,
1530 4248 1636 4318 multi
1660 4250 1777 4342 palam
1801 4263 1932 4334 statuas
1954 4248 2135 4330 invocant,

94 4349 205 4418 etiam
235 4372 277 4418 eo
305 4347 477 4419 libentius
499 4347 599 4429 lecit,
632 4364 674 4420 ut
694 4351 906 4444 significaret
926 4347 1092 4450 Evange-
1141 4364 1175 4432 et
1192 4351 1378 4430 manifesta
1392 4349 1570 4445 impietate
1587 4349 1626 4420 in
1645 4352 1975 4442 circumgestatione
1991 4359 2135 4440 tuentur

94 4451 187 4520 lium
210 4473 286 4519 uon
309 4449 524 4518 constituere
547 4473 640 4525 novo
663 4451 812 4543 imperia
841 4451 1004 4544 politica,
1030 4453 1090 4532 ssd
1142 4445 1420 4551 ἅρτολατρείαν.
1479 4451 1602 4553 Nuper
1623 4453 1716 4536 edita
1747 4467 1797 4524 est
1822 4450 2006 4536 Austriaca
2030 4445 2134 4518 Cate-

96 4575 116 4622 a
140 4549 307 4633 muliere,
333 4549 371 4618 id
396 4565 466 4634 est,
493 4552 538 4620 ab
554 4548 711 4623 Ecclesia
726 4554 895 4640 docente,
921 4551 1092 4626 Fermen-
1141 4551 1273 4642 chesis‚
1299 4555 1337 4622 in
1357 4579 1425 4648 qua
1441 4579 1522 4624 cum
1537 4553 1600 4624 alii
1616 4555 1720 4629 multi
1740 4579 1878 4628 errores
1892 4551 2136 4639 stabiliuntur,

95 4668 195 4731 tum,
221 4653 336 4737 idest,
360 4647 597 4741 Evangelium
612 4653 753 4724 misceri
769 4657 972 4732 auditorum
989 4680 1091 4729 men·
1141 4654 1216 4732 turn
1240 4681 1324 4726 vero
1347 4671 1540 4726 renovatur
1564 4656 1669 4728 etiam
1695 4655 1966 4738 deliramentum
1990 4654 2034 4722 de
2051 4647 2135 4724 Mo-

96 4755 196 4824 tibus
212 4767 246 4823 et
259 4754 471 4846 pectoribus·
1141 4753 1338 4842 nachorem
1354 4757 1456 4831 votis.
1489 4755 1689 4830 Nominant
1702 4759 1752 4828 ibi
1765 4753 2016 4852 perlectionem
2027 4778 2136 4821 evan-

201 4849 399 4944 Colligitur-
420 4878 503 4945 ergo
524 4851 699 4943 Ecclesia,
734 4881 814 4926 curn
842 4883 911 4928 vox
936 4853 1091 4928 hnmana
1140 4859 1308 4953 gelicam,
1334 4859 1598 4935 simulationem
1616 4859 1851 4954 paupertatis,
1874 4871 1908 4928 ει
1923 4855 2012 4930 alios
2028 4879 2135 4950 quos·

98 4969 200 5024 sonat
216 4951 471 5044 Evangelium,
496 4959 603 5028 simul
625 4973 743 5030 autem
760 4983 801 5028 ea
817 4985 903 5030 voce
918 4962 1011 5032 lilius
1030 4952 1090 5033 λό-
1141 4965 1222 5034 dam
1244 4977 1408 5039 externos
1428 4977 1555 5054 gestus.
1608 4959 1833 5055 Impudentia
1851 4958 2035 5052 scriptoris
2052 4957 2135 5031 odio

98 5081 164 5153 γος
185 5057 261 5147 ipse
281 5058 480 5131 estellicax.
531 5056 702 5132 Amemus
718 5063 826 5152 igitur
841 5088 965 5138 vocem
981 5064 1090 5149 mini·
1141 5065 1247 5160 digna
1269 5080 1339 5150 est,
1366 5065 1428 5162 qui
1452 5059 1770 5153 scit'evangelicarn
1790 5064 2041 5159 perfectionem
2063 5083 2136 5130 csse

100 5159 216 5244 sterii,
238 5171 274 5228 st
289 5157 520 5229 Stenckl'eldii
538 5162 689 5234 fanatica
705 5164 1090 5236 deliramentsexerre-
1140 5167 1358 5255 agnitionem
1379 5185 1520 5259 nostrae
1545 5161 1779 5256 infirmitatis,
1803 5179 1849 5236 ,ει
1872 5163 2036 5234 fiduciam
2060 5185 2135 5247 me·

101 5283 198 5348 mur,
231 5260 297 5354 qui
318 5273 454 5339 mentes
475 5262 620 5340 abducit
640 5266 686 5339 ah
709 5261 926 5356 Evangelio,
946 5281 980 5345 ct
1002 5262 1089 5340 hor·
1140 5267 1306 5353 diatoris,
1337 5282 1372 5339 et
1399 5261 1632 5361 praesentiam
1657 5261 1724 5336 Ilei
1749 5267 1980 5356 inrcordibns
2005 5252 2135 5354 nostris
2226 5342 2228 5350 Α

100 5362 220 5432 rendis
237 5359 452 5442 elamoribus
470 5367 669 5448 contendit,
693 5366 809 5439 Deum
825 5369 954 5438 serina
968 5367 1089 5440 Evan-
1140 5369 1425 5446 transformantis
1455 5394 1541 5456 nos,
1581 5382 1620 5439 ut
1651 5369 1774 5454 fiamus
1806 5369 1938 5438 similes
1969 5357 2135 5450 imaginis

101 5463 179 5549 gelii
194 5464 407 5554 cogitatione
422 5466 600 5538 mentibus
617 5471 889 5542 communicare.
1110 5395 1115 5542 l
1139 5469 1227 5563 Dei,
1253 5498 1344 5566 qnos
1366 5487 1418 5558 est
1440 5464 1549 5571 λόγος
1570 5471 1705 5554 aeterni
1730 5472 1850 5567 patris.
1900 5463 1997 5534 Haec
2020 5485 2064 5528 ne
2079 5457 2133 5530 illi
