4726 5828
217 249 290 322 168
356 167 364 173 ·
599 247 604 258 “
795 227 956 312 DECL.
988 231 1066 310 ΠΕ
1096 229 1330 310 SCHOLA
1362 231 1657 315 Rostocu.
2179 251 2254 334 tae

219 421 259 489 in
291 439 326 487 se
361 407 568 494 concitavit,
605 420 647 479 ut
675 403 870 498 ipsetanto
894 421 1021 481 ettam
1044 402 1213 478 horribili
1262 405 1368 476 laude
1389 421 1565 498 carentes,
1590 411 1827 488 adolescentes
1847 437 1967 490 rerum
1989 419 2194 514 imperitos,
2217 439 2256 500 et

223 516 415 611 supplicio,
442 525 476 582 ct
490 525 562 582 tota
577 509 763 601 posteritas
777 533 857 580 cum
872 508 950 601 ipso
965 509 1212 580 mulctaretur:
1263 510 1308 577 ad
1347 509 1460 579 otium
1494 523 1529 582 et
1564 513 1798 604 cupiditatum
1827 519 2004 592 lenocinia
2033 547 2096 594 sua
2127 540 2255 618 sponte

224 643 331 714 quarn
348 630 502 687 atrocem
518 626 553 682 et
567 609 803 682 truculentam
819 634 969 702 poenam
984 610 1069 680 mali
1085 611 1214 698 guber·
1262 612 1542 700 propendentes,
1572 617 1781 688 veteratorie
1802 632 1837 687 et
1859 635 1991 704 astute,
2024 626 2130 716 plane
2156 627 2255 700 Sire-

224 736 366 792 natores
381 715 454 786 suis
467 713 584 783 variae
599 711 863 781 inobedientiae
877 712 1026 803 peccatis
1040 712 1160 796 luent,
1179 723 1214 780 et
1263 731 1350 778 num
1373 723 1478 781 cantu
1500 715 1543 782 ad
1560 735 1597 782 se
1613 716 1794 804 alliciunt,
1816 734 1856 791 ut
1870 745 1931 794 eos
1945 725 1991 794 ab
2005 727 2105 794 omni
2122 730 2256 818 cogita-

227 815 486 912 expeetabunt?
512 825 546 882 et
569 812 717 896 alienis,
750 812 880 903 quibus
901 833 938 882 se
959 812 1214 896 contaminant,
1263 811 1359 879 tione
1385 812 1493 881 oflicii
1521 815 1692 886 abductos
1721 821 1777 888 sni
1808 845 1912 911 quam
1938 826 2142 897 simillimos
2174 832 2257 900 red·

227 938 308 992 eum
326 941 416 1011 quos
432 917 565 988 debent
580 927 615 984 et
631 925 815 1004 possunta
832 911 1030 997 maleficiis,
1056 913 1216 1004 discipli·
1264 913 1372 995 dant,
1397 913 1461 982 etsi
1486 928 1570 985 sunt
1591 915 1733 1004 literae,
1758 921 1887 1013 quibus
1907 920 2035 998 borum
2052 929 2173 1000 studia
2190 929 2259 1002 bo.

227 1023 304 1106 nis,
327 1034 362 1088 et
379 1017 550 1090 institutis
568 1037 642 1084 non
658 1009 862 1095 cohercent,
888 1026 923 1083 et
938 1014 1142 1084 refrenant?
1265 1012 1322 1080 nis
1341 1012 1427 1082 viris
1453 1015 1492 1082 in
1512 1013 1702 1088 Academia
1726 1027 2038 1114 commendantur,
2072 1023 2131 1100 hic
2153 1033 2260 1104 valde

328 1118 407 1190 Hac
427 1115 586 1188 muueris
604 1114 716 1185 nostri
732 1114 925 1204 religione,
947 1127 981 1183 et
995 1136 1127 1206 poenae
1141 1136 1216 1182 ma·
1267 1113 1451 1199 laborant,
1478 1129 1510 1187 et
1533 1117 1637 1188 malis
1653 1121 1790 1192 artibus
1804 1121 1979 1216 efficiunt,
2003 1129 2110 1202 neiis
2127 1133 2259 1226 quibua

227 1221 436 1314 gnitudine,
456 1241 547 1311 quae
561 1215 752 1287 desertioni
767 1215 842 1286 eius
858 1215 1045 1286 constituta
1062 1227 1129 1299 est,
1149 1237 1216 1283 nos
1269 1215 1445 1304 oportuit,
1469 1219 1675 1292 reddantur.

229 1323 361 1416 quibus
393 1317 604 1409 gubernatio
634 1311 785 1386 Scholae
817 1310 1089 1406 Philosophicae
1121 1316 1216 1406 apud
1368 1313 1486 1388 Tanta
1515 1331 1566 1388 est
1593 1319 1742 1392 istorum
1771 1320 2076 1419 sycophantarum
2106 1335 2256 1406 audacia

228 1416 505 1495 Rostochiensos
536 1431 588 1488 est
615 1418 799 1501 mandata,
834 1439 955 1488 sumus
979 1416 1143 1497 adducti,
1176 1429 1216 1486 ut
1267 1427 1301 1485 et
1323 1416 1474 1492 malicia.
1531 1415 1608 1490 Alii
1631 1437 1757 1494 natura
1781 1427 1875 1496 tardi
1899 1439 1932 1496 et
1954 1427 2064 1518 pigri,
2098 1435 2257 1506 desidiae

229 1548 306 1594 non
330 1523 444 1593 solum
467 1523 511 1590 de
532 1519 715 1588 iuventute
731 1531 871 1587 nostrae
886 1517 1103 1588 institutioni
1120 1542 1217 1588 com·
1268 1539 1341 1585 sese
1362 1518 1516 1600 dedunt,
1543 1521 1637 1590 etin
1660 1524 1756 1615 turpi
1777 1526 1876 1611 ocio,
1900 1527 2060 1617 ignaviae
2075 1533 2210 1624 frigore
2224 1549 2259 1608 et

230 1624 355 1707 missa,
380 1621 439 1712 pie
459 1635 493 1691 et
515 1617 709 1688 liberaliter
730 1617 941 1704 erudienda,
963 1620 1023 1687 sed
1048 1619 1152 1690 etiarn
1171 1621 1216 1688 de
1268 1619 1404 1687 veterni
1431 1641 1557 1708 sopore
1589 1622 1639 1693 ita
1665 1624 1914 1714 congelantur,
1947 1643 1988 1699 ut
2013 1632 2073 1702 vix
2094 1659 2257 1729 unquam

232 1724 420 1816 disciplina
441 1742 582 1790 morum
608 1717 824 1789 restituenda
848 1734 882 1788 et
897 1733 1098 1790 constanter
1112 1733 1217 1789 tuen·
1270 1719 1313 1786 ad
1339 1718 1504 1789 discendi
1520 1744 1641 1792 curam
1659 1727 1954 1816 expergiscantur.
2005 1731 2065 1804 Sic
2080 1734 2165 1826 ipsis
2181 1762 2259 1808 me.

232 1829 301 1911 da,
341 1824 530 1912 diligenter
560 1819 853 1904 deliberaremus,
894 1835 928 1890 et
959 1822 1049 1891 serio
1080 1820 1217 1914 aliquid
1269 1819 1338 1887 lior
1360 1831 1474 1902 aetas,
1499 1833 1533 1890 et
1556 1845 1612 1892 res
1636 1827 1876 1915 aparentibus
1888 1835 2109 1922 suppeditata
2127 1837 2164 1905 in
2181 1841 2258 1908 vir·

232 1925 537 2003 constitueremus,
560 1920 765 2011 praesertim
780 1944 859 1990 cum
872 1921 1073 1991 videremus
1086 1923 1218 1990 floren·
1262 1917 1354 2000 ,totis
1376 1920 1554 2005 studium,
1578 1924 1671 1992 male
1694 1925 1903 2012 collocatur,
1927 1943 1964 2001 et
1984 1933 2129 2024 indigne
2153 1940 2258 2030 perit.

232 2041 303 2098 tem
324 2038 472 2097 aetatem
496 2043 624 2110 magna
645 2043 686 2088 ex
711 2032 829 2108 parte,
855 2043 929 2089 nou
956 2024 1050 2114 quod
1078 2017 1217 2096 honesti
1271 2016 1345 2086 Alii
1369 2018 1510 2089 levitate
1531 2035 1696 2110 naturae,
1718 2038 1754 2095 et
1772 2026 1908 2116 ingenii
1925 2032 2091 2106 varietate
2107 2041 2258 2125 seducti,

231 2128 346 2208 ratio,
378 2138 414 2195 et
437 2123 543 2216 aequi
573 2135 609 2191 et
637 2121 724 2190 boni
747 2120 840 2209 leges
864 2121 1008 2205 iubent,
1039 2124 1099 2195 sed
1121 2123 1218 2214 quod
1269 2118 1337 2187 sibi
1356 2120 1510 2208 graviter
1525 2139 1673 2208 nocent,
1699 2139 1734 2196 et
1748 2127 1885 2199 aditum
1901 2132 1947 2200 ad
1965 2135 2178 2224 optimarum
2194 2163 2258 2210 aa.

232 2228 326 2300 caeci
368 2225 560 2294 libidinum
592 2234 627 2291 et
664 2222 898 2310 cupiditatum
935 2234 1049 2291 aestus
1088 2225 1218 2302 ferunt,
1269 2218 1359 2288 tium
1387 2221 1625 2310 cognitionem
1652 2225 1911 2316 intercludunt,
1943 2237 2040 2324 qood
2071 2235 2117 2306 ab
2140 2239 2186 2309 iis
2211 2243 2258 2310 ad

232 2331 400 2399 audacter
431 2320 613 2412 amplecti,
653 2332 687 2389 et
714 2322 939 2411 impudenter
967 2323 1086 2416 sequi,
1123 2324 1219 2416 quod
1269 2342 1359 2411 quae
1381 2323 1487 2390 modo
1508 2327 1749 2412 cognoscenda
1766 2346 2003 2419 accesserunt,
2027 2337 2178 2424 adalia,
2201 2355 2258 2412 at·

232 2428 427 2498 multorum
452 2423 637 2517 quaerelae
660 2421 792 2514 ubique
809 2445 919 2513 prope
937 2436 1129 2509 terrarum,
1151 2420 1219 2492 hoc
1270 2442 1338 2512 que
1366 2419 1434 2488 alia
1463 2445 1599 2492 summa
1625 2426 1862 2500 inconstantia
1884 2433 2107 2523 auferantur,
2140 2441 2257 2514 multa

231 2528 333 2598 fatali
355 2540 528 2617 tempore,
561 2523 718 2594 accidere
737 2535 930 2616 testantur,
952 2535 985 2594 et
1008 2537 1049 2594 ut
1070 2548 1136 2594 nos
1159 2547 1220 2592 ex·
1270 2519 1506 2609 inceptantes,
1540 2523 1578 2593 in
1598 2527 1699 2598 nulla
1720 2553 1759 2598 re
1780 2531 1874 2600 firmi
1899 2544 1934 2603 et
1955 2537 2109 2614 stabiles,
2169 2539 2257 2630 Quo

233 2629 413 2721 perimor,
436 2625 557 2694 minor
577 2627 650 2694 iere
672 2645 753 2713 pars
773 2645 917 2708 eorum,
941 2624 1005 2716 qui
1027 2623 1065 2693 in
1082 2620 1219 2694 scholas
1268 2619 1423 2689 levitatis
1446 2623 1530 2694 vitio
1553 2625 1608 2710 lit,
1640 2629 1741 2698 utin
1764 2631 1865 2702 nullo
1886 2633 1943 2702 vel
1963 2637 2164 2728 doctrinae,
2196 2644 2257 2712 vel

233 2729 427 2800 mittuntur
449 2722 751 2795 studiodiscendi
774 2745 935 2808 accensa,
968 2737 1061 2794 recta
1084 2728 1128 2823 ad
1151 2725 1219 2794 ali·
1269 2721 1526 2795 exercitationis
1561 2748 1688 2816 genere
1722 2729 1892 2822 tantisper
1917 2737 2124 2826 persistant,
2165 2743 2254 2812 dum

235 2853 342 2923 quam
370 2827 553 2899 doctrinae
582 2825 741 2908 laudem,
781 2836 815 2895 et
846 2825 989 2896 virtutis
1019 2827 1143 2909 decus,
1178 2839 1218 2896 ut
1269 2819 1363 2912 quod
1386 2821 1530 2911 volunt,
1556 2829 1990 2925 etdebentassequantur.
2040 2839 2099 2918 Ad
2114 2857 2256 2934 postre-

100 2988 104 3001 ,
167 2933 189 2990 Ἃ
235 2943 392 3020 oportet,
429 2925 625 2996 contendit:
667 2920 721 2992 Ex
744 2925 889 2994 caeteris
911 2925 971 2994 alii
995 2927 1049 2994 sui
1072 2921 1217 2995 honoris
1269 2947 1365 2988 mum
1388 2938 1486 3009 sunt,
1515 2927 1554 2994 in
1578 2928 1707 3020 quibus
1729 2953 1843 3024 neque
1865 2933 2001 3024 ingenii
2021 2939 2115 3023 vim,
2137 2968 2257 3038 neque

236 3045 270 3100 et
293 3029 415 3098 salutis
437 3027 559 3109 obliti,
581 3038 718 3116 praeter
739 3021 938 3094 scholarum
962 3027 1072 3112 leges,
1098 3041 1132 3095 ct
1155 3049 1218 3115 pa·
1267 3023 1427 3091 discendi
1449 3023 1608 3094 laborem
1627 3030 1820 3115 desideres,
1846 3037 1907 3105 sed
1923 3039 2049 3109 melius
2067 3041 2255 3133 iudicium,

235 3143 376 3199 rentum
404 3129 588 3210 mandata,
622 3147 681 3207 ea,
712 3148 802 3216 quae
822 3127 944 3213 gulae,
978 3141 1012 3196 et
1038 3127 1152 3195 ventri
1178 3127 1217 3194 in
1267 3135 1301 3190 et
1323 3123 1452 3193 rectius
1476 3126 1684 3208 consilium,
1711 3131 1773 3224 qui
1794 3156 1957 3224 perversa
1979 3141 2190 3231 cupiditate,
2220 3161 2255 3219 eg

234 3229 429 3321 praesentia
455 3227 575 3296 suavia
600 3237 700 3306 sunt,
732 3239 929 3310 sectantur,
963 3239 998 3296 et
1019 3225 1132 3316 prima
1152 3221 1217 3296 ha·
1267 3223 1371 3292 stulta
1395 3223 1590 3296 ambitione
1615 3230 1811 3318 praeteritis
1834 3235 1977 3326 linguae
1993 3240 2128 3314 latinae
2149 3269 2255 3336 prae-

144 3383 147 3392 .
233 3334 338 3414 bens,
383 3351 488 3420 seque
517 3325 655 3396 levibus
685 3337 719 3394 et
748 3325 897 3416 impuris
924 3325 1216 3409 adolescentibus,
1267 3323 1391 3412 ceptis,
1417 3326 1547 3417 quibus
1562 3329 1717 3422 reliquae
1731 3347 1823 3403 artes
1836 3348 2003 3430 tanquam
2018 3343 2254 3420 fundamento

233 3455 322 3524 qrrae
344 3445 455 3520 pestes
470 3428 574 3496 etiam
590 3425 628 3494 in
644 3419 802 3509 Scholis,
825 3438 866 3496 ut
881 3422 1024 3495 Zizania
1041 3440 1076 3497 et
1090 3429 1214 3498 lolium
1266 3424 1450 3512 nituntur,
1481 3430 1524 3496 ad
1554 3430 1706 3500 maiores
1735 3446 1826 3503 artes
1857 3451 1891 3506 et
1913 3439 2117 3531 disciplinas
2138 3446 2255 3520 illotis

234 3535 272 3600 in
296 3531 411 3600 tritico
435 3528 679 3618 reperiuntur,
704 3528 893 3610 associant,
916 3527 1048 3620 quibus
1064 3529 1216 3598 ducibus
1265 3525 1413 3614 pedibus
1447 3540 1482 3597 et
1516 3525 1698 3610 manibus,
1741 3545 1781 3602 ut
1812 3534 1960 3618 dicitur,
1998 3564 2254 3636 approperant,

235 3634 384 3724 popinas
413 3643 448 3700 et
473 3650 621 3717 ganeas,
650 3651 725 3697 nou
749 3625 936 3697 Musarum
961 3629 1064 3699 aedes
1085 3641 1120 3699 et
1140 3628 1215 3698 Mt.
1265 3624 1302 3694 in
1326 3622 1457 3717 quibus
1480 3629 1580 3698 stulti
1601 3631 1838 3701 adolescentes
1861 3640 1963 3708 valde
1981 3644 2124 3735 quidem
2143 3651 2253 3720 desu-

233 3756 362 3816 nervae
390 3731 520 3822 templa
545 3729 769 3820 frequentare
788 3741 1009 3813 assuescunt,
1040 3753 1060 3798 a
1084 3730 1214 3822 quibus
1263 3727 1365 3809 dant,
1392 3741 1433 3796 ut
1456 3750 1512 3796 eas
1528 3745 1758 3822 cognoscant,
1785 3748 1817 3805 et
1833 3736 1894 3806 diu
1910 3742 2132 3839 multumque
2146 3749 2254 3822 labo.

232 3834 284 3902 ita
305 3833 348 3901 ad
371 3826 501 3902 Bacchi
521 3851 652 3918 organa
679 3841 712 3896 et
735 3829 777 3896 ad
801 3828 911 3897 lustra
928 3827 1079 3898 Veneris
1101 3831 1214 3899 dedu·
1262 3838 1364 3910 rant,
1394 3827 1455 3904 sed
1485 3840 1601 3899 tamen
1632 3831 1767 3910 nullam
1796 3857 1916 3906 earum
1947 3842 2082 3917 firmam
2103 3862 2140 3918 et
2160 3853 2253 3922 soli-

234 3945 382 4016 euntur‚
405 3945 446 4002 ut
461 3955 535 4000 non
548 3928 663 3998 solum
680 3928 754 3996 dies
769 3941 802 3998 et
817 3951 972 4011 menses,
994 3932 1056 4001 sed
1072 3943 1105 4002 et
1120 3944 1213 4002 totos
1262 3928 1344 3995 dam
1380 3927 1618 4015 cognitionem
1657 3952 1938 4026 consequuntur,
1985 3947 2080 4037 quod
2117 3973 2252 4040 parum

232 4055 346 4104 anuos
366 4032 598 4124 parasitorum
620 4051 735 4108 more,
760 4029 797 4097 in
819 4029 930 4118 turpis
949 4031 1050 4119 gulae
1067 4044 1101 4102 et
1116 4033 1211 4102 foedi
1261 4028 1477 4118 praeparati,
1504 4042 1539 4101 et
1560 4032 1611 4101 rei
1629 4030 1888 4108 Grammaticae
1909 4045 2014 4114 rudes
2028 4049 2070 4116 ad
2089 4072 2146 4119 eas
2160 4074 2250 4142 pro.

230 4134 363 4204 ventris
387 4133 568 4201 curatione
591 4142 817 4214 consumant,
850 4130 951 4222 quasi
974 4153 1048 4201 non
1068 4133 1211 4222 religio-
1261 4127 1437 4200 volarunt.

230 4235 287 4304 nis
313 4249 347 4304 et
376 4233 558 4303 literarum
588 4253 711 4314 causa,
746 4232 806 4300 sed
827 4230 1028 4301 libidinum
1054 4245 1090 4302 et
1111 4234 1210 4325 cupi-
1361 4225 1452 4299 Cum
1474 4222 1561 4300 haec
1583 4231 1729 4325 inquam
1749 4251 1889 4310 nostrae
1902 4237 2052 4318 scholae
2071 4249 2181 4332 mala,
2209 4269 2249 4327 et

230 4336 381 4405 ditatum
412 4332 663 4423 explendarum
692 4331 822 4419 gratia,
860 4333 1018 4423 pecuniis
1046 4333 1209 4405 instructi
1258 4329 1457 4398 studiorum
1486 4331 1678 4404 iuventutis
1704 4337 1918 4412 calamitates
1939 4369 2181 4434 cerneremus,
2210 4371 2247 4426 et

228 4436 268 4504 in
287 4435 436 4503 maiores
453 4430 590 4502 scholas
605 4430 839 4502 mitterentur.
890 4429 964 4520 Qui
980 4435 1086 4503 duces
1101 4459 1207 4526 quam
1257 4429 1420 4500 exercitia
1445 4443 1520 4502 tum
1542 4435 1645 4528 styli,
1677 4447 1752 4507 turn
1775 4440 1989 4528 disserendi,
2016 4465 2056 4522 ut
2077 4474 2179 4545 saepe
2204 4457 2246 4527 fit

226 4557 365 4626 graves,
389 4549 423 4605 et
443 4532 659 4626 periculosae
674 4527 872 4600 scholastici
889 4547 1008 4606 coetus
1025 4551 1203 4627 renupte·
1258 4530 1296 4598 in
1321 4531 1515 4604 maioribus
1538 4530 1668 4606 scholis
1690 4539 1839 4610 omnino
1861 4539 2006 4632 iacere,
2023 4575 2114 4644 quae
2135 4556 2245 4643 culta,

226 4639 281 4707 lae
311 4636 400 4718 sint,
440 4635 565 4726 vulgus
597 4632 963 4720 adulescentulorum,
1003 4658 1069 4707 nec
1098 4637 1207 4719 videt,
1256 4654 1361 4725 quam
1377 4632 1510 4702 variam
1525 4649 1560 4706 et
1576 4636 1808 4728 multiplicem
1824 4644 2010 4718 utilitatem
2024 4649 2244 4728 scholastici,

221 4761 287 4810 nec
301 4735 424 4810 credit.
1255 4732 1422 4819 afferant,
1448 4733 1535 4826 quid
1558 4737 1686 4807 attinet
1703 4739 1838 4826 dicere,
1863 4769 1944 4816 cum
1965 4773 2070 4822 nemo
2087 4755 2151 4840 sit,
2175 4761 2242 4849 qui

322 4837 412 4908 Nam
441 4849 484 4906 ut
514 4831 698 4923 vulpecula
729 4825 901 4924 Aesopica
934 4835 1064 4917 cauda,
1104 4836 1205 4906 cuius
1253 4834 1409 4922 ignoret,
1440 4846 1475 4901 et
1505 4858 1562 4905 res
1589 4835 1663 4928 ipsa
1686 4838 1873 4932 loquatur,
1904 4860 1939 4916 et
1961 4854 2242 4946 perspiceremus

220 4940 334 5031 specie
361 4951 396 5008 et
424 4937 538 5006 forma
557 4933 844 5019 commendatur,
876 4932 1019 5019 amissa,
1051 4948 1203 5006 caeteras
1253 4929 1308 5002 bis
1327 4946 1398 5002 tam
1423 4934 1530 5004 variis
1551 4933 1701 5008 Scholae
1723 4945 1951 5035 corruptelis,
1982 4975 2048 5025 nec
2070 4959 2154 5029 satis
2175 4985 2239 5030 oc-

218 5041 342 5130 volpes
370 5040 414 5108 ad
447 5061 523 5110 eam
551 5035 709 5127 corporis
730 5048 885 5125 partem,
916 5050 957 5107 ut
978 5035 1139 5106 inutilem
1168 5050 1208 5107 et·
1250 5031 1364 5112 curri,
1397 5058 1463 5104 nec
1486 5033 1720 5127 Medicinam,
1752 5064 1842 5136 quae
1871 5071 1947 5119 eam
1975 5056 2069 5126 malo
2091 5058 2238 5146 levaret,

215 5141 360 5212 noxiam
388 5137 628 5220 resecandam,
660 5159 706 5206 ne
735 5137 810 5208 sola
836 5136 951 5228 turpis
974 5152 1007 5210 et
1030 5137 1200 5207 deformis
1248 5128 1412 5206 adbiberi
1429 5157 1546 5227 posse,
1573 5139 1641 5208 nisi
1656 5161 1780 5213 omnes
1793 5145 1833 5215 iu
1844 5145 1973 5224 Schola
1982 5149 2236 5254 Philosophica

214 5245 254 5311 in
292 5261 509 5331 suogencre
539 5237 771 5326 reperiretur,
809 5237 936 5312 callide
962 5253 997 5309 et
1028 5238 1198 5309 insidiose
1246 5240 1409 5309 doeentes
1415 5243 1428 5318 ,³
1455 5237 1548 5310 inter
1566 5241 1649 5312 sede
1670 5241 1743 5313 illie
1760 5245 1857 5322 vitiis
1873 5274 1914 5321 ex
1930 5255 2092 5330 moribus
2106 5261 2237 5334 iuven.

212 5342 435 5437 impellebat:
459 5337 510 5411 sic
531 5337 587 5412 illi
608 5338 805 5411 nebulones
832 5340 932 5412 omni
954 5335 1137 5414 honestate
1160 5353 1196 5413 et
1246 5335 1330 5411 tutis
1352 5337 1513 5414 delendis
1529 5342 1786 5436 consentirent,
1810 5359 1846 5422 et
1862 5346 1930 5426 bor
1944 5353 2235 5454 ipsumjconiun.

257 5748 359 5792 A
