4606 5822
1977 305 2051 378 622

51 319 114 392 oar
222 262 226 272 ’
648 239 926 390 nucarum
963 305 1415 396 uananrnoms.
1497 379 1504 403 ,

46 501 77 557 ct
95 484 273 576 promissio
298 485 511 571 coelibatus,
538 498 573 555 et
595 483 766 557 iubentur
784 482 942 555 ordinati
957 506 1012 554 sa·
1065 505 1166 570 nem,
1192 495 1227 553 et
1242 484 1342 578 quasi
1356 484 1480 554 foedus
1494 494 1566 566 est,
1593 505 1664 574 quo
1679 477 1906 570 paciscuntur
1918 499 2052 558 omnes,

46 587 184 656 crificare
206 609 271 676 pro
293 585 386 654 vivis
407 601 441 656 et
461 585 620 655 mortuis.
672 581 727 655 Ac
747 609 853 655 nemo
874 584 1013 654 medio-
1064 606 1100 653 se
1127 607 1249 676 pacem
1277 598 1312 655 et
1340 583 1566 656 concordiam
1588 579 1766 654 Ecclesiae
1791 600 1865 648 non
1888 576 2050 650 turbatu-

44 689 139 756 criter
164 687 345 756 institutus
372 688 411 755 in
433 681 590 756 Ecclesia
613 709 687 756 non
711 686 879 776 intelligit
899 708 1013 781 quan·
1064 707 1121 755 ros
1138 708 1222 756 esse.

42 801 108 857 tum
128 787 211 856 mali
234 788 280 857 sit
300 787 338 854 in
363 781 420 856 bis
441 787 603 860 vinculis.
654 785 805 880 Propter
825 781 889 857 has
906 786 1012 857 etiam

40 887 228 979 manifestas
249 901 284 960 et
306 885 528 976 gravissimas
546 886 667 960 causas
683 888 940 978 fugiendusest
953 881 1012 956 bic
1089 895 1147 972 Rp
1169 901 1343 1008 (graffio
1363 901 1609 970 Nazianzenus
1634 895 1683 970 de
1707 891 2025 992 appellationibus

39 989 117 1059 ritus
129 983 400 1080 Episcoporum.

127 1101 188 1178 45.
232 1101 368 1177 Graeca
392 1100 550 1178 Ecclesia
581 1121 680 1179 vetus
714 1119 824 1178 totam
855 1103 1011 1174 admini-

40 1208 230 1280 strationem
255 1229 384 1277 coenae
405 1201 555 1278 Domini
580 1207 741 1280 nominat
763 1200 1009 1304 λειτουργίαν,
1061 1241 1130 1322 τόν
1151 1249 1227 1322 ἔστι
1244 1255 1299 1322 τῶ
1315 1245 1424 1344 ”⁰²92
1439 1246 1535 1322 κατὰ
1552 1247 1706 1336 οὐσίαν,
1733 1239 2049 1347 257030331201‘5.

981 1305 990 1322 ⁰
1275 1319 1285 1344 Ιι

40 1310 121 1400 quod
138 1332 210 1378 non
225 1307 397 1396 significat
411 1309 641 1395 sacrificium,
665 1312 727 1378 scd
743 1307 924 1400 publicum
938 1331 1009 1374 mr-

40 1409 230 1492 nistcrium,
261 1419 297 1478 et
322 1400 402 1498 ispte
427 1410 591 1499 congruit
618 1411 663 1482 ad
687 1423 795 1482 totam
820 1407 1008 1478 actionem.
1091 1447 1103 1474 .

41 1506 113 1578 Vult
133 1504 231 1578 Deus
257 1507 426 1577 immensa
456 1509 616 1582 bonitate
643 1510 756 1580 filium
785 1506 945 1578 exaudiri
975 1521 1010 1577 et

40 1609 163 1698 agnosci
178 1609 217 1677 in
230 1620 308 1678 toto
321 1630 447 1697 genere
458 1605 630 1686 humano.
680 1607 766 1681 Ideo
780 1609 856 1680 vult
869 1620 1009 1678 nostros
1078 1647 1089 1674 e

41 1731 228 1798 congressus
251 1731 326 1777 non
349 1731 423 1778 esse
444 1701 578 1780 similes
600 1709 813 1795 Eleusiniis,
843 1711 906 1806 ped
931 1709 1009 1780 vult

40 1805 205 1879 honestam
236 1821 272 1879 et
299 1805 477 1901 publicam
507 1809 814 1904 congregationem
840 1809 937 1894 fieri,
968 1823 1009 1880 ut

41 1911 95 1980 late
108 1909 266 1981 doctrina
280 1911 465 2000 propagari
479 1911 606 2004 possit,
631 1912 709 1984 vult
725 1909 880 2002 conspici
893 1905 1008 1979 hone-

41 2023 82 2078 sta
100 2011 255 2102 exempla
277 2009 315 2077 in
337 2011 465 2079 ordine
486 2035 759 2102 congressuum,
792 2010 870 2082 vult
890 2009 1008 2080 audiri

40 2123 67 2180 et
84 2111 227 2180 iudicari
250 2111 422 2180 doctores.
472 2104 526 2181 Ac
547 2126 663 2184 servat
677 2111 775 2186 Deus
790 2111 927 2206 aliquas
942 2135 1008 2203 po-

42 2209 136 2296 litias,
173 2224 214 2282 ut
242 2209 531 2300 congregationes
558 2208 727 2283 honestae
754 2213 831 2282 fieri
860 2213 1006 2305 possint.

42 2307 113 2380 Vult
127 2324 244 2381 autem
261 2305 390 2379 horum
408 2334 659 2403 congressuum
673 2326 823 2384 nervum
839 2335 912 2384 esse
926 2335 1008 2384 coe-

15 2475 22 2484 ,.
43 2433 108 2480 nam
120 2409 279 2485 Domini.
329 2407 439 2483 Fiunt
461 2435 544 2504 ergo
564 2410 652 2486 baec
666 2412 880 2499 ministeria,
906 2416 1008 2486 docet

42 2507 144 2582 Pastor
156 2509 416 2602 Evangelium,
441 2509 603 2585 bortatur
623 2538 745 2588 omnes
767 2517 812 2586 ad
834 2515 1007 2606 precatio-

43 2634 108 2681 nem
129 2628 161 2684 et
183 2617 227 2683 ad
248 2613 440 2702 gratiarum
454 2615 648 2702 actionem,
673 2631 707 2688 et
722 2617 829 2688 simul
845 2641 925 2687 cum
942 2640 1007 2708 poa
1066 2661 1070 2670 ·

43 2715 110 2800 pulo
130 2715 213 2785 dicit
229 2713 470 2806 precationem
486 2727 522 2785 ct
536 2717 608 2806 agit
623 2717 767 2807 gratias,
794 2717 922 2786 deinde
938 2716 1007 2806 piis

44 2809 160 2886 exbibet
173 2838 302 2906 corpus
316 2828 349 2884 et
363 2815 569 2904 sanguinem
580 2813 726 2892 Christi.
777 2815 1006 2888 Haecomnia

44 2927 169 2984 vetustas
191 2913 394 2985 nominavit
414 2911 659 3015 λειτουργίαν.
710 2913 758 2988 Et
775 2917 918 2988 accessit
933 2917 1007 2988 col-

44 3010 108 3084 latio
121 3018 359 3110 eleemosynae
375 3016 420 3085 ad
434 3016 608 3088 iuvandos
621 3039 801 3110 pauperes.

124 3131 181 3205 lo.
214 3133 378 3224 Papistac
394 3147 529 3204 mutato
544 3135 655 3206 veteri
671 3160 789 3222 more,
814 3135 937 3208 dicunt
950 3159 1007 3206 sa-

45 3231 211 3304 crificulum
244 3233 373 3304 offerre
402 3258 467 3324 pro
499 3236 590 3306 vivis
616 3251 652 3306 ct
678 3235 846 3322 mortuis,
878 3252 912 3308 et
940 3233 1008 3308 hac

45 3331 197 3404 oblatione
217 3334 350 3403 mereri
370 3334 513 3402 facienti
534 3349 568 3404 et
589 3337 688 3418 aliis,
713 3350 747 3406 et
768 3361 913 3425 prorsus
928 3334 1006 3406 etb-

46 3433 105 3502 nico
133 3459 226 3504 more
260 3433 495 3518 addiderunt,
533 3432 660 3506 mereri
688 3457 790 3520 eum,
830 3459 871 3503 cx
900 3457 1005 3524 opere

46 3549 179 3620 operato,
210 3547 252 3605 nt
274 3535 491 3628 loquuntur,
520 3533 599 3604 sine
621 3533 718 3604 bono
740 3546 841 3607 motu
863 3536 1005 3610 utentis.

46 3629 118 3704 llaec
130 3635 310 3708 idolatrica
325 3637 518 3706 execranda
533 3650 628 3710 sunt.
665 3665 667 3674 ³

125 3751 181 3830 47.
212 3745 318 3826 Nunc
335 3766 446 3824 astute
462 3753 574 3847 aliqui
592 3747 678 3824 baec
694 3765 854 3845 portenla
871 3766 1009 3842 tegunt,

47 3863 70 3918 et
86 3869 198 3926 utrem
216 3869 252 3926 et
270 3855 561 3926 consuetudinem
576 3855 772 3938 retineant,
798 3853 900 3924 novis
915 3856 1005 3926 sucis

46 3952 169 4044 purgant
190 3979 357 4048 mprcm,
372 3954 495 4024 dicunt
517 3955 752 4024 sacrificulum
775 3979 848 4024 non
863 3955 1005 4040 mereri,

47 4055 89 4120 sed
104 4058 270 4148 adplicare
285 4051 462 4125 Ecclesiae
477 4054 645 4124 beneficia
663 4050 807 4126 Christi.

124 4171 180 4249 48.
212 4172 287 4244 Nos
307 4171 476 4256 dicimus,
500 4172 539 4240 in
562 4193 656 4242 novo
671 4171 899 4244 Testamento
921 4173 1004 4241 nul-

48 4265 99 4340 lam
116 4273 184 4344 lieri
209 4274 481 4365 adplicationem
502 4272 620 4342 alieno
635 4296 758 4363 opere,
780 4276 842 4343 sed
858 4273 1002 4365 proprio

47 4389 96 4438 usu
107 4373 315 4449 sacramenti
336 4385 372 4444 et
393 4373 481 4459 lide,
513 4373 597 4467 qnia
620 4373 791 4464 scripturn
814 4387 880 4445 est:
916 4371 1001 4443 Veri

47 4467 218 4546 adoratores
232 4476 432 4547 adorabunt
440 4485 576 4568 patrem
590 4474 629 4543 in
638 4473 764 4564 spiritu
778 4488 813 4546 et
827 4473 983 4546 veritate.

124 4605 181 4682 49.
207 4605 255 4680 Et
268 4621 360 4680 recte
374 4607 544 4688 dicimus,
567 4603 834 4678 Sacramentum
851 4629 923 4678 esse
937 4611 1000 4677 ad-

47 4702 240 4790 plicationem
258 4709 448 4800 'generalis
482 4707 730 4802 promissionis
758 4711 802 4778 ad
832 4710 1001 4798 singulos,

1460 997 1533 1098 {ilii
1553 1003 1641 1074 Dei.

1162 1152 1277 1222 Δοκεῖ
1293 1143 1368 1249 γάρ
1391 1173 1457 1241 μοι
1478 1146 1653 1248 λέγεσθαι
1673 1145 1754 1229 υἱὸς
1771 1141 1861 1240 μὲν,
1887 1140 1943 1216 ὅτι
1957 1167 2049 1216 ταυ-
2078 1153 2087 1168 ’

1061 1375 1134 1432 τως
1154 1349 1227 1442 ἔχει
1247 1346 1339 1443 πρὸς
1356 1346 1424 1422 τὸν
1446 1348 1606 1440 πατέρα,
1633 1347 1684 1432 ὥς
1705 1346 1797 1445 πρὸς
1818 1351 1911 1419 νοῦν
1927 1338 2046 1442 λόγος,

1060 1473 1106 1522 ου
1133 1445 1255 1545 μόνον
1284 1447 1348 1524 dmi
1378 1447 1422 1524 ad
1450 1448 1595 1532 ἀπαθὲς
1623 1457 1689 1544 τῆς
1708 1443 1908 1556 γενήσεως,
1952 1442 2046 1518 ἀλλὰ

1059 1548 1124 1624 καὶ
1147 1548 1190 1624 τὸ
1211 1546 1376 1648 συναφὲς
1389 1548 1454 1625 καὶ
1469 1549 1513 1624 cd
1530 1547 1807 1650 ἐξαγγελτικὸν,
1831 1543 1991 1638 δύναμις
2003 1541 2046 1620 δὲ

1060 1677 1111 1734 ως
1138 1658 1411 1748 συντηρκτικιῦς
1438 1657 1517 1726 τῶν
1542 1652 1776 1753 γενομένων,
1818 1643 1974 1741 ἀλήθεια
2004 1639 2047 1723 δὲ

1059 1749 1110 1834 ὥς
1136 1750 1293 1849 καθαρὰ
1313 1759 1383 1826 τοῦ
1406 1750 1548 1849 πατρὸς
1570 1750 1733 1853 σφραγὶς
1755 1747 1818 1826 καὶ
1839 1743 2046 1843 χαρακτὴρ,

1059 1859 1141 1951 φῶς
1156 1849 1197 1927 δὲ
1213 1851 1264 1936 ὥς
1282 1847 1496 1950 λαμπρότης
1505 1861 1643 1952 ψυχῶν
1649 1905 1662 1941 ,
1689 1849 1753 1930 καὶ
1769 1857 1916 1952 γνῶσις.

1058 2114 1256 2217 (vass.)
1298 2127 1577 2216 Propositiones
1607 2122 1654 2196 de
1686 2122 1904 2196 disorisnine
1931 2137 2045 2187 verne

1058 2226 1247 2296 Ecclesiae
1261 2227 1338 2298 Dei
1354 2233 1393 2296 et
1409 2229 1569 2298 oliorum
1583 2223 1796 2316 bominum,
1821 2218 1950 2316 pastus
1965 2217 2044 2290 ὀδε-
2108 2231 2111 2237 ’

1054 2329 1208 2418 putavit
1228 2329 1283 2398 M.
1317 2328 1496 2398 Paulus
1525 2327 1580 2399 de
1613 2332 1759 2399 Eizen
1789 2320 2043 2414 llumbrsrpen·

1057 2432 1132 2519 sis,
1172 2426 1496 2521 superintendens
1517 2431 1701 2501 Ecclesiae
1723 2430 1801 2499 Dei
1831 2427 1873 2495 in
1901 2423 2043 2516 inclyto

1140 2527 1229 2602 urbe
1241 2527 1678 2626 sasontaerromturpo.
1728 2530 1835 2599 Anno
1854 2519 1965 2608 1556.
1988 2582 1994 2588 .

1407 2633 1483 2703 Die
1501 2633 1598 2704 Maii
1626 2627 1687 2704 18.

1059 2785 1277 2890 Quanquam
1306 2798 1624 2870 demonstrationes
1651 2809 1734 2868 sunt
1763 2807 1891 2864 natura
1922 2801 2045 2872 notae,
2148 2869 2151 2880 Ι
2244 2807 2260 2848 κ

1058 2921 1150 2992 qnae
1176 2910 1349 2969 testantur
1379 2920 1453 2967 esse
1476 2897 1610 2985 Deum,
1643 2913 1677 2969 et
1704 2899 1833 2968 docent
1854 2893 1968 2987 qualis
1986 2890 2044 2971 sit,

1058 3013 1177 3072 tamen
1199 2999 1352 3068 assensio
1375 2998 1560 3089 languefit,
1586 2999 1743 3070 etmulti
1763 3011 1798 3068 ct
1812 2995 1944 3066 assidui
1959 3005 2043 3060 scant

1058 3113 1173 3171 aestus
1194 3113 1230 3170 et
1243 3095 1372 3192 Euripi
1394 3101 1678 3185 dubitationum,
1702 3115 1736 3170 et
1756 3097 1839 3192 quia
1856 3097 1895 3166 in
1913 3091 2044 3175 menti·

1057 3203 1124 3273 bus
1140 3201 1252 3290 caligo
1267 3215 1337 3286 est,
1361 3213 1396 3271 et
1412 3205 1494 3294 quia
1507 3225 1633 3293 magna
1648 3212 1700 3272 est
1713 3200 1903 3290 impiorum
1917 3192 2043 3265 multi-

1058 3305 1164 3386 tudo,
1189 3316 1224 3371 et
1242 3303 1354 3390 magis
1374 3301 1490 3373 ilorct.
1539 3301 1673 3374 Contra
1691 3325 1774 3372 vero
1788 3295 1944 3370 Ecclesia
1962 3315 2044 3364 coe·
2093 3341 2096 3350 ,

1057 3413 1115 3470 tus
1142 3413 1194 3468 est
1225 3400 1387 3485 exiguus,
1424 3403 1548 3486 miser,
1583 3415 1739 3494 spretus,
1771 3401 1849 3468 sine
1880 3394 2043 3489 imperio,
2067 3389 2085 3451 .'

1056 3500 1133 3570 sine
1156 3493 1322 3568 humanis
1345 3500 1549 3591 praesidiis,
1580 3523 1698 3589 aeger,
1723 3501 1933 3589 dissipatus,
1956 3515 2042 3564 exu-

1056 3602 1134 3672 lans
1156 3599 1195 3667 in
1217 3602 1368 3685 mundo,
1394 3613 1428 3672 ct
1448 3601 1509 3693 qui
1525 3602 1668 3671 saevitia
1685 3617 1918 3694 tyrannonrm
1940 3608 1973 3665 et
1988 3593 2042 3664 ia-

1056 3702 1253 3773 naticorum
1271 3701 1450 3772 furoribus
1466 3702 1604 3771 assidue
1618 3703 1803 3771 laceratur.

1158 3806 1195 3875 2.
1228 3799 1325 3871 Haec
1346 3803 1460 3873 tristia
1478 3802 1672 3896 spectacula
1687 3825 1767 3873 cum
1784 3802 1968 3870 intuentur
1984 3795 2043 3866 in·

1057 3903 1179 3972 firmae
1193 3917 1345 3983 mentes,
1368 3898 1621 3976 cohorrescunt
1635 3916 1669 3974 et
1682 3903 1884 3995 disputant,
1908 3895 1969 3968 An
1982 3891 2042 3965 bic

1056 4003 1163 4073 miser
1190 4018 1309 4076 coetus
1335 4004 1379 4073 sit
1399 4000 1556 4076 Ecclesia
1580 4001 1663 4076 Dei:
1697 4007 1756 4074 sed
1781 3999 2042 4073 confirmandae

1054 4117 1138 4175 sunt
1153 4105 1361 4175 testimoniis
1375 4120 1409 4177 ct
1424 4107 1719 4197 patefactionibus
1735 4105 1881 4176 divinis.
2132 4189 2134 4196 y

1158 4207 1194 4280 δ.
1231 4203 1320 4276 Esse
1349 4207 1502 4300 aliquam
1532 4204 1598 4276 Dei
1621 4203 1814 4278 Ecclesiam
1847 4207 1884 4273 in
1916 4221 2041 4292 genere

1055 4298 1213 4376 humano
1242 4308 1467 4376 manifestum
1490 4319 1542 4376 est
1565 4331 1607 4378 ex
1629 4307 1923 4398 patefactionibus
1946 4299 2042 4370 divi-

1054 4406 1128 4493 nis,
1162 4407 1292 4502 quibus
1313 4405 1409 4478 Deus
1438 4407 1576 4478 addidit
1599 4409 1821 4488 testimonia,
1854 4401 2040 4476 resuscita-

1053 4508 1186 4580 tionem
1203 4521 1446 4592 mortuorum,
1470 4509 1588 4579 etalio
1604 4510 1787 4580 miracula.
1841 4505 1918 4598 lpsa
1934 4503 2040 4574 etiarn

1053 4609 1261 4702 magnitudo
1275 4608 1513 4680 calamitatum
1529 4605 1764 4680 humanarum
1779 4623 1812 4680 et
1828 4608 1893 4688 les,
1918 4617 2040 4676 osten-

1053 4711 1145 4783 dunt
1164 4733 1275 4802 genus
1296 4704 1491 4781 humanum
1514 4735 1587 4781 non
1606 4725 1743 4782 tanturn
1761 4711 1805 4780 ad
1824 4705 1929 4778 buius
1945 4705 2040 4775 vitae

48 4804 94 4892 qni
110 4805 170 4879 lide
190 4824 350 4882 utuntur.
401 4806 708 4900 Accedensigitur
722 4811 998 4881 consolationem
1051 4833 1239 4882 aenamnas
1260 4811 1442 4884 conditum
1467 4835 1558 4897 esse,
1591 4813 1673 4906 quia
1696 4825 1729 4882 et
1751 4810 1825 4879 lieri
1847 4807 2039 4903 aliquando

48 4923 176 4995 quaeras,
198 4925 231 4983 et
243 4913 364 4982 credas
377 4923 412 4982 te
424 4906 492 4981 boc
504 4911 652 5002 pignore
665 4911 880 4997 confirmari,
902 4914 997 5006 quod
1050 4911 1163 5004 legem
1191 4925 1347 5008 oportet,
1378 4929 1413 4989 et
1440 4914 1546 4984 finem
1575 4937 1648 4984 esse
1670 4911 1924 4994 calamitatum,
1956 4930 2038 4978 cum

49 5022 110 5074 aare
128 5010 169 5080 sis
189 5015 385 5084 membrum
410 5007 563 5098 Christi,
588 5026 625 5084 et
643 5014 740 5108 quod
764 5036 831 5104 pro
851 5028 886 5086 te
907 5038 998 5108 quo·
1050 5013 1110 5086 liet
1132 5015 1199 5090 lex.
1249 5013 1333 5085 Non
1354 5017 1448 5086 enim
1471 5016 1602 5088 frustra
1624 5015 1681 5086 lex
1698 5026 1732 5083 et
1749 5013 1853 5084 insita
1869 5022 1919 5083 est
1935 5031 2038 5079 men·

49 5121 100 5190 que
122 5105 273 5184 Christus
301 5111 435 5186 fuderit
464 5114 682 5202 sangninem.
745 5110 871 5187 Postea
899 5138 998 5186 acce-
1049 5115 1165 5204 tibus,
1189 5117 1384 5211 etrepetita
1401 5142 1487 5188 voce
1502 5115 1636 5188 divina.

49 5201 118 5276 dunt
134 5225 165 5281 et
183 5209 220 5282 bi
238 5238 341 5302 usus,
368 5215 464 5306 quod
486 5217 615 5285 sumtio
630 5228 682 5287 est
696 5216 936 5288 testimonium
952 5217 997 5288 de
1149 5215 1190 5292 t.
1222 5215 1325 5308 Quae
1345 5231 1380 5290 et
1398 5218 1513 5312 qualis
1527 5217 1573 5288 sit
1588 5213 1747 5288 Ecclesia
1762 5213 1829 5287 Dei
1846 5213 2038 5287 ostendunt

50 5308 232 5383 touicssione
259 5316 457 5396 doctrinae,
489 5315 644 5385 ostendit
671 5340 776 5411 quam
800 5313 992 5388 Ecclesiam
1046 5318 1152 5392 etiam
1174 5319 1257 5392 illae
1280 5321 1379 5415 ipsae
1399 5318 1660 5412 patefactiones.
1718 5317 1808 5389 Nam
1833 5317 1894 5385 ille
1917 5327 2037 5386 coetus

49 5405 164 5498 probes,
186 5417 314 5508 obligat
335 5417 439 5488 etiam
456 5439 578 5488 omnes
592 5418 638 5490 ad
655 5419 994 5492 mutuam'dilectio-
1045 5437 1096 5496 est
1111 5419 1286 5510 Ecclesia,
1308 5425 1347 5492 in
1368 5445 1440 5518 quo
1454 5417 1551 5494 Deus
1573 5447 1610 5496 se
1632 5419 1794 5516 patelecit
1812 5418 1851 5488 in
1868 5416 2039 5486 membris
