<?xml version="1.0" encoding="UTF-8"?>
<!DOCTYPE html PUBLIC "-//W3C//DTD XHTML 1.0 Transitional//EN"
    "http://www.w3.org/TR/xhtml1/DTD/xhtml1-transitional.dtd">
<html xmlns="http://www.w3.org/1999/xhtml" xml:lang="en" lang="en">
 <head>
  <title>
</title>
<meta http-equiv="Content-Type" content="text/html;charset=utf-8" />
  <meta name='ocr-system' content='tesseract 3.04.00' />
  <meta name='ocr-capabilities' content='ocr_page ocr_carea ocr_par ocr_line ocrx_word'/>
</head>
<body>
  <div class='ocr_page' id='page_1' title='image "./corpusreformato13melagoog_0467.png"; bbox 0 0 4706 5818; ppageno 0'>
   <div class='ocr_carea' id='block_1_1' title="bbox 251 289 2282 408">
    <p class='ocr_par' dir='ltr' id='par_1_1' title="bbox 251 289 2282 408">
     <span class='ocr_line' id='line_1_1' title="bbox 251 289 2282 408; baseline 0.001 -38"><span class='ocrx_word' id='word_1_1' title='bbox 251 293 326 373; x_wconf 70' lang='lat'>93⁷9</span> <span class='ocrx_word' id='word_1_2' title='bbox 457 305 460 311; x_wconf 69' lang='grc'>“</span> <span class='ocrx_word' id='word_1_3' title='bbox 494 293 704 375; x_wconf 81' lang='lat' dir='ltr'>SCRIPTA</span> <span class='ocrx_word' id='word_1_4' title='bbox 727 295 806 372; x_wconf 74' lang='lat' dir='ltr'>PH.</span> <span class='ocrx_word' id='word_1_5' title='bbox 830 293 949 375; x_wconf 82' lang='lat' dir='ltr'>MEL.</span> <span class='ocrx_word' id='word_1_6' title='bbox 972 293 1041 370; x_wconf 79' lang='lat' dir='ltr'>AD</span> <span class='ocrx_word' id='word_1_7' title='bbox 1066 295 1194 374; x_wconf 82' lang='lat' dir='ltr'>lllST.</span> <span class='ocrx_word' id='word_1_8' title='bbox 1220 291 1367 370; x_wconf 80' lang='lat' dir='ltr'>PROF.</span> <span class='ocrx_word' id='word_1_9' title='bbox 1393 289 1461 368; x_wconf 77' lang='lat' dir='ltr'>at·</span> <span class='ocrx_word' id='word_1_10' title='bbox 1486 289 1678 374; x_wconf 80' lang='lat' dir='ltr'>PHILOS.</span> <span class='ocrx_word' id='word_1_11' title='bbox 1703 295 2025 375; x_wconf 67' lang='lat' dir='ltr'>spectatam.</span> <span class='ocrx_word' id='word_1_12' title='bbox 2091 401 2096 408; x_wconf 17' lang='grc' dir='ltr'><em>Δ</em></span> <span class='ocrx_word' id='word_1_13' title='bbox 2201 301 2282 374; x_wconf 83' lang='lat' dir='ltr'>sto</span> 
     </span>
    </p>
   </div>
   <div class='ocr_carea' id='block_1_2' title="bbox 167 465 2293 3786">
    <p class='ocr_par' dir='ltr' id='par_1_2' title="bbox 167 465 2293 3786">
     <span class='ocr_line' id='line_1_2' title="bbox 365 465 2280 562; baseline 0.002 -23"><span class='ocrx_word' id='word_1_14' title='bbox 365 467 526 539; x_wconf 84' lang='lat' dir='ltr'>iuniores</span> <span class='ocrx_word' id='word_1_15' title='bbox 545 465 614 540; x_wconf 93' lang='lat' dir='ltr'>hoc</span> <span class='ocrx_word' id='word_1_16' title='bbox 627 469 748 540; x_wconf 83' lang='lat' dir='ltr'>studii</span> <span class='ocrx_word' id='word_1_17' title='bbox 770 483 805 538; x_wconf 90' lang='lat' dir='ltr'>et</span> <span class='ocrx_word' id='word_1_18' title='bbox 819 467 1027 558; x_wconf 69' lang='lat' dir='ltr'>diligentiae</span> <span class='ocrx_word' id='word_1_19' title='bbox 1042 469 1242 559; x_wconf 86' lang='lat' dir='ltr'>exemplum</span> <span class='ocrx_word' id='word_1_20' title='bbox 1293 465 1463 538; x_wconf 86' lang='lat' dir='ltr'>usitatum</span> <span class='ocrx_word' id='word_1_21' title='bbox 1484 479 1536 537; x_wconf 86' lang='lat' dir='ltr'>cst</span> <span class='ocrx_word' id='word_1_22' title='bbox 1556 489 1670 556; x_wconf 84' lang='lat' dir='ltr'>nova,</span> <span class='ocrx_word' id='word_1_23' title='bbox 1695 481 1729 538; x_wconf 91' lang='lat' dir='ltr'>et</span> <span class='ocrx_word' id='word_1_24' title='bbox 1745 471 1950 562; x_wconf 86' lang='lat' dir='ltr'>praesertim</span> <span class='ocrx_word' id='word_1_25' title='bbox 1965 471 2213 558; x_wconf 76' lang='lat' dir='ltr'>admirabilia,</span> <span class='ocrx_word' id='word_1_26' title='bbox 2238 485 2280 543; x_wconf 93' lang='lat' dir='ltr'>ut</span> 
     </span>
     <span class='ocr_line' id='line_1_3' title="bbox 175 563 2282 665; baseline 0 -24"><span class='ocrx_word' id='word_1_27' title='bbox 175 563 178 570; x_wconf 67' lang='grc'><em>’</em></span> <span class='ocrx_word' id='word_1_28' title='bbox 263 571 510 652; x_wconf 74' lang='lat' dir='ltr'>meminerint,</span> <span class='ocrx_word' id='word_1_29' title='bbox 535 575 630 665; x_wconf 92' lang='lat' dir='ltr'>qood</span> <span class='ocrx_word' id='word_1_30' title='bbox 648 571 805 660; x_wconf 88' lang='lat' dir='ltr'>linguam</span> <span class='ocrx_word' id='word_1_31' title='bbox 820 565 994 640; x_wconf 82' lang='lat' dir='ltr'>Ebraeam</span> <span class='ocrx_word' id='word_1_32' title='bbox 1013 571 1169 639; x_wconf 89' lang='lat' dir='ltr'>studiose</span> <span class='ocrx_word' id='word_1_33' title='bbox 1188 568 1244 637; x_wconf 87' lang='lat' dir='ltr'>di·</span> <span class='ocrx_word' id='word_1_34' title='bbox 1295 569 1335 636; x_wconf 93' lang='lat' dir='ltr'>in</span> <span class='ocrx_word' id='word_1_35' title='bbox 1358 568 1487 638; x_wconf 82' lang='lat' dir='ltr'>vestitu</span> <span class='ocrx_word' id='word_1_36' title='bbox 1510 567 1657 644; x_wconf 89' lang='lat' dir='ltr'>imitari.</span> <span class='ocrx_word' id='word_1_37' title='bbox 1706 567 1828 660; x_wconf 89' lang='lat' dir='ltr'>Quare</span> <span class='ocrx_word' id='word_1_38' title='bbox 1850 587 1945 644; x_wconf 86' lang='lat' dir='ltr'>aetas</span> <span class='ocrx_word' id='word_1_39' title='bbox 1969 574 2029 642; x_wconf 86' lang='lat' dir='ltr'>illa</span> <span class='ocrx_word' id='word_1_40' title='bbox 2046 571 2199 642; x_wconf 90' lang='lat' dir='ltr'>nimium</span> <span class='ocrx_word' id='word_1_41' title='bbox 2216 574 2282 642; x_wconf 90' lang='lat' dir='ltr'>de-</span> 
     </span>
     <span class='ocr_line' id='line_1_4' title="bbox 262 667 2281 766; baseline -0 -22"><span class='ocrx_word' id='word_1_42' title='bbox 262 674 369 757; x_wconf 91' lang='lat' dir='ltr'>dicit,</span> <span class='ocrx_word' id='word_1_43' title='bbox 404 685 438 742; x_wconf 91' lang='lat' dir='ltr'>et</span> <span class='ocrx_word' id='word_1_44' title='bbox 462 673 771 764; x_wconf 72' lang='lat' dir='ltr'>interpretationes</span> <span class='ocrx_word' id='word_1_45' title='bbox 798 669 961 742; x_wconf 90' lang='lat' dir='ltr'>contulit.</span> <span class='ocrx_word' id='word_1_46' title='bbox 1013 668 1117 761; x_wconf 88' lang='lat' dir='ltr'>Opus</span> <span class='ocrx_word' id='word_1_47' title='bbox 1137 669 1246 759; x_wconf 91' lang='lat' dir='ltr'>igitur</span> <span class='ocrx_word' id='word_1_48' title='bbox 1296 670 1420 738; x_wconf 82' lang='lat' dir='ltr'>lactata</span> <span class='ocrx_word' id='word_1_49' title='bbox 1435 681 1487 739; x_wconf 88' lang='lat' dir='ltr'>est</span> <span class='ocrx_word' id='word_1_50' title='bbox 1502 667 1698 760; x_wconf 84' lang='lat' dir='ltr'>allegoricis</span> <span class='ocrx_word' id='word_1_51' title='bbox 1721 673 1885 765; x_wconf 87' lang='lat' dir='ltr'>picturis,</span> <span class='ocrx_word' id='word_1_52' title='bbox 1909 688 1945 745; x_wconf 88' lang='lat' dir='ltr'>et</span> <span class='ocrx_word' id='word_1_53' title='bbox 1963 673 2082 745; x_wconf 91' lang='lat' dir='ltr'>amisit</span> <span class='ocrx_word' id='word_1_54' title='bbox 2098 673 2281 766; x_wconf 88' lang='lat' dir='ltr'>principa-</span> 
     </span>
     <span class='ocr_line' id='line_1_5' title="bbox 216 769 1595 866; baseline -0.007 -22"><span class='ocrx_word' id='word_1_55' title='bbox 216 799 219 804; x_wconf 54' lang='lat'>*</span> <span class='ocrx_word' id='word_1_56' title='bbox 263 773 463 856; x_wconf 83' lang='lat' dir='ltr'>contexuit,</span> <span class='ocrx_word' id='word_1_57' title='bbox 494 775 590 866; x_wconf 90' lang='lat' dir='ltr'>quod</span> <span class='ocrx_word' id='word_1_58' title='bbox 614 773 813 842; x_wconf 90' lang='lat' dir='ltr'>nominavit</span> <span class='ocrx_word' id='word_1_59' title='bbox 837 769 1010 856; x_wconf 74' lang='grc' dir='ltr'><em>ἑξαπλον,</em></span> <span class='ocrx_word' id='word_1_60' title='bbox 1033 771 1070 839; x_wconf 91' lang='lat' dir='ltr'>id</span> <span class='ocrx_word' id='word_1_61' title='bbox 1095 783 1164 857; x_wconf 89' lang='lat' dir='ltr'>est,</span> <span class='ocrx_word' id='word_1_62' title='bbox 1189 769 1246 840; x_wconf 90' lang='lat' dir='ltr'>di·</span> <span class='ocrx_word' id='word_1_63' title='bbox 1298 771 1368 838; x_wconf 91' lang='lat' dir='ltr'>lem</span> <span class='ocrx_word' id='word_1_64' title='bbox 1384 770 1595 840; x_wconf 84' lang='lat' dir='ltr'>doctrinam.</span> 
     </span>
     <span class='ocr_line' id='line_1_6' title="bbox 167 865 2283 968; baseline 0 -22"><span class='ocrx_word' id='word_1_65' title='bbox 167 939 171 946; x_wconf 94' lang='lat'>.</span> <span class='ocrx_word' id='word_1_66' title='bbox 265 876 433 946; x_wconf 90' lang='lat' dir='ltr'>stinctum</span> <span class='ocrx_word' id='word_1_67' title='bbox 450 874 488 942; x_wconf 91' lang='lat' dir='ltr'>in</span> <span class='ocrx_word' id='word_1_68' title='bbox 505 897 563 942; x_wconf 85' lang='lat' dir='ltr'>sex</span> <span class='ocrx_word' id='word_1_69' title='bbox 579 874 748 946; x_wconf 89' lang='lat' dir='ltr'>lectiones</span> <span class='ocrx_word' id='word_1_70' title='bbox 763 895 823 942; x_wconf 87' lang='lat' dir='ltr'>scu</span> <span class='ocrx_word' id='word_1_71' title='bbox 846 873 1041 940; x_wconf 88' lang='lat' dir='ltr'>columnas.</span> <span class='ocrx_word' id='word_1_72' title='bbox 1401 865 1484 940; x_wconf 91' lang='lat' dir='ltr'>ldeo</span> <span class='ocrx_word' id='word_1_73' title='bbox 1491 865 1715 962; x_wconf 81' lang='lat' dir='ltr'>Epiphanius</span> <span class='ocrx_word' id='word_1_74' title='bbox 1729 886 1765 944; x_wconf 91' lang='lat' dir='ltr'>et</span> <span class='ocrx_word' id='word_1_75' title='bbox 1778 876 1881 947; x_wconf 91' lang='lat' dir='ltr'>multi</span> <span class='ocrx_word' id='word_1_76' title='bbox 1895 875 1958 946; x_wconf 88' lang='lat' dir='ltr'>alii</span> <span class='ocrx_word' id='word_1_77' title='bbox 1972 871 2283 968; x_wconf 84' lang='lat' dir='ltr'>reprehenderunt</span> 
     </span>
     <span class='ocr_line' id='line_1_7' title="bbox 367 967 2282 1064; baseline 0 -18"><span class='ocrx_word' id='word_1_78' title='bbox 367 975 485 1046; x_wconf 86' lang='lat' dir='ltr'>Prima</span> <span class='ocrx_word' id='word_1_79' title='bbox 501 971 749 1057; x_wconf 81' lang='lat' dir='ltr'>erntEbraea,</span> <span class='ocrx_word' id='word_1_80' title='bbox 775 972 902 1062; x_wconf 87' lang='lat' dir='ltr'>scripta</span> <span class='ocrx_word' id='word_1_81' title='bbox 924 969 1068 1042; x_wconf 80' lang='lat' dir='ltr'>Ebraeis</span> <span class='ocrx_word' id='word_1_82' title='bbox 1095 973 1221 1042; x_wconf 90' lang='lat' dir='ltr'>literis.</span> <span class='ocrx_word' id='word_1_83' title='bbox 1299 969 1429 1060; x_wconf 88' lang='lat' dir='ltr'>scripta</span> <span class='ocrx_word' id='word_1_84' title='bbox 1454 967 1643 1062; x_wconf 90' lang='lat' dir='ltr'>Origcnis,</span> <span class='ocrx_word' id='word_1_85' title='bbox 1675 987 1710 1044; x_wconf 93' lang='lat' dir='ltr'>et</span> <span class='ocrx_word' id='word_1_86' title='bbox 1736 992 1972 1064; x_wconf 89' lang='lat' dir='ltr'>monuerunt,</span> <span class='ocrx_word' id='word_1_87' title='bbox 1998 1001 2071 1047; x_wconf 90' lang='lat' dir='ltr'>non</span> <span class='ocrx_word' id='word_1_88' title='bbox 2095 969 2282 1047; x_wconf 68' lang='lat' dir='ltr'>omnia&#39;in</span> 
     </span>
     <span class='ocr_line' id='line_1_8' title="bbox 365 1062 2283 1164; baseline 0 -19"><span class='ocrx_word' id='word_1_89' title='bbox 365 1062 529 1146; x_wconf 76' lang='lat' dir='ltr'>Secunda</span> <span class='ocrx_word' id='word_1_90' title='bbox 544 1071 700 1158; x_wconf 82' lang='lat' dir='ltr'>Ebreea,</span> <span class='ocrx_word' id='word_1_91' title='bbox 726 1073 854 1162; x_wconf 88' lang='lat' dir='ltr'>scripta</span> <span class='ocrx_word' id='word_1_92' title='bbox 870 1071 1017 1141; x_wconf 83' lang='lat' dir='ltr'>Graecia</span> <span class='ocrx_word' id='word_1_93' title='bbox 1032 1074 1153 1142; x_wconf 88' lang='lat' dir='ltr'>literis.</span> <span class='ocrx_word' id='word_1_94' title='bbox 1302 1070 1500 1162; x_wconf 83' lang='lat' dir='ltr'>Allegorias</span> <span class='ocrx_word' id='word_1_95' title='bbox 1518 1075 1802 1146; x_wconf 84' lang='lat' dir='ltr'>transformanda</span> <span class='ocrx_word' id='word_1_96' title='bbox 1825 1100 1918 1164; x_wconf 89' lang='lat' dir='ltr'>esse,</span> <span class='ocrx_word' id='word_1_97' title='bbox 1951 1080 2042 1151; x_wconf 91' lang='lat' dir='ltr'>sicut</span> <span class='ocrx_word' id='word_1_98' title='bbox 2061 1080 2201 1150; x_wconf 79' lang='lat' dir='ltr'>enidite</span> <span class='ocrx_word' id='word_1_99' title='bbox 2223 1078 2283 1146; x_wconf 93' lang='lat' dir='ltr'>in-</span> 
     </span>
     <span class='ocr_line' id='line_1_9' title="bbox 366 1168 2283 1270; baseline 0.001 -24"><span class='ocrx_word' id='word_1_100' title='bbox 366 1175 512 1258; x_wconf 83' lang='lat' dir='ltr'>Tertia,</span> <span class='ocrx_word' id='word_1_101' title='bbox 539 1172 675 1244; x_wconf 87' lang='lat' dir='ltr'>Graeca</span> <span class='ocrx_word' id='word_1_102' title='bbox 692 1174 936 1264; x_wconf 83' lang='lat' dir='ltr'>interpretatio</span> <span class='ocrx_word' id='word_1_103' title='bbox 954 1176 1173 1266; x_wconf 76' lang='lat' dir='ltr'>septuaginta</span> <span class='ocrx_word' id='word_1_104' title='bbox 1190 1174 1247 1242; x_wconf 91' lang='lat' dir='ltr'>in·</span> <span class='ocrx_word' id='word_1_105' title='bbox 1300 1172 1378 1264; x_wconf 89' lang='lat' dir='ltr'>quit</span> <span class='ocrx_word' id='word_1_106' title='bbox 1394 1168 1634 1264; x_wconf 85' lang='lat' dir='ltr'>Epiphanius:</span> <span class='ocrx_word' id='word_1_107' title='bbox 1658 1171 1707 1246; x_wconf 84' lang='lat' dir='ltr'>coi</span> <span class='ocrx_word' id='word_1_108' title='bbox 1728 1171 1874 1270; x_wconf 65' lang='grc' dir='ltr'><strong><em>ῥήματα</em></strong></span> <span class='ocrx_word' id='word_1_109' title='bbox 1897 1179 1991 1252; x_wconf 78' lang='grc' dir='ltr'><em>θεοῦ</em></span> <span class='ocrx_word' id='word_1_110' title='bbox 2014 1175 2060 1252; x_wconf 82' lang='grc' dir='ltr'>οὐ</span> <span class='ocrx_word' id='word_1_111' title='bbox 2075 1173 2201 1251; x_wconf 77' lang='grc' dir='ltr'><em>πάντα</em></span> <span class='ocrx_word' id='word_1_112' title='bbox 2216 1175 2283 1250; x_wconf 71' lang='grc' dir='ltr'>ἅλ-</span> 
     </span>
     <span class='ocr_line' id='line_1_10' title="bbox 265 1267 2282 1375; baseline -0 -25"><span class='ocrx_word' id='word_1_113' title='bbox 265 1291 475 1371; x_wconf 84' lang='lat' dir='ltr'>terpretnm.</span> <span class='ocrx_word' id='word_1_114' title='bbox 1300 1269 1474 1370; x_wconf 77' lang='lat' dir='ltr'>lqyopc&#39;ac</span> <span class='ocrx_word' id='word_1_115' title='bbox 1493 1267 1637 1364; x_wconf 78' lang='grc' dir='ltr'><strong><em>δεῖται,</em></strong></span> <span class='ocrx_word' id='word_1_116' title='bbox 1663 1271 1738 1346; x_wconf 78' lang='grc' dir='ltr'>ἀλλ’</span> <span class='ocrx_word' id='word_1_117' title='bbox 1761 1273 1812 1359; x_wconf 78' lang='lat' dir='ltr'>nic</span> <span class='ocrx_word' id='word_1_118' title='bbox 1828 1277 1900 1372; x_wconf 80' lang='grc' dir='ltr'><em>ἔχει</em></span> <span class='ocrx_word' id='word_1_119' title='bbox 1913 1275 2076 1375; x_wconf 78' lang='grc' dir='ltr'><strong><em>θεωρίας</em></strong></span> <span class='ocrx_word' id='word_1_120' title='bbox 2089 1275 2131 1352; x_wconf 81' lang='grc' dir='ltr'>δὲ</span> <span class='ocrx_word' id='word_1_121' title='bbox 2148 1277 2282 1364; x_wconf 77' lang='grc' dir='ltr'><strong><em>δεῖται,</em></strong></span> 
     </span>
     <span class='ocr_line' id='line_1_11' title="bbox 167 1350 2285 1476; baseline 0.002 -29"><span class='ocrx_word' id='word_1_122' title='bbox 167 1385 173 1392; x_wconf 85' lang='grc'><strong>“</strong></span> <span class='ocrx_word' id='word_1_123' title='bbox 370 1377 507 1467; x_wconf 89' lang='lat' dir='ltr'>Quarta</span> <span class='ocrx_word' id='word_1_124' title='bbox 523 1373 685 1468; x_wconf 89' lang='lat' dir='ltr'>Aquilae.</span> <span class='ocrx_word' id='word_1_125' title='bbox 1234 1409 1239 1418; x_wconf 32' lang='lat' dir='ltr'>x</span> <span class='ocrx_word' id='word_1_126' title='bbox 1274 1350 1363 1444; x_wconf 74' lang='lat' dir='ltr'>leat</span> <span class='ocrx_word' id='word_1_127' title='bbox 1376 1367 1604 1466; x_wconf 76' lang='grc' dir='ltr'><strong><em>αῑσήσθεως,</em></strong></span> <span class='ocrx_word' id='word_1_128' title='bbox 1628 1375 1678 1456; x_wconf 74' lang='grc' dir='ltr'>εἰς</span> <span class='ocrx_word' id='word_1_129' title='bbox 1691 1371 1734 1448; x_wconf 84' lang='grc' dir='ltr'>τὸ</span> <span class='ocrx_word' id='word_1_130' title='bbox 1749 1375 1885 1452; x_wconf 76' lang='grc' dir='ltr'>εἰδέναι</span> <span class='ocrx_word' id='word_1_131' title='bbox 1898 1376 2053 1476; x_wconf 80' lang='grc' dir='ltr'><em>ἑκάστης</em></span> <span class='ocrx_word' id='word_1_132' title='bbox 2066 1377 2285 1460; x_wconf 68' lang='lat' dir='ltr'>ainods‘aswc</span> 
     </span>
     <span class='ocr_line' id='line_1_12' title="bbox 370 1468 2285 1576; baseline 0.001 -30"><span class='ocrx_word' id='word_1_133' title='bbox 370 1477 505 1567; x_wconf 89' lang='lat' dir='ltr'>Quinta</span> <span class='ocrx_word' id='word_1_134' title='bbox 521 1473 737 1569; x_wconf 83' lang='lat' dir='ltr'>Symmachi.</span> <span class='ocrx_word' id='word_1_135' title='bbox 833 1528 836 1536; x_wconf 87' lang='lat'>.</span> <span class='ocrx_word' id='word_1_136' title='bbox 864 1524 867 1530; x_wconf 83' lang='lat'>·</span> <span class='ocrx_word' id='word_1_137' title='bbox 1302 1469 1372 1566; x_wconf 85' lang='grc' dir='ltr'>τὴν</span> <span class='ocrx_word' id='word_1_138' title='bbox 1387 1468 1554 1566; x_wconf 75' lang='grc' dir='ltr'><strong><em>δύναμιν</em></strong></span> <span class='ocrx_word' id='word_1_139' title='bbox 1560 1527 1573 1560; x_wconf 87' lang='grc'><strong><em>,</em></strong></span> <span class='ocrx_word' id='word_1_140' title='bbox 1602 1471 1669 1547; x_wconf 93' lang='lat' dir='ltr'>hoc</span> <span class='ocrx_word' id='word_1_141' title='bbox 1686 1493 1754 1548; x_wconf 87' lang='lat' dir='ltr'>est:</span> <span class='ocrx_word' id='word_1_142' title='bbox 1782 1479 1900 1552; x_wconf 85' lang='lat' dir='ltr'>Verba</span> <span class='ocrx_word' id='word_1_143' title='bbox 1909 1481 1973 1554; x_wconf 90' lang='lat' dir='ltr'>Dei</span> <span class='ocrx_word' id='word_1_144' title='bbox 1992 1485 2210 1576; x_wconf 29' lang='lat' dir='ltr'>nonssomnia</span> <span class='ocrx_word' id='word_1_145' title='bbox 2229 1483 2285 1548; x_wconf 92' lang='lat' dir='ltr'>in·</span> 
     </span>
     <span class='ocr_line' id='line_1_13' title="bbox 370 1573 2285 1672; baseline 0 -20"><span class='ocrx_word' id='word_1_146' title='bbox 370 1579 475 1652; x_wconf 84' lang='lat' dir='ltr'>Sexta</span> <span class='ocrx_word' id='word_1_147' title='bbox 503 1573 774 1648; x_wconf 88' lang='lat' dir='ltr'>Theodotionis.</span> <span class='ocrx_word' id='word_1_148' title='bbox 1302 1575 1423 1664; x_wconf 90' lang='lat' dir='ltr'>digent</span> <span class='ocrx_word' id='word_1_149' title='bbox 1446 1575 1642 1666; x_wconf 89' lang='lat' dir='ltr'>allegoriis,</span> <span class='ocrx_word' id='word_1_150' title='bbox 1667 1583 1728 1648; x_wconf 90' lang='lat' dir='ltr'>sed</span> <span class='ocrx_word' id='word_1_151' title='bbox 1749 1581 1841 1652; x_wconf 87' lang='lat' dir='ltr'>sicut</span> <span class='ocrx_word' id='word_1_152' title='bbox 1857 1607 1894 1653; x_wconf 90' lang='lat' dir='ltr'>se</span> <span class='ocrx_word' id='word_1_153' title='bbox 1916 1579 2062 1654; x_wconf 87' lang='lat' dir='ltr'>habent.</span> <span class='ocrx_word' id='word_1_154' title='bbox 2115 1581 2285 1672; x_wconf 89' lang='lat' dir='ltr'>lndigent</span> 
     </span>
     <span class='ocr_line' id='line_1_14' title="bbox 372 1677 2286 1768; baseline 0.001 -18"><span class='ocrx_word' id='word_1_155' title='bbox 372 1679 451 1750; x_wconf 85' lang='lat' dir='ltr'>Hoc</span> <span class='ocrx_word' id='word_1_156' title='bbox 475 1681 581 1748; x_wconf 88' lang='lat' dir='ltr'>modo</span> <span class='ocrx_word' id='word_1_157' title='bbox 606 1680 719 1748; x_wconf 88' lang='lat' dir='ltr'>voluit</span> <span class='ocrx_word' id='word_1_158' title='bbox 744 1693 780 1747; x_wconf 90' lang='lat' dir='ltr'>et</span> <span class='ocrx_word' id='word_1_159' title='bbox 797 1679 954 1767; x_wconf 82' lang='lat' dir='ltr'>linguam</span> <span class='ocrx_word' id='word_1_160' title='bbox 970 1677 1146 1752; x_wconf 88' lang='lat' dir='ltr'>Ebraeam</span> <span class='ocrx_word' id='word_1_161' title='bbox 1162 1703 1248 1750; x_wconf 91' lang='lat' dir='ltr'>con·</span> <span class='ocrx_word' id='word_1_162' title='bbox 1302 1691 1418 1744; x_wconf 88' lang='lat' dir='ltr'>antem</span> <span class='ocrx_word' id='word_1_163' title='bbox 1433 1679 1672 1768; x_wconf 81' lang='lat' dir='ltr'>speculatione</span> <span class='ocrx_word' id='word_1_164' title='bbox 1696 1694 1730 1751; x_wconf 92' lang='lat' dir='ltr'>et</span> <span class='ocrx_word' id='word_1_165' title='bbox 1753 1705 1878 1765; x_wconf 87' lang='lat' dir='ltr'>sensu,</span> <span class='ocrx_word' id='word_1_166' title='bbox 1903 1687 1947 1754; x_wconf 88' lang='lat' dir='ltr'>ed</span> <span class='ocrx_word' id='word_1_167' title='bbox 1968 1683 2146 1753; x_wconf 90' lang='lat' dir='ltr'>sciendam</span> <span class='ocrx_word' id='word_1_168' title='bbox 2164 1684 2286 1754; x_wconf 90' lang='lat' dir='ltr'>cuius-</span> 
     </span>
     <span class='ocr_line' id='line_1_15' title="bbox 272 1777 2286 1871; baseline 0.001 -18"><span class='ocrx_word' id='word_1_169' title='bbox 272 1805 428 1853; x_wconf 88' lang='lat' dir='ltr'>servare:</span> <span class='ocrx_word' id='word_1_170' title='bbox 470 1793 502 1848; x_wconf 94' lang='lat' dir='ltr'>et</span> <span class='ocrx_word' id='word_1_171' title='bbox 525 1779 756 1849; x_wconf 87' lang='lat' dir='ltr'>consideratis</span> <span class='ocrx_word' id='word_1_172' title='bbox 785 1779 1136 1871; x_wconf 83' lang='lat' dir='ltr'>interpretationibus</span> <span class='ocrx_word' id='word_1_173' title='bbox 1168 1780 1248 1868; x_wconf 91' lang='lat' dir='ltr'>eligi</span> <span class='ocrx_word' id='word_1_174' title='bbox 1303 1777 1392 1846; x_wconf 89' lang='lat' dir='ltr'>libet</span> <span class='ocrx_word' id='word_1_175' title='bbox 1415 1779 1466 1845; x_wconf 87' lang='lat' dir='ltr'>rei</span> <span class='ocrx_word' id='word_1_176' title='bbox 1488 1779 1738 1851; x_wconf 86' lang='lat' dir='ltr'>substantiam:</span> <span class='ocrx_word' id='word_1_177' title='bbox 1776 1808 1858 1852; x_wconf 88' lang='lat' dir='ltr'>nam</span> <span class='ocrx_word' id='word_1_178' title='bbox 1882 1785 1920 1854; x_wconf 90' lang='lat' dir='ltr'>in</span> <span class='ocrx_word' id='word_1_179' title='bbox 1943 1785 2101 1856; x_wconf 86' lang='lat' dir='ltr'>articulis</span> <span class='ocrx_word' id='word_1_180' title='bbox 2116 1784 2220 1865; x_wconf 85' lang='lat' dir='ltr'>fidei,</span> <span class='ocrx_word' id='word_1_181' title='bbox 2248 1784 2286 1851; x_wconf 91' lang='lat' dir='ltr'>in</span> 
     </span>
     <span class='ocr_line' id='line_1_16' title="bbox 271 1853 2288 1976; baseline 0 -24"><span class='ocrx_word' id='word_1_182' title='bbox 271 1883 421 1952; x_wconf 83' lang='lat' dir='ltr'>maxime</span> <span class='ocrx_word' id='word_1_183' title='bbox 448 1880 644 1972; x_wconf 88' lang='lat' dir='ltr'>propriam:</span> <span class='ocrx_word' id='word_1_184' title='bbox 671 1878 720 1950; x_wconf 88' lang='grc' dir='ltr'>Ηί</span> <span class='ocrx_word' id='word_1_185' title='bbox 740 1879 881 1949; x_wconf 91' lang='lat' dir='ltr'>libriin</span> <span class='ocrx_word' id='word_1_186' title='bbox 909 1877 1108 1953; x_wconf 90' lang='lat' dir='ltr'>lerichunte</span> <span class='ocrx_word' id='word_1_187' title='bbox 1130 1884 1250 1950; x_wconf 89' lang='lat' dir='ltr'>adser-</span> <span class='ocrx_word' id='word_1_188' title='bbox 1276 1853 1279 1902; x_wconf 72' lang='lat'>¹</span> <span class='ocrx_word' id='word_1_189' title='bbox 1304 1878 1381 1967; x_wconf 85' lang='lat' dir='ltr'>lege</span> <span class='ocrx_word' id='word_1_190' title='bbox 1404 1877 1550 1963; x_wconf 92' lang='lat' dir='ltr'>morali,</span> <span class='ocrx_word' id='word_1_191' title='bbox 1585 1895 1620 1952; x_wconf 91' lang='lat' dir='ltr'>et</span> <span class='ocrx_word' id='word_1_192' title='bbox 1643 1883 1680 1951; x_wconf 91' lang='lat' dir='ltr'>in</span> <span class='ocrx_word' id='word_1_193' title='bbox 1703 1884 1937 1976; x_wconf 86' lang='lat' dir='ltr'>promissione</span> <span class='ocrx_word' id='word_1_194' title='bbox 1963 1885 2114 1976; x_wconf 90' lang='lat' dir='ltr'>gratiae,</span> <span class='ocrx_word' id='word_1_195' title='bbox 2144 1907 2288 1956; x_wconf 89' lang='lat' dir='ltr'>necesse</span> 
     </span>
     <span class='ocr_line' id='line_1_17' title="bbox 271 1975 2287 2078; baseline 0.001 -28"><span class='ocrx_word' id='word_1_196' title='bbox 271 1984 343 2053; x_wconf 88' lang='lat' dir='ltr'>vati</span> <span class='ocrx_word' id='word_1_197' title='bbox 359 1995 455 2064; x_wconf 90' lang='lat' dir='ltr'>sunt,</span> <span class='ocrx_word' id='word_1_198' title='bbox 480 2006 634 2074; x_wconf 90' lang='lat' dir='ltr'>quornm</span> <span class='ocrx_word' id='word_1_199' title='bbox 651 1982 783 2050; x_wconf 90' lang='lat' dir='ltr'>similes</span> <span class='ocrx_word' id='word_1_200' title='bbox 799 1975 915 2050; x_wconf 88' lang='lat' dir='ltr'>adhuc</span> <span class='ocrx_word' id='word_1_201' title='bbox 932 1981 1144 2077; x_wconf 84' lang='lat' dir='ltr'>Hieronymi</span> <span class='ocrx_word' id='word_1_202' title='bbox 1162 1999 1252 2051; x_wconf 90' lang='lat' dir='ltr'>tem·</span> <span class='ocrx_word' id='word_1_203' title='bbox 1303 1994 1352 2047; x_wconf 91' lang='lat' dir='ltr'>est</span> <span class='ocrx_word' id='word_1_204' title='bbox 1370 1978 1515 2048; x_wconf 89' lang='lat' dir='ltr'>retineri</span> <span class='ocrx_word' id='word_1_205' title='bbox 1530 1982 1685 2052; x_wconf 84' lang='lat' dir='ltr'>nativam</span> <span class='ocrx_word' id='word_1_206' title='bbox 1701 1987 1890 2056; x_wconf 89' lang='lat' dir='ltr'>verborum</span> <span class='ocrx_word' id='word_1_207' title='bbox 1909 1985 2215 2078; x_wconf 86' lang='lat' dir='ltr'>significationem.</span> <span class='ocrx_word' id='word_1_208' title='bbox 2244 1981 2287 2053; x_wconf 91' lang='lat' dir='ltr'>ln</span> 
     </span>
     <span class='ocr_line' id='line_1_18' title="bbox 272 2079 2289 2178; baseline 0 -25"><span class='ocrx_word' id='word_1_209' title='bbox 272 2107 357 2175; x_wconf 92' lang='lat' dir='ltr'>pore</span> <span class='ocrx_word' id='word_1_210' title='bbox 381 2082 536 2174; x_wconf 90' lang='lat' dir='ltr'>reliquos</span> <span class='ocrx_word' id='word_1_211' title='bbox 557 2083 665 2152; x_wconf 87' lang='lat' dir='ltr'>fnisse</span> <span class='ocrx_word' id='word_1_212' title='bbox 687 2097 852 2174; x_wconf 87' lang='lat' dir='ltr'>apparet,</span> <span class='ocrx_word' id='word_1_213' title='bbox 891 2083 971 2175; x_wconf 88' lang='lat' dir='ltr'>quia</span> <span class='ocrx_word' id='word_1_214' title='bbox 997 2108 1100 2173; x_wconf 90' lang='lat' dir='ltr'>saepe</span> <span class='ocrx_word' id='word_1_215' title='bbox 1130 2084 1252 2153; x_wconf 89' lang='lat' dir='ltr'>recitat</span> <span class='ocrx_word' id='word_1_216' title='bbox 1303 2079 1383 2148; x_wconf 89' lang='lat' dir='ltr'>aliis</span> <span class='ocrx_word' id='word_1_217' title='bbox 1400 2081 1577 2165; x_wconf 91' lang='lat' dir='ltr'>materiis,</span> <span class='ocrx_word' id='word_1_218' title='bbox 1600 2094 1638 2152; x_wconf 91' lang='lat' dir='ltr'>nt</span> <span class='ocrx_word' id='word_1_219' title='bbox 1655 2085 1692 2153; x_wconf 92' lang='lat' dir='ltr'>in</span> <span class='ocrx_word' id='word_1_220' title='bbox 1709 2085 1857 2172; x_wconf 89' lang='lat' dir='ltr'>ritibus,</span> <span class='ocrx_word' id='word_1_221' title='bbox 1883 2091 2042 2178; x_wconf 89' lang='lat' dir='ltr'>picturae</span> <span class='ocrx_word' id='word_1_222' title='bbox 2065 2101 2167 2170; x_wconf 91' lang='lat' dir='ltr'>sunt,</span> <span class='ocrx_word' id='word_1_223' title='bbox 2195 2107 2289 2178; x_wconf 88' lang='lat' dir='ltr'>quae</span> 
     </span>
     <span class='ocr_line' id='line_1_19' title="bbox 272 2179 2288 2278; baseline -0.001 -23"><span class='ocrx_word' id='word_1_224' title='bbox 272 2187 416 2255; x_wconf 89' lang='lat' dir='ltr'>illorum</span> <span class='ocrx_word' id='word_1_225' title='bbox 434 2184 666 2272; x_wconf 89' lang='lat' dir='ltr'>interpretum</span> <span class='ocrx_word' id='word_1_226' title='bbox 685 2185 803 2253; x_wconf 91' lang='lat' dir='ltr'>verba.</span> <span class='ocrx_word' id='word_1_227' title='bbox 856 2183 962 2252; x_wconf 88' lang='lat' dir='ltr'>Tales</span> <span class='ocrx_word' id='word_1_228' title='bbox 984 2184 1251 2254; x_wconf 88' lang='lat' dir='ltr'>librinonsine</span> <span class='ocrx_word' id='word_1_229' title='bbox 1303 2179 1402 2248; x_wconf 88' lang='lat' dir='ltr'>aliud</span> <span class='ocrx_word' id='word_1_230' title='bbox 1419 2180 1626 2269; x_wconf 83' lang='lat' dir='ltr'>significant.</span> <span class='ocrx_word' id='word_1_231' title='bbox 1679 2181 1727 2254; x_wconf 86' lang='lat' dir='ltr'>Et</span> <span class='ocrx_word' id='word_1_232' title='bbox 1742 2201 1860 2257; x_wconf 89' lang='lat' dir='ltr'>tamen</span> <span class='ocrx_word' id='word_1_233' title='bbox 1875 2187 2008 2258; x_wconf 89' lang='lat' dir='ltr'>iudicio</span> <span class='ocrx_word' id='word_1_234' title='bbox 2022 2211 2112 2278; x_wconf 90' lang='lat' dir='ltr'>opus</span> <span class='ocrx_word' id='word_1_235' title='bbox 2126 2201 2196 2270; x_wconf 86' lang='lat' dir='ltr'>est,</span> <span class='ocrx_word' id='word_1_236' title='bbox 2223 2185 2288 2254; x_wconf 87' lang='lat' dir='ltr'>ubi</span> 
     </span>
     <span class='ocr_line' id='line_1_20' title="bbox 272 2281 2054 2378; baseline 0.002 -24"><span class='ocrx_word' id='word_1_237' title='bbox 272 2310 401 2374; x_wconf 89' lang='lat' dir='ltr'>magno</span> <span class='ocrx_word' id='word_1_238' title='bbox 416 2297 575 2374; x_wconf 89' lang='lat' dir='ltr'>sumptu,</span> <span class='ocrx_word' id='word_1_239' title='bbox 600 2296 634 2353; x_wconf 91' lang='lat' dir='ltr'>et</span> <span class='ocrx_word' id='word_1_240' title='bbox 652 2285 846 2355; x_wconf 89' lang='lat' dir='ltr'>multorum</span> <span class='ocrx_word' id='word_1_241' title='bbox 863 2284 999 2354; x_wconf 88' lang='lat' dir='ltr'>collatis</span> <span class='ocrx_word' id='word_1_242' title='bbox 1015 2288 1132 2376; x_wconf 90' lang='lat' dir='ltr'>operis</span> <span class='ocrx_word' id='word_1_243' title='bbox 1147 2287 1250 2353; x_wconf 88' lang='lat' dir='ltr'>ador·</span> <span class='ocrx_word' id='word_1_244' title='bbox 1303 2281 1408 2352; x_wconf 85' lang='lat' dir='ltr'>ctiam</span> <span class='ocrx_word' id='word_1_245' title='bbox 1425 2282 1615 2352; x_wconf 88' lang='lat' dir='ltr'>verborum</span> <span class='ocrx_word' id='word_1_246' title='bbox 1630 2287 1826 2378; x_wconf 88' lang='lat' dir='ltr'>proprietas</span> <span class='ocrx_word' id='word_1_247' title='bbox 1846 2290 2054 2361; x_wconf 84' lang='lat' dir='ltr'>retineatur.</span> 
     </span>
     <span class='ocr_line' id='line_1_21' title="bbox 273 2379 2290 2486; baseline -0 -32"><span class='ocrx_word' id='word_1_248' title='bbox 273 2385 572 2476; x_wconf 88' lang='lat' dir='ltr'>naripotuerunt.</span> <span class='ocrx_word' id='word_1_249' title='bbox 626 2383 747 2473; x_wconf 85' lang='lat' dir='ltr'>Quare</span> <span class='ocrx_word' id='word_1_250' title='bbox 769 2386 853 2452; x_wconf 92' lang='lat' dir='ltr'>inde</span> <span class='ocrx_word' id='word_1_251' title='bbox 867 2384 963 2456; x_wconf 90' lang='lat' dir='ltr'>illins</span> <span class='ocrx_word' id='word_1_252' title='bbox 980 2389 1148 2480; x_wconf 91' lang='lat' dir='ltr'>temporis</span> <span class='ocrx_word' id='word_1_253' title='bbox 1162 2386 1249 2454; x_wconf 88' lang='lat' dir='ltr'>libe·</span> <span class='ocrx_word' id='word_1_254' title='bbox 1407 2379 1471 2451; x_wconf 83' lang='lat' dir='ltr'>Ait</span> <span class='ocrx_word' id='word_1_255' title='bbox 1500 2398 1617 2452; x_wconf 90' lang='lat' dir='ltr'>autem</span> <span class='ocrx_word' id='word_1_256' title='bbox 1639 2383 1883 2478; x_wconf 86' lang='lat' dir='ltr'>Epiphanius,</span> <span class='ocrx_word' id='word_1_257' title='bbox 1920 2383 2168 2486; x_wconf 79' lang='lat' dir='ltr'>speculatione</span> <span class='ocrx_word' id='word_1_258' title='bbox 2197 2408 2290 2474; x_wconf 90' lang='lat' dir='ltr'>opus</span> 
     </span>
     <span class='ocr_line' id='line_1_22' title="bbox 276 2483 2291 2573; baseline -0.002 -17"><span class='ocrx_word' id='word_1_259' title='bbox 276 2489 394 2557; x_wconf 78' lang='lat' dir='ltr'>salitas</span> <span class='ocrx_word' id='word_1_260' title='bbox 410 2486 446 2552; x_wconf 92' lang='lat' dir='ltr'>in</span> <span class='ocrx_word' id='word_1_261' title='bbox 462 2485 627 2554; x_wconf 88' lang='lat' dir='ltr'>iuvandis</span> <span class='ocrx_word' id='word_1_262' title='bbox 642 2487 768 2556; x_wconf 90' lang='lat' dir='ltr'>studiis</span> <span class='ocrx_word' id='word_1_263' title='bbox 782 2483 995 2560; x_wconf 88' lang='lat' dir='ltr'>aestimetur.</span> <span class='ocrx_word' id='word_1_264' title='bbox 1306 2505 1398 2568; x_wconf 85' lang='lat' dir='ltr'>csse,</span> <span class='ocrx_word' id='word_1_265' title='bbox 1432 2483 1469 2551; x_wconf 88' lang='lat' dir='ltr'>id</span> <span class='ocrx_word' id='word_1_266' title='bbox 1484 2495 1552 2568; x_wconf 89' lang='lat' dir='ltr'>est,</span> <span class='ocrx_word' id='word_1_267' title='bbox 1579 2483 1820 2558; x_wconf 67' lang='lat' dir='ltr'>Grammaticis</span> <span class='ocrx_word' id='word_1_268' title='bbox 1833 2502 1868 2560; x_wconf 92' lang='lat' dir='ltr'>et</span> <span class='ocrx_word' id='word_1_269' title='bbox 1882 2485 2092 2573; x_wconf 89' lang='lat' dir='ltr'>Dialectica,</span> <span class='ocrx_word' id='word_1_270' title='bbox 2122 2485 2291 2555; x_wconf 90' lang='lat' dir='ltr'>videlicet</span> 
     </span>
     <span class='ocr_line' id='line_1_23' title="bbox 375 2579 2290 2680; baseline 0 -28"><span class='ocrx_word' id='word_1_271' title='bbox 375 2583 430 2653; x_wconf 91' lang='lat' dir='ltr'>De</span> <span class='ocrx_word' id='word_1_272' title='bbox 444 2579 629 2654; x_wconf 80' lang='lat' dir='ltr'>Doctrina</span> <span class='ocrx_word' id='word_1_273' title='bbox 646 2581 818 2676; x_wconf 89' lang='lat' dir='ltr'>Origenis</span> <span class='ocrx_word' id='word_1_274' title='bbox 832 2587 917 2654; x_wconf 89' lang='lat' dir='ltr'>olim</span> <span class='ocrx_word' id='word_1_275' title='bbox 941 2611 1085 2680; x_wconf 90' lang='lat' dir='ltr'>quoque</span> <span class='ocrx_word' id='word_1_276' title='bbox 1106 2611 1251 2677; x_wconf 85' lang='lat' dir='ltr'>magnae</span> <span class='ocrx_word' id='word_1_277' title='bbox 1306 2583 1589 2655; x_wconf 87' lang='lat' dir='ltr'>consideratione</span> <span class='ocrx_word' id='word_1_278' title='bbox 1604 2583 1761 2679; x_wconf 79' lang='lat' dir='ltr'>phrasis,</span> <span class='ocrx_word' id='word_1_279' title='bbox 1785 2589 1976 2662; x_wconf 87' lang='lat' dir='ltr'>collatione</span> <span class='ocrx_word' id='word_1_280' title='bbox 1994 2590 2173 2672; x_wconf 91' lang='lat' dir='ltr'>locorum,</span> <span class='ocrx_word' id='word_1_281' title='bbox 2201 2587 2290 2655; x_wconf 86' lang='lat' dir='ltr'>deli-</span> 
     </span>
     <span class='ocr_line' id='line_1_24' title="bbox 274 2684 2291 2786; baseline -0 -29"><span class='ocrx_word' id='word_1_282' title='bbox 274 2687 519 2758; x_wconf 88' lang='lat' dir='ltr'>contentioues</span> <span class='ocrx_word' id='word_1_283' title='bbox 534 2685 689 2786; x_wconf 74' lang='lat' dir='ltr'>tqeront.</span> <span class='ocrx_word' id='word_1_284' title='bbox 738 2685 808 2757; x_wconf 91' lang='lat' dir='ltr'>Sed</span> <span class='ocrx_word' id='word_1_285' title='bbox 826 2711 899 2755; x_wconf 94' lang='lat' dir='ltr'>non</span> <span class='ocrx_word' id='word_1_286' title='bbox 915 2687 1025 2758; x_wconf 89' lang='lat' dir='ltr'>multa</span> <span class='ocrx_word' id='word_1_287' title='bbox 1043 2687 1152 2778; x_wconf 91' lang='lat' dir='ltr'>ipsius</span> <span class='ocrx_word' id='word_1_288' title='bbox 1166 2687 1250 2757; x_wconf 89' lang='lat' dir='ltr'>scri·</span> <span class='ocrx_word' id='word_1_289' title='bbox 1306 2684 1525 2771; x_wconf 89' lang='lat' dir='ltr'>nitionibus,</span> <span class='ocrx_word' id='word_1_290' title='bbox 1554 2687 1844 2760; x_wconf 90' lang='lat' dir='ltr'>distinctionibus</span> <span class='ocrx_word' id='word_1_291' title='bbox 1866 2708 1899 2761; x_wconf 89' lang='lat' dir='ltr'>ct</span> <span class='ocrx_word' id='word_1_292' title='bbox 1924 2693 2014 2763; x_wconf 89' lang='lat' dir='ltr'>iusta</span> <span class='ocrx_word' id='word_1_293' title='bbox 2033 2687 2291 2782; x_wconf 84' lang='lat' dir='ltr'>consequentia</span> 
     </span>
     <span class='ocr_line' id='line_1_25' title="bbox 207 2776 1588 2880; baseline 0.002 -21"><span class='ocrx_word' id='word_1_294' title='bbox 207 2793 220 2814; x_wconf 60' lang='lat'>⁸</span> <span class='ocrx_word' id='word_1_295' title='bbox 275 2805 333 2880; x_wconf 89' lang='lat' dir='ltr'>pta</span> <span class='ocrx_word' id='word_1_296' title='bbox 350 2789 392 2857; x_wconf 90' lang='lat' dir='ltr'>ad</span> <span class='ocrx_word' id='word_1_297' title='bbox 412 2809 477 2855; x_wconf 89' lang='lat' dir='ltr'>nos</span> <span class='ocrx_word' id='word_1_298' title='bbox 486 2776 740 2876; x_wconf 78' lang='lat' dir='ltr'>pervenerunt:</span> <span class='ocrx_word' id='word_1_299' title='bbox 758 2788 859 2878; x_wconf 85' lang='lat' dir='ltr'>Quae</span> <span class='ocrx_word' id='word_1_300' title='bbox 873 2787 1082 2860; x_wconf 86' lang='lat' dir='ltr'>inLatioam</span> <span class='ocrx_word' id='word_1_301' title='bbox 1095 2790 1251 2880; x_wconf 88' lang='lat' dir='ltr'>linguam</span> <span class='ocrx_word' id='word_1_302' title='bbox 1306 2787 1345 2854; x_wconf 91' lang='lat' dir='ltr'>in</span> <span class='ocrx_word' id='word_1_303' title='bbox 1360 2787 1588 2876; x_wconf 83' lang='lat' dir='ltr'>argumentis.</span> 
     </span>
     <span class='ocr_line' id='line_1_26' title="bbox 275 2889 2290 2984; baseline -0 -26"><span class='ocrx_word' id='word_1_304' title='bbox 275 2912 444 2958; x_wconf 89' lang='lat' dir='ltr'>conversa</span> <span class='ocrx_word' id='word_1_305' title='bbox 468 2901 569 2972; x_wconf 87' lang='lat' dir='ltr'>sunt,</span> <span class='ocrx_word' id='word_1_306' title='bbox 594 2901 740 2980; x_wconf 89' lang='lat' dir='ltr'>apparet</span> <span class='ocrx_word' id='word_1_307' title='bbox 761 2892 887 2959; x_wconf 88' lang='lat' dir='ltr'>mutila</span> <span class='ocrx_word' id='word_1_308' title='bbox 908 2913 998 2975; x_wconf 90' lang='lat' dir='ltr'>esse,</span> <span class='ocrx_word' id='word_1_309' title='bbox 1024 2904 1059 2961; x_wconf 86' lang='lat' dir='ltr'>ct</span> <span class='ocrx_word' id='word_1_310' title='bbox 1074 2915 1146 2958; x_wconf 77' lang='lat' dir='ltr'>raon</span> <span class='ocrx_word' id='word_1_311' title='bbox 1161 2903 1252 2960; x_wconf 85' lang='lat' dir='ltr'>recte</span> <span class='ocrx_word' id='word_1_312' title='bbox 1409 2889 1473 2958; x_wconf 90' lang='lat' dir='ltr'>Ait</span> <span class='ocrx_word' id='word_1_313' title='bbox 1495 2902 1531 2957; x_wconf 91' lang='lat' dir='ltr'>et</span> <span class='ocrx_word' id='word_1_314' title='bbox 1549 2911 1657 2958; x_wconf 83' lang='lat' dir='ltr'>sensa</span> <span class='ocrx_word' id='word_1_315' title='bbox 1683 2916 1770 2984; x_wconf 92' lang='lat' dir='ltr'>opus</span> <span class='ocrx_word' id='word_1_316' title='bbox 1794 2915 1885 2980; x_wconf 88' lang='lat' dir='ltr'>esse,</span> <span class='ocrx_word' id='word_1_317' title='bbox 1910 2895 1945 2964; x_wconf 94' lang='lat' dir='ltr'>id</span> <span class='ocrx_word' id='word_1_318' title='bbox 1971 2905 2039 2980; x_wconf 87' lang='lat' dir='ltr'>cst,</span> <span class='ocrx_word' id='word_1_319' title='bbox 2072 2891 2290 2983; x_wconf 85' lang='lat' dir='ltr'>experientia</span> 
     </span>
     <span class='ocr_line' id='line_1_27' title="bbox 197 2985 2292 3086; baseline 0.001 -26"><span class='ocrx_word' id='word_1_320' title='bbox 197 3017 202 3034; x_wconf 80' lang='lat'><strong>·</strong></span> <span class='ocrx_word' id='word_1_321' title='bbox 275 3006 434 3061; x_wconf 86' lang='lat' dir='ltr'>consuta.</span> <span class='ocrx_word' id='word_1_322' title='bbox 504 2985 623 3060; x_wconf 85' lang='lat' dir='ltr'>Potest</span> <span class='ocrx_word' id='word_1_323' title='bbox 656 2992 760 3059; x_wconf 88' lang='lat' dir='ltr'>etiam</span> <span class='ocrx_word' id='word_1_324' title='bbox 794 2991 887 3075; x_wconf 89' lang='lat' dir='ltr'>lieri,</span> <span class='ocrx_word' id='word_1_325' title='bbox 929 3017 1009 3062; x_wconf 90' lang='lat' dir='ltr'>cum</span> <span class='ocrx_word' id='word_1_326' title='bbox 1044 3004 1115 3061; x_wconf 91' lang='lat' dir='ltr'>tam</span> <span class='ocrx_word' id='word_1_327' title='bbox 1143 2991 1253 3060; x_wconf 91' lang='lat' dir='ltr'>multa</span> <span class='ocrx_word' id='word_1_328' title='bbox 1306 3004 1526 3060; x_wconf 86' lang='lat' dir='ltr'>monstrante</span> <span class='ocrx_word' id='word_1_329' title='bbox 1552 2993 1742 3078; x_wconf 89' lang='lat' dir='ltr'>vocabula,</span> <span class='ocrx_word' id='word_1_330' title='bbox 1775 3007 1833 3074; x_wconf 91' lang='lat' dir='ltr'>nt,</span> <span class='ocrx_word' id='word_1_331' title='bbox 1865 2993 2095 3086; x_wconf 83' lang='lat' dir='ltr'>Experientia</span> <span class='ocrx_word' id='word_1_332' title='bbox 2120 2993 2292 3073; x_wconf 86' lang='lat' dir='ltr'>ostendit,</span> 
     </span>
     <span class='ocr_line' id='line_1_28' title="bbox 275 3089 2291 3184; baseline 0.001 -24"><span class='ocrx_word' id='word_1_333' title='bbox 275 3089 470 3182; x_wconf 74' lang='lat' dir='ltr'>scripserit,</span> <span class='ocrx_word' id='word_1_334' title='bbox 502 3103 541 3159; x_wconf 94' lang='lat' dir='ltr'>ut</span> <span class='ocrx_word' id='word_1_335' title='bbox 570 3115 642 3160; x_wconf 91' lang='lat' dir='ltr'>non</span> <span class='ocrx_word' id='word_1_336' title='bbox 667 3114 804 3179; x_wconf 90' lang='lat' dir='ltr'>semper</span> <span class='ocrx_word' id='word_1_337' title='bbox 827 3091 1133 3174; x_wconf 70' lang='lat' dir='ltr'>succlamantes,</span> <span class='ocrx_word' id='word_1_338' title='bbox 1166 3093 1255 3159; x_wconf 88' lang='lat' dir='ltr'>sicut</span> <span class='ocrx_word' id='word_1_339' title='bbox 1307 3091 1393 3184; x_wconf 91' lang='lat' dir='ltr'>quid</span> <span class='ocrx_word' id='word_1_340' title='bbox 1410 3090 1620 3179; x_wconf 80' lang='lat' dir='ltr'>significent,</span> <span class='ocrx_word' id='word_1_341' title='bbox 1649 3091 1744 3176; x_wconf 87' lang='lat' dir='ltr'>Vita,</span> <span class='ocrx_word' id='word_1_342' title='bbox 1760 3091 1873 3180; x_wconf 88' lang='lat' dir='ltr'>Mors,</span> <span class='ocrx_word' id='word_1_343' title='bbox 1889 3095 2016 3178; x_wconf 90' lang='lat' dir='ltr'>Dolor,</span> <span class='ocrx_word' id='word_1_344' title='bbox 2032 3093 2175 3176; x_wconf 86' lang='lat' dir='ltr'>Timor,</span> <span class='ocrx_word' id='word_1_345' title='bbox 2192 3090 2291 3162; x_wconf 90' lang='lat' dir='ltr'>Con·</span> 
     </span>
     <span class='ocr_line' id='line_1_29' title="bbox 275 3183 1866 3284; baseline 0.003 -24"><span class='ocrx_word' id='word_1_346' title='bbox 275 3193 421 3261; x_wconf 91' lang='lat' dir='ltr'>dicitur:</span> <span class='ocrx_word' id='word_1_347' title='bbox 444 3183 694 3284; x_wconf 66' lang='lat' dir='ltr'>garahnida,</span> <span class='ocrx_word' id='word_1_348' title='bbox 721 3187 995 3282; x_wconf 75' lang='grc' dir='ltr'><em>εἰπεῖνπολλὰ,</em></span> <span class='ocrx_word' id='word_1_349' title='bbox 1020 3188 1084 3262; x_wconf 79' lang='grc' dir='ltr'>καὶ</span> <span class='ocrx_word' id='word_1_350' title='bbox 1105 3188 1152 3262; x_wconf 81' lang='grc' dir='ltr'>τὰ</span> <span class='ocrx_word' id='word_1_351' title='bbox 1173 3186 1255 3262; x_wconf 85' lang='grc' dir='ltr'><strong><em>καί·</em></strong></span> <span class='ocrx_word' id='word_1_352' title='bbox 1307 3192 1451 3274; x_wconf 89' lang='lat' dir='ltr'>solatio,</span> <span class='ocrx_word' id='word_1_353' title='bbox 1480 3191 1652 3276; x_wconf 89' lang='lat' dir='ltr'>Lacticia,</span> <span class='ocrx_word' id='word_1_354' title='bbox 1678 3191 1784 3261; x_wconf 80' lang='lat' dir='ltr'>Fides</span> <span class='ocrx_word' id='word_1_355' title='bbox 1804 3207 1866 3266; x_wconf 90' lang='lat' dir='ltr'>etc.</span> 
     </span>
     <span class='ocr_line' id='line_1_30' title="bbox 276 3287 2293 3386; baseline -0.001 -24"><span class='ocrx_word' id='word_1_356' title='bbox 276 3313 355 3386; x_wconf 80' lang='lat' dir='ltr'>pta,</span> <span class='ocrx_word' id='word_1_357' title='bbox 383 3305 417 3361; x_wconf 90' lang='lat' dir='ltr'>et</span> <span class='ocrx_word' id='word_1_358' title='bbox 434 3293 677 3376; x_wconf 79' lang='lat' dir='ltr'>manifestum,</span> <span class='ocrx_word' id='word_1_359' title='bbox 704 3303 756 3360; x_wconf 93' lang='lat' dir='ltr'>est</span> <span class='ocrx_word' id='word_1_360' title='bbox 773 3316 853 3360; x_wconf 93' lang='lat' dir='ltr'>eum</span> <span class='ocrx_word' id='word_1_361' title='bbox 869 3293 907 3359; x_wconf 92' lang='lat' dir='ltr'>in</span> <span class='ocrx_word' id='word_1_362' title='bbox 924 3295 1149 3362; x_wconf 88' lang='lat' dir='ltr'>enarratione</span> <span class='ocrx_word' id='word_1_363' title='bbox 1165 3287 1251 3380; x_wconf 80' lang='lat' dir='ltr'>Epi·</span> <span class='ocrx_word' id='word_1_364' title='bbox 1408 3291 1506 3360; x_wconf 86' lang='lat' dir='ltr'>Haec</span> <span class='ocrx_word' id='word_1_365' title='bbox 1529 3293 1574 3358; x_wconf 86' lang='lat' dir='ltr'>de</span> <span class='ocrx_word' id='word_1_366' title='bbox 1592 3289 1749 3378; x_wconf 86' lang='lat' dir='ltr'>Origene</span> <span class='ocrx_word' id='word_1_367' title='bbox 1772 3295 1853 3360; x_wconf 90' lang='lat' dir='ltr'>ideo</span> <span class='ocrx_word' id='word_1_368' title='bbox 1875 3296 2031 3363; x_wconf 83' lang='lat' dir='ltr'>breviter</span> <span class='ocrx_word' id='word_1_369' title='bbox 2055 3293 2148 3372; x_wconf 82' lang='lat' dir='ltr'>dixi,</span> <span class='ocrx_word' id='word_1_370' title='bbox 2175 3306 2215 3362; x_wconf 92' lang='lat' dir='ltr'>nt</span> <span class='ocrx_word' id='word_1_371' title='bbox 2232 3293 2293 3360; x_wconf 89' lang='lat' dir='ltr'>iu·</span> 
     </span>
     <span class='ocr_line' id='line_1_31' title="bbox 277 3389 2292 3482; baseline -0.002 -18"><span class='ocrx_word' id='word_1_372' title='bbox 277 3395 387 3464; x_wconf 89' lang='lat' dir='ltr'>stolae</span> <span class='ocrx_word' id='word_1_373' title='bbox 404 3389 508 3460; x_wconf 86' lang='lat' dir='ltr'>Pauli</span> <span class='ocrx_word' id='word_1_374' title='bbox 523 3393 567 3462; x_wconf 90' lang='lat' dir='ltr'>ad</span> <span class='ocrx_word' id='word_1_375' title='bbox 582 3389 766 3464; x_wconf 88' lang='lat' dir='ltr'>Romanos</span> <span class='ocrx_word' id='word_1_376' title='bbox 779 3393 928 3481; x_wconf 89' lang='lat' dir='ltr'>scriptae</span> <span class='ocrx_word' id='word_1_377' title='bbox 952 3415 1054 3482; x_wconf 89' lang='lat' dir='ltr'>saepe</span> <span class='ocrx_word' id='word_1_378' title='bbox 1075 3415 1204 3460; x_wconf 90' lang='lat' dir='ltr'>errare.</span> <span class='ocrx_word' id='word_1_379' title='bbox 1281 3430 1283 3477; x_wconf 74' lang='lat' dir='ltr'>t</span> <span class='ocrx_word' id='word_1_380' title='bbox 1309 3390 1426 3459; x_wconf 91' lang='lat' dir='ltr'>niores</span> <span class='ocrx_word' id='word_1_381' title='bbox 1449 3390 1651 3458; x_wconf 89' lang='lat' dir='ltr'>discernant</span> <span class='ocrx_word' id='word_1_382' title='bbox 1675 3394 1855 3461; x_wconf 89' lang='lat' dir='ltr'>materias:</span> <span class='ocrx_word' id='word_1_383' title='bbox 1891 3409 1925 3463; x_wconf 90' lang='lat' dir='ltr'>et</span> <span class='ocrx_word' id='word_1_384' title='bbox 1949 3393 2192 3474; x_wconf 87' lang='lat' dir='ltr'>considerent,</span> <span class='ocrx_word' id='word_1_385' title='bbox 2224 3395 2292 3461; x_wconf 90' lang='lat' dir='ltr'>ubi</span> 
     </span>
     <span class='ocr_line' id='line_1_32' title="bbox 254 3483 2293 3602; baseline -0.001 -40"><span class='ocrx_word' id='word_1_386' title='bbox 254 3483 259 3488; x_wconf 40' lang='lat'><em>⁶</em></span> <span class='ocrx_word' id='word_1_387' title='bbox 308 3511 312 3522; x_wconf 93' lang='grc'><em>·</em></span> <span class='ocrx_word' id='word_1_388' title='bbox 377 3493 601 3564; x_wconf 89' lang='lat' dir='ltr'>Hocnotum</span> <span class='ocrx_word' id='word_1_389' title='bbox 623 3508 691 3574; x_wconf 88' lang='lat' dir='ltr'>est,</span> <span class='ocrx_word' id='word_1_390' title='bbox 724 3493 832 3562; x_wconf 82' lang='lat' dir='ltr'>tuisse</span> <span class='ocrx_word' id='word_1_391' title='bbox 855 3517 934 3562; x_wconf 90' lang='lat' dir='ltr'>eum</span> <span class='ocrx_word' id='word_1_392' title='bbox 961 3492 1192 3562; x_wconf 89' lang='lat' dir='ltr'>immodicum</span> <span class='ocrx_word' id='word_1_393' title='bbox 1217 3491 1253 3558; x_wconf 91' lang='lat' dir='ltr'>in</span> <span class='ocrx_word' id='word_1_394' title='bbox 1279 3484 1284 3602; x_wconf 73' lang='lat' dir='ltr'>i</span> <span class='ocrx_word' id='word_1_395' title='bbox 1308 3493 1496 3582; x_wconf 86' lang='lat' dir='ltr'>allegoriae</span> <span class='ocrx_word' id='word_1_396' title='bbox 1520 3492 1619 3560; x_wconf 91' lang='lat' dir='ltr'>locus</span> <span class='ocrx_word' id='word_1_397' title='bbox 1645 3492 1704 3561; x_wconf 86' lang='lat' dir='ltr'>sit.</span> <span class='ocrx_word' id='word_1_398' title='bbox 1756 3491 1851 3580; x_wconf 87' lang='lat' dir='ltr'>Quia</span> <span class='ocrx_word' id='word_1_399' title='bbox 1873 3517 1946 3564; x_wconf 90' lang='lat' dir='ltr'>non</span> <span class='ocrx_word' id='word_1_400' title='bbox 1964 3495 2084 3564; x_wconf 89' lang='lat' dir='ltr'>omnia</span> <span class='ocrx_word' id='word_1_401' title='bbox 2102 3495 2138 3561; x_wconf 91' lang='lat' dir='ltr'>in</span> <span class='ocrx_word' id='word_1_402' title='bbox 2156 3493 2293 3582; x_wconf 86' lang='lat' dir='ltr'>allego-</span> 
     </span>
     <span class='ocr_line' id='line_1_33' title="bbox 278 3589 1787 3688; baseline -0.001 -20"><span class='ocrx_word' id='word_1_403' title='bbox 278 3591 475 3688; x_wconf 80' lang='lat' dir='ltr'>Alegoriis,</span> <span class='ocrx_word' id='word_1_404' title='bbox 503 3595 598 3688; x_wconf 89' lang='lat' dir='ltr'>qnod</span> <span class='ocrx_word' id='word_1_405' title='bbox 614 3596 661 3663; x_wconf 88' lang='lat' dir='ltr'>ita</span> <span class='ocrx_word' id='word_1_406' title='bbox 679 3594 820 3662; x_wconf 88' lang='lat' dir='ltr'>accidit:</span> <span class='ocrx_word' id='word_1_407' title='bbox 846 3592 936 3663; x_wconf 89' lang='lat' dir='ltr'>Cum</span> <span class='ocrx_word' id='word_1_408' title='bbox 952 3589 1097 3662; x_wconf 87' lang='lat' dir='ltr'>Ethnici</span> <span class='ocrx_word' id='word_1_409' title='bbox 1116 3591 1256 3660; x_wconf 88' lang='lat' dir='ltr'>deride·</span> <span class='ocrx_word' id='word_1_410' title='bbox 1307 3595 1378 3662; x_wconf 88' lang='lat' dir='ltr'>rias</span> <span class='ocrx_word' id='word_1_411' title='bbox 1393 3593 1677 3662; x_wconf 85' lang='lat' dir='ltr'>transformanda</span> <span class='ocrx_word' id='word_1_412' title='bbox 1694 3607 1787 3667; x_wconf 87' lang='lat' dir='ltr'>sunt.</span> 
     </span>
     <span class='ocr_line' id='line_1_34' title="bbox 277 3694 1252 3786; baseline -0.008 -18"><span class='ocrx_word' id='word_1_413' title='bbox 277 3713 355 3768; x_wconf 88' lang='lat' dir='ltr'>rent</span> <span class='ocrx_word' id='word_1_414' title='bbox 373 3695 674 3786; x_wconf 87' lang='lat' dir='ltr'>Mosaicescripta</span> <span class='ocrx_word' id='word_1_415' title='bbox 696 3711 840 3784; x_wconf 89' lang='lat' dir='ltr'>propter</span> <span class='ocrx_word' id='word_1_416' title='bbox 862 3694 952 3764; x_wconf 88' lang='lat' dir='ltr'>ritus</span> <span class='ocrx_word' id='word_1_417' title='bbox 973 3697 1016 3764; x_wconf 90' lang='lat' dir='ltr'>de</span> <span class='ocrx_word' id='word_1_418' title='bbox 1041 3694 1131 3764; x_wconf 87' lang='lat' dir='ltr'>cibis</span> <span class='ocrx_word' id='word_1_419' title='bbox 1154 3706 1187 3762; x_wconf 88' lang='lat' dir='ltr'>et</span> <span class='ocrx_word' id='word_1_420' title='bbox 1201 3714 1252 3760; x_wconf 86' lang='lat' dir='ltr'>sa·</span> 
     </span>
    </p>
   </div>
   <div class='ocr_carea' id='block_1_3' title="bbox 278 3793 2292 4019">
    <p class='ocr_par' dir='ltr' id='par_1_3' title="bbox 278 3793 2292 4019">
     <span class='ocr_line' id='line_1_35' title="bbox 278 3793 2292 3916; baseline -0.012 -49"><span class='ocrx_word' id='word_1_421' title='bbox 278 3797 436 3880; x_wconf 70' lang='lat' dir='ltr'>callidis,</span> <span class='ocrx_word' id='word_1_422' title='bbox 468 3793 643 3886; x_wconf 90' lang='lat' dir='ltr'>Origenes</span> <span class='ocrx_word' id='word_1_423' title='bbox 666 3796 813 3866; x_wconf 89' lang='lat' dir='ltr'>tradidit</span> <span class='ocrx_word' id='word_1_424' title='bbox 832 3796 1147 3888; x_wconf 86' lang='lat' dir='ltr'>interpretationes</span> <span class='ocrx_word' id='word_1_425' title='bbox 1169 3794 1257 3910; x_wconf 77' lang='lat' dir='ltr'>elle·</span> <span class='ocrx_word' id='word_1_426' title='bbox 1362 3822 1469 3894; x_wconf 69' lang='lat' dir='ltr'><strong>Anno</strong></span> <span class='ocrx_word' id='word_1_427' title='bbox 1488 3824 1612 3892; x_wconf 67' lang='lat' dir='ltr'>mundi</span> <span class='ocrx_word' id='word_1_428' title='bbox 1632 3837 1756 3916; x_wconf 58' lang='lat' dir='ltr'>quam</span> <span class='ocrx_word' id='word_1_429' title='bbox 1770 3824 1971 3912; x_wconf 51' lang='lat' dir='ltr'>minem</span> <span class='ocrx_word' id='word_1_430' title='bbox 1998 3825 2210 3907; x_wconf 46' lang='lat' dir='ltr'>centesimo,</span> <span class='ocrx_word' id='word_1_431' title='bbox 2236 3848 2292 3895; x_wconf 49' lang='lat' dir='ltr'>se·</span> 
     </span>
     <span class='ocr_line' id='line_1_36' title="bbox 278 3896 1888 4019; baseline -0.011 -51"><span class='ocrx_word' id='word_1_432' title='bbox 278 3900 433 3986; x_wconf 88' lang='lat' dir='ltr'>goricas‚</span> <span class='ocrx_word' id='word_1_433' title='bbox 464 3910 504 3967; x_wconf 90' lang='lat' dir='ltr'>ut</span> <span class='ocrx_word' id='word_1_434' title='bbox 527 3899 745 3966; x_wconf 89' lang='lat' dir='ltr'>reconditam</span> <span class='ocrx_word' id='word_1_435' title='bbox 772 3898 980 3988; x_wconf 85' lang='lat' dir='ltr'>sapientiam</span> <span class='ocrx_word' id='word_1_436' title='bbox 1004 3896 1187 3966; x_wconf 89' lang='lat' dir='ltr'>continere</span> <span class='ocrx_word' id='word_1_437' title='bbox 1202 3919 1257 3960; x_wconf 84' lang='lat' dir='ltr'>vr·</span> <span class='ocrx_word' id='word_1_438' title='bbox 1511 3926 1729 4016; x_wconf 53' lang='lat' dir='ltr'>pulagesimo</span> <span class='ocrx_word' id='word_1_439' title='bbox 1749 3927 1888 4019; x_wconf 50' lang='lat' dir='ltr'>quinto·</span> 
     </span>
    </p>
   </div>
   <div class='ocr_carea' id='block_1_4' title="bbox 278 3991 2270 4294">
    <p class='ocr_par' dir='ltr' id='par_1_4' title="bbox 278 3991 2270 4294">
     <span class='ocr_line' id='line_1_37' title="bbox 278 3991 2270 4118; baseline 0 -20"><span class='ocrx_word' id='word_1_440' title='bbox 278 4006 447 4068; x_wconf 51' lang='lat' dir='ltr'>delemur</span> <span class='ocrx_word' id='word_1_441' title='bbox 457 4052 467 4080; x_wconf 66' lang='lat' dir='ltr'>a</span> <span class='ocrx_word' id='word_1_442' title='bbox 501 3999 591 4068; x_wconf 63' lang='lat'><strong>⁵3⁰¹¹¹</strong></span> <span class='ocrx_word' id='word_1_443' title='bbox 612 3991 831 4090; x_wconf 57' lang='lat' dir='ltr'>Pythagffle</span> <span class='ocrx_word' id='word_1_444' title='bbox 852 3999 965 4115; x_wconf 40' lang='lat' dir='ltr'>‘ilem’</span> <span class='ocrx_word' id='word_1_445' title='bbox 985 4012 1070 4116; x_wconf 44' lang='lat' dir='ltr'>‚aui</span> <span class='ocrx_word' id='word_1_446' title='bbox 1082 3998 1255 4115; x_wconf 46' lang='lat' dir='ltr'>[mimam</span> <span class='ocrx_word' id='word_1_447' title='bbox 1359 4023 1468 4096; x_wconf 84' lang='lat' dir='ltr'>Anno</span> <span class='ocrx_word' id='word_1_448' title='bbox 1479 4023 1617 4096; x_wconf 86' lang='lat' dir='ltr'>Romae</span> <span class='ocrx_word' id='word_1_449' title='bbox 1633 4028 1901 4115; x_wconf 89' lang='lat' dir='ltr'>nongentesimo</span> <span class='ocrx_word' id='word_1_450' title='bbox 1916 4021 2131 4118; x_wconf 83' lang='lat' dir='ltr'>sexagesimo</span> <span class='ocrx_word' id='word_1_451' title='bbox 2147 4026 2270 4098; x_wconf 82' lang='lat' dir='ltr'>tertio.</span> 
     </span>
     <span class='ocr_line' id='line_1_38' title="bbox 279 4097 2150 4203; baseline -0.001 -37"><span class='ocrx_word' id='word_1_452' title='bbox 279 4099 412 4168; x_wconf 88' lang='lat' dir='ltr'>Verum</span> <span class='ocrx_word' id='word_1_453' title='bbox 435 4112 485 4169; x_wconf 88' lang='lat' dir='ltr'>est</span> <span class='ocrx_word' id='word_1_454' title='bbox 499 4111 634 4180; x_wconf 89' lang='lat' dir='ltr'>autem,</span> <span class='ocrx_word' id='word_1_455' title='bbox 660 4097 804 4168; x_wconf 87' lang='lat' dir='ltr'>umbras</span> <span class='ocrx_word' id='word_1_456' title='bbox 820 4099 956 4190; x_wconf 89' lang='lat' dir='ltr'>ahquas</span> <span class='ocrx_word' id='word_1_457' title='bbox 983 4123 1020 4166; x_wconf 81' lang='lat' dir='ltr'>cn</span> <span class='ocrx_word' id='word_1_458' title='bbox 1041 4099 1168 4169; x_wconf 78' lang='lat' dir='ltr'>ritibus</span> <span class='ocrx_word' id='word_1_459' title='bbox 1183 4108 1256 4166; x_wconf 90' lang='lat' dir='ltr'>tra·</span> <span class='ocrx_word' id='word_1_460' title='bbox 1359 4127 1467 4198; x_wconf 69' lang='lat' dir='ltr'><strong>Anno</strong></span> <span class='ocrx_word' id='word_1_461' title='bbox 1485 4122 1619 4197; x_wconf 52' lang='lat' dir='ltr'>Christi</span> <span class='ocrx_word' id='word_1_462' title='bbox 1633 4129 1875 4199; x_wconf 53' lang='lat' dir='ltr'><strong>ducentesimo</strong></span> <span class='ocrx_word' id='word_1_463' title='bbox 1892 4128 2150 4203; x_wconf 52' lang='lat' dir='ltr'><strong>decimotefflo·</strong></span> 
     </span>
     <span class='ocr_line' id='line_1_39' title="bbox 278 4197 1258 4294; baseline -0.004 -26"><span class='ocrx_word' id='word_1_464' title='bbox 278 4201 369 4270; x_wconf 90' lang='lat' dir='ltr'>ditas</span> <span class='ocrx_word' id='word_1_465' title='bbox 401 4223 494 4285; x_wconf 93' lang='lat' dir='ltr'>esse,</span> <span class='ocrx_word' id='word_1_466' title='bbox 533 4224 623 4294; x_wconf 88' lang='lat' dir='ltr'>quae</span> <span class='ocrx_word' id='word_1_467' title='bbox 653 4199 749 4268; x_wconf 88' lang='lat' dir='ltr'>alind</span> <span class='ocrx_word' id='word_1_468' title='bbox 782 4200 989 4288; x_wconf 83' lang='lat' dir='ltr'>significant.</span> <span class='ocrx_word' id='word_1_469' title='bbox 1055 4197 1124 4280; x_wconf 85' lang='lat' dir='ltr'>Ut,</span> <span class='ocrx_word' id='word_1_470' title='bbox 1163 4197 1258 4292; x_wconf 81' lang='lat' dir='ltr'>agni</span> 
     </span>
    </p>
   </div>
   <div class='ocr_carea' id='block_1_5' title="bbox 277 4297 2295 5506">
    <p class='ocr_par' dir='ltr' id='par_1_5' title="bbox 277 4297 2295 5506">
     <span class='ocr_line' id='line_1_40' title="bbox 279 4297 1254 4391; baseline -0.002 -21"><span class='ocrx_word' id='word_1_471' title='bbox 279 4299 472 4382; x_wconf 75' lang='lat' dir='ltr'>mactatio,</span> <span class='ocrx_word' id='word_1_472' title='bbox 506 4301 677 4391; x_wconf 86' lang='lat' dir='ltr'>significat</span> <span class='ocrx_word' id='word_1_473' title='bbox 698 4297 832 4370; x_wconf 89' lang='lat' dir='ltr'>Christi</span> <span class='ocrx_word' id='word_1_474' title='bbox 854 4301 1114 4376; x_wconf 87' lang='lat' dir='ltr'>mactationem.</span> <span class='ocrx_word' id='word_1_475' title='bbox 1163 4299 1254 4372; x_wconf 92' lang='lat' dir='ltr'>Cum</span> 
     </span>
     <span class='ocr_line' id='line_1_41' title="bbox 278 4397 1362 4498; baseline 0.001 -29"><span class='ocrx_word' id='word_1_476' title='bbox 278 4401 440 4472; x_wconf 86' lang='lat' dir='ltr'>Psahnus</span> <span class='ocrx_word' id='word_1_477' title='bbox 462 4401 565 4473; x_wconf 90' lang='lat' dir='ltr'>dicit:</span> <span class='ocrx_word' id='word_1_478' title='bbox 593 4399 764 4493; x_wconf 84' lang='lat' dir='ltr'>Asperges</span> <span class='ocrx_word' id='word_1_479' title='bbox 788 4427 844 4471; x_wconf 90' lang='lat' dir='ltr'>me</span> <span class='ocrx_word' id='word_1_480' title='bbox 861 4403 1018 4473; x_wconf 91' lang='lat' dir='ltr'>Domine</span> <span class='ocrx_word' id='word_1_481' title='bbox 1040 4397 1197 4498; x_wconf 87' lang='lat' dir='ltr'>hysopo,</span> <span class='ocrx_word' id='word_1_482' title='bbox 1223 4415 1256 4470; x_wconf 91' lang='lat' dir='ltr'>et</span> <span class='ocrx_word' id='word_1_483' title='bbox 1353 4414 1362 4422; x_wconf 89' lang='lat'>&#39;</span> 
     </span>
     <span class='ocr_line' id='line_1_42' title="bbox 279 4493 2292 4598; baseline -0.001 -24"><span class='ocrx_word' id='word_1_484' title='bbox 279 4505 491 4589; x_wconf 79' lang='lat' dir='ltr'>nattnclabor,</span> <span class='ocrx_word' id='word_1_485' title='bbox 523 4501 690 4598; x_wconf 90' lang='lat' dir='ltr'>Hysopus</span> <span class='ocrx_word' id='word_1_486' title='bbox 706 4505 813 4576; x_wconf 87' lang='lat' dir='ltr'>tincta</span> <span class='ocrx_word' id='word_1_487' title='bbox 830 4505 867 4572; x_wconf 93' lang='lat' dir='ltr'>in</span> <span class='ocrx_word' id='word_1_488' title='bbox 884 4505 1054 4594; x_wconf 87' lang='lat' dir='ltr'>sanguine</span> <span class='ocrx_word' id='word_1_489' title='bbox 1067 4505 1182 4590; x_wconf 87' lang='lat' dir='ltr'>vituli,</span> <span class='ocrx_word' id='word_1_490' title='bbox 1206 4504 1254 4572; x_wconf 92' lang='lat' dir='ltr'>si·</span> <span class='ocrx_word' id='word_1_491' title='bbox 1410 4493 1622 4568; x_wconf 80' lang='lat' dir='ltr'>Antoninus</span> <span class='ocrx_word' id='word_1_492' title='bbox 1630 4495 1846 4570; x_wconf 85' lang='lat' dir='ltr'>Bassianus</span> <span class='ocrx_word' id='word_1_493' title='bbox 1864 4493 2085 4583; x_wconf 85' lang='lat' dir='ltr'>Caracalla,</span> <span class='ocrx_word' id='word_1_494' title='bbox 2112 4502 2234 4573; x_wconf 88' lang='lat' dir='ltr'>Severi</span> <span class='ocrx_word' id='word_1_495' title='bbox 2252 4505 2292 4572; x_wconf 89' lang='lat' dir='ltr'>li-</span> 
     </span>
     <span class='ocr_line' id='line_1_43' title="bbox 278 4600 2293 4695; baseline -0.001 -20"><span class='ocrx_word' id='word_1_496' title='bbox 278 4607 419 4695; x_wconf 82' lang='lat' dir='ltr'>gnificat</span> <span class='ocrx_word' id='word_1_497' title='bbox 436 4606 485 4674; x_wconf 89' lang='lat' dir='ltr'>ibi</span> <span class='ocrx_word' id='word_1_498' title='bbox 509 4606 714 4694; x_wconf 88' lang='lat' dir='ltr'>sanguinem</span> <span class='ocrx_word' id='word_1_499' title='bbox 739 4605 804 4674; x_wconf 89' lang='lat' dir='ltr'>lilii</span> <span class='ocrx_word' id='word_1_500' title='bbox 829 4606 1042 4679; x_wconf 85' lang='lat' dir='ltr'>mediatoris.</span> <span class='ocrx_word' id='word_1_501' title='bbox 1096 4604 1189 4677; x_wconf 88' lang='lat' dir='ltr'>Arce</span> <span class='ocrx_word' id='word_1_502' title='bbox 1217 4606 1255 4672; x_wconf 91' lang='lat' dir='ltr'>in</span> <span class='ocrx_word' id='word_1_503' title='bbox 1309 4602 1379 4672; x_wconf 92' lang='lat' dir='ltr'>lius</span> <span class='ocrx_word' id='word_1_504' title='bbox 1400 4627 1441 4671; x_wconf 83' lang='lat' dir='ltr'>ex</span> <span class='ocrx_word' id='word_1_505' title='bbox 1464 4604 1579 4693; x_wconf 88' lang='lat' dir='ltr'>prima</span> <span class='ocrx_word' id='word_1_506' title='bbox 1596 4603 1745 4690; x_wconf 87' lang='lat' dir='ltr'>coniuge</span> <span class='ocrx_word' id='word_1_507' title='bbox 1760 4600 1910 4688; x_wconf 88' lang='lat' dir='ltr'>Martia,</span> <span class='ocrx_word' id='word_1_508' title='bbox 1933 4606 2092 4693; x_wconf 88' lang='lat' dir='ltr'>regnavit</span> <span class='ocrx_word' id='word_1_509' title='bbox 2108 4629 2222 4674; x_wconf 86' lang='lat' dir='ltr'>annos</span> <span class='ocrx_word' id='word_1_510' title='bbox 2237 4629 2293 4673; x_wconf 89' lang='lat' dir='ltr'>se·</span> 
     </span>
     <span class='ocr_line' id='line_1_44' title="bbox 278 4691 2294 4801; baseline -0.001 -25"><span class='ocrx_word' id='word_1_511' title='bbox 278 4712 384 4800; x_wconf 89' lang='lat' dir='ltr'>adyto</span> <span class='ocrx_word' id='word_1_512' title='bbox 401 4692 530 4798; x_wconf 82' lang='lat' dir='ltr'>templi</span> <span class='ocrx_word' id='word_1_513' title='bbox 544 4707 716 4796; x_wconf 81' lang='lat' dir='ltr'>significat</span> <span class='ocrx_word' id='word_1_514' title='bbox 732 4703 945 4789; x_wconf 82' lang='lat' dir='ltr'>Ecclesiam,</span> <span class='ocrx_word' id='word_1_515' title='bbox 970 4723 1124 4801; x_wconf 90' lang='lat' dir='ltr'>quaeest</span> <span class='ocrx_word' id='word_1_516' title='bbox 1142 4721 1257 4778; x_wconf 87' lang='lat' dir='ltr'>custos</span> <span class='ocrx_word' id='word_1_517' title='bbox 1309 4719 1415 4796; x_wconf 89' lang='lat' dir='ltr'>ptem.</span> <span class='ocrx_word' id='word_1_518' title='bbox 1468 4703 1606 4774; x_wconf 85' lang='lat' dir='ltr'>Nomen</span> <span class='ocrx_word' id='word_1_519' title='bbox 1622 4691 2023 4776; x_wconf 80' lang='lat' dir='ltr'>Caracallaehabnita</span> <span class='ocrx_word' id='word_1_520' title='bbox 2048 4706 2294 4798; x_wconf 71' lang='lat' dir='ltr'>figuramus,</span> 
     </span>
     <span class='ocr_line' id='line_1_45' title="bbox 280 4800 2293 4898; baseline 0 -23"><span class='ocrx_word' id='word_1_521' title='bbox 280 4809 463 4878; x_wconf 89' lang='lat' dir='ltr'>doctrinae</span> <span class='ocrx_word' id='word_1_522' title='bbox 485 4800 594 4878; x_wconf 80' lang='lat' dir='ltr'>aDeo</span> <span class='ocrx_word' id='word_1_523' title='bbox 615 4809 783 4893; x_wconf 85' lang='lat' dir='ltr'>traditae,</span> <span class='ocrx_word' id='word_1_524' title='bbox 809 4809 900 4878; x_wconf 90' lang='lat' dir='ltr'>sicut</span> <span class='ocrx_word' id='word_1_525' title='bbox 923 4810 961 4877; x_wconf 93' lang='lat' dir='ltr'>in</span> <span class='ocrx_word' id='word_1_526' title='bbox 987 4832 1102 4879; x_wconf 89' lang='lat' dir='ltr'>arcam</span> <span class='ocrx_word' id='word_1_527' title='bbox 1117 4809 1259 4880; x_wconf 88' lang='lat' dir='ltr'>tabulae</span> <span class='ocrx_word' id='word_1_528' title='bbox 1310 4817 1435 4898; x_wconf 83' lang='lat' dir='ltr'>quaet</span> <span class='ocrx_word' id='word_1_529' title='bbox 1458 4803 1532 4895; x_wconf 91' lang='lat' dir='ltr'>ipse</span> <span class='ocrx_word' id='word_1_530' title='bbox 1547 4827 1632 4876; x_wconf 91' lang='lat' dir='ltr'>usus</span> <span class='ocrx_word' id='word_1_531' title='bbox 1655 4819 1726 4891; x_wconf 87' lang='lat' dir='ltr'>est,</span> <span class='ocrx_word' id='word_1_532' title='bbox 1751 4818 1786 4875; x_wconf 86' lang='lat' dir='ltr'>et</span> <span class='ocrx_word' id='word_1_533' title='bbox 1802 4807 1904 4876; x_wconf 90' lang='lat' dir='ltr'>cuius</span> <span class='ocrx_word' id='word_1_534' title='bbox 1918 4807 2051 4877; x_wconf 87' lang='lat' dir='ltr'>similes</span> <span class='ocrx_word' id='word_1_535' title='bbox 2067 4809 2243 4878; x_wconf 87' lang='lat' dir='ltr'>militibus</span> <span class='ocrx_word' id='word_1_536' title='bbox 2260 4823 2293 4878; x_wconf 87' lang='lat' dir='ltr'>et</span> 
     </span>
     <span class='ocr_line' id='line_1_46' title="bbox 279 4903 2294 4999; baseline 0.002 -23"><span class='ocrx_word' id='word_1_537' title='bbox 279 4903 447 4998; x_wconf 77' lang='lat' dir='ltr'>Drcalogi</span> <span class='ocrx_word' id='word_1_538' title='bbox 465 4911 655 4981; x_wconf 81' lang='lat' dir='ltr'>collocatae</span> <span class='ocrx_word' id='word_1_539' title='bbox 672 4918 782 4978; x_wconf 86' lang='lat' dir='ltr'>erant.</span> <span class='ocrx_word' id='word_1_540' title='bbox 835 4907 907 4981; x_wconf 86' lang='lat' dir='ltr'>Sed</span> <span class='ocrx_word' id='word_1_541' title='bbox 923 4909 1049 4982; x_wconf 87' lang='lat' dir='ltr'>talium</span> <span class='ocrx_word' id='word_1_542' title='bbox 1065 4909 1258 4999; x_wconf 84' lang='lat' dir='ltr'>figurarum</span> <span class='ocrx_word' id='word_1_543' title='bbox 1311 4908 1443 4998; x_wconf 89' lang='lat' dir='ltr'>populo</span> <span class='ocrx_word' id='word_1_544' title='bbox 1462 4907 1628 4990; x_wconf 89' lang='lat' dir='ltr'>donavit,</span> <span class='ocrx_word' id='word_1_545' title='bbox 1662 4906 1927 4978; x_wconf 86' lang='lat' dir='ltr'>crudelissimus</span> <span class='ocrx_word' id='word_1_546' title='bbox 1948 4911 2162 4981; x_wconf 87' lang='lat' dir='ltr'>etincestus.</span> <span class='ocrx_word' id='word_1_547' title='bbox 2218 4909 2294 4978; x_wconf 90' lang='lat' dir='ltr'>lni-</span> 
     </span>
     <span class='ocr_line' id='line_1_47' title="bbox 279 5005 2293 5104; baseline 0 -24"><span class='ocrx_word' id='word_1_548' title='bbox 279 5023 418 5096; x_wconf 87' lang='lat' dir='ltr'>oportet</span> <span class='ocrx_word' id='word_1_549' title='bbox 443 5013 651 5080; x_wconf 88' lang='lat' dir='ltr'>concinnam</span> <span class='ocrx_word' id='word_1_550' title='bbox 680 5013 1040 5082; x_wconf 87' lang='lat' dir='ltr'>accommodationem</span> <span class='ocrx_word' id='word_1_551' title='bbox 1065 5013 1108 5081; x_wconf 92' lang='lat' dir='ltr'>ad</span> <span class='ocrx_word' id='word_1_552' title='bbox 1134 5035 1188 5082; x_wconf 90' lang='lat' dir='ltr'>res</span> <span class='ocrx_word' id='word_1_553' title='bbox 1210 5011 1259 5080; x_wconf 90' lang='lat' dir='ltr'>si·</span> <span class='ocrx_word' id='word_1_554' title='bbox 1311 5009 1360 5078; x_wconf 91' lang='lat' dir='ltr'>tio</span> <span class='ocrx_word' id='word_1_555' title='bbox 1386 5008 1523 5098; x_wconf 87' lang='lat' dir='ltr'>imperii</span> <span class='ocrx_word' id='word_1_556' title='bbox 1547 5010 1691 5080; x_wconf 87' lang='lat' dir='ltr'>fratrem</span> <span class='ocrx_word' id='word_1_557' title='bbox 1709 5005 1835 5078; x_wconf 88' lang='lat' dir='ltr'>Getam</span> <span class='ocrx_word' id='word_1_558' title='bbox 1853 5024 1975 5079; x_wconf 87' lang='lat' dir='ltr'>natum</span> <span class='ocrx_word' id='word_1_559' title='bbox 1992 5033 2032 5082; x_wconf 83' lang='lat' dir='ltr'>er</span> <span class='ocrx_word' id='word_1_560' title='bbox 2053 5009 2161 5096; x_wconf 84' lang='lat' dir='ltr'>iulia,</span> <span class='ocrx_word' id='word_1_561' title='bbox 2187 5035 2293 5104; x_wconf 86' lang='lat' dir='ltr'>quem</span> 
     </span>
     <span class='ocr_line' id='line_1_48' title="bbox 280 5109 2294 5203; baseline 0.003 -28"><span class='ocrx_word' id='word_1_562' title='bbox 280 5109 459 5197; x_wconf 85' lang='lat' dir='ltr'>gnificatns</span> <span class='ocrx_word' id='word_1_563' title='bbox 478 5112 571 5192; x_wconf 87' lang='lat' dir='ltr'>ficri,</span> <span class='ocrx_word' id='word_1_564' title='bbox 605 5126 744 5203; x_wconf 78' lang='lat' dir='ltr'>oportet</span> <span class='ocrx_word' id='word_1_565' title='bbox 765 5113 870 5184; x_wconf 82' lang='lat' dir='ltr'>etiam</span> <span class='ocrx_word' id='word_1_566' title='bbox 888 5116 1135 5184; x_wconf 72' lang='lat' dir='ltr'>modumesse.</span> <span class='ocrx_word' id='word_1_567' title='bbox 1310 5121 1410 5201; x_wconf 89' lang='lat' dir='ltr'>pater</span> <span class='ocrx_word' id='word_1_568' title='bbox 1437 5109 1596 5178; x_wconf 84' lang='lat' dir='ltr'>voluerat</span> <span class='ocrx_word' id='word_1_569' title='bbox 1624 5109 1743 5178; x_wconf 89' lang='lat' dir='ltr'>fratris</span> <span class='ocrx_word' id='word_1_570' title='bbox 1774 5109 1942 5199; x_wconf 87' lang='lat' dir='ltr'>collegam</span> <span class='ocrx_word' id='word_1_571' title='bbox 1983 5134 2077 5198; x_wconf 87' lang='lat' dir='ltr'>esse,</span> <span class='ocrx_word' id='word_1_572' title='bbox 2117 5113 2294 5183; x_wconf 84' lang='lat' dir='ltr'>interiecit</span> 
     </span>
     <span class='ocr_line' id='line_1_49' title="bbox 304 5206 2293 5305; baseline -0.001 -26"><span class='ocrx_word' id='word_1_573' title='bbox 304 5249 308 5263; x_wconf 89' lang='lat'><strong>·</strong></span> <span class='ocrx_word' id='word_1_574' title='bbox 382 5208 451 5279; x_wconf 87' lang='lat' dir='ltr'>Sed</span> <span class='ocrx_word' id='word_1_575' title='bbox 470 5206 638 5300; x_wconf 87' lang='lat' dir='ltr'>Origenis</span> <span class='ocrx_word' id='word_1_576' title='bbox 661 5227 819 5303; x_wconf 83' lang='lat' dir='ltr'>tempore</span> <span class='ocrx_word' id='word_1_577' title='bbox 841 5228 976 5304; x_wconf 86' lang='lat' dir='ltr'>gustata</span> <span class='ocrx_word' id='word_1_578' title='bbox 998 5211 1125 5284; x_wconf 88' lang='lat' dir='ltr'>harum</span> <span class='ocrx_word' id='word_1_579' title='bbox 1144 5215 1260 5305; x_wconf 89' lang='lat' dir='ltr'>pictu—</span> <span class='ocrx_word' id='word_1_580' title='bbox 1310 5213 1524 5302; x_wconf 89' lang='lat' dir='ltr'>pendentem</span> <span class='ocrx_word' id='word_1_581' title='bbox 1540 5213 1585 5277; x_wconf 91' lang='lat' dir='ltr'>de</span> <span class='ocrx_word' id='word_1_582' title='bbox 1600 5209 1693 5279; x_wconf 91' lang='lat' dir='ltr'>collo</span> <span class='ocrx_word' id='word_1_583' title='bbox 1709 5211 1831 5280; x_wconf 83' lang='lat' dir='ltr'>matris</span> <span class='ocrx_word' id='word_1_584' title='bbox 1847 5209 1975 5290; x_wconf 84' lang='lat' dir='ltr'>Iuliae,</span> <span class='ocrx_word' id='word_1_585' title='bbox 2003 5229 2038 5285; x_wconf 89' lang='lat' dir='ltr'>et</span> <span class='ocrx_word' id='word_1_586' title='bbox 2063 5215 2293 5284; x_wconf 87' lang='lat' dir='ltr'>clamantem:</span> 
     </span>
     <span class='ocr_line' id='line_1_50' title="bbox 279 5305 2295 5409; baseline 0.003 -31"><span class='ocrx_word' id='word_1_587' title='bbox 279 5309 604 5380; x_wconf 80' lang='lat' dir='ltr'>rannn&#39;dnlcedine</span> <span class='ocrx_word' id='word_1_588' title='bbox 620 5309 678 5381; x_wconf 93' lang='lat' dir='ltr'>hic</span> <span class='ocrx_word' id='word_1_589' title='bbox 693 5317 799 5383; x_wconf 89' lang='lat' dir='ltr'>ludos</span> <span class='ocrx_word' id='word_1_590' title='bbox 816 5315 967 5386; x_wconf 89' lang='lat' dir='ltr'>nimium</span> <span class='ocrx_word' id='word_1_591' title='bbox 994 5317 1117 5387; x_wconf 89' lang='lat' dir='ltr'>crevit.</span> <span class='ocrx_word' id='word_1_592' title='bbox 1167 5313 1260 5385; x_wconf 88' lang='lat' dir='ltr'>Cum</span> <span class='ocrx_word' id='word_1_593' title='bbox 1310 5305 1469 5396; x_wconf 82' lang='lat' dir='ltr'>Mater,</span> <span class='ocrx_word' id='word_1_594' title='bbox 1497 5329 1597 5406; x_wconf 82' lang='lat' dir='ltr'>apem</span> <span class='ocrx_word' id='word_1_595' title='bbox 1612 5305 1816 5409; x_wconf 80' lang='lat' dir='ltr'>srrmiha’,</span> <span class='ocrx_word' id='word_1_596' title='bbox 1843 5308 2055 5407; x_wconf 76' lang='lat' dir='ltr'>interfict&#39;ar.</span> <span class='ocrx_word' id='word_1_597' title='bbox 2104 5315 2159 5388; x_wconf 89' lang='lat' dir='ltr'>Ac</span> <span class='ocrx_word' id='word_1_598' title='bbox 2182 5327 2295 5384; x_wconf 84' lang='lat' dir='ltr'>mater</span> 
     </span>
     <span class='ocr_line' id='line_1_51' title="bbox 277 5403 2292 5506; baseline 0.002 -27"><span class='ocrx_word' id='word_1_599' title='bbox 277 5413 372 5479; x_wconf 87' lang='lat' dir='ltr'>enim</span> <span class='ocrx_word' id='word_1_600' title='bbox 404 5411 498 5480; x_wconf 91' lang='lat' dir='ltr'>solos</span> <span class='ocrx_word' id='word_1_601' title='bbox 535 5403 642 5478; x_wconf 91' lang='lat' dir='ltr'>homo</span> <span class='ocrx_word' id='word_1_602' title='bbox 668 5409 795 5484; x_wconf 90' lang='lat' dir='ltr'>haheat</span> <span class='ocrx_word' id='word_1_603' title='bbox 829 5430 991 5488; x_wconf 87' lang='lat' dir='ltr'>naturam</span> <span class='ocrx_word' id='word_1_604' title='bbox 1023 5417 1260 5497; x_wconf 80' lang='lat' dir='ltr'>imitatricem,</span> <span class='ocrx_word' id='word_1_605' title='bbox 1311 5437 1385 5483; x_wconf 92' lang='lat' dir='ltr'>non</span> <span class='ocrx_word' id='word_1_606' title='bbox 1403 5425 1541 5483; x_wconf 89' lang='lat' dir='ltr'>tantum</span> <span class='ocrx_word' id='word_1_607' title='bbox 1563 5415 1811 5506; x_wconf 82' lang='lat' dir='ltr'>sanguinalilii</span> <span class='ocrx_word' id='word_1_608' title='bbox 1830 5437 1986 5506; x_wconf 88' lang='lat' dir='ltr'>respersa</span> <span class='ocrx_word' id='word_1_609' title='bbox 2011 5430 2084 5502; x_wconf 87' lang='lat' dir='ltr'>ert,</span> <span class='ocrx_word' id='word_1_610' title='bbox 2109 5415 2292 5488; x_wconf 86' lang='lat' dir='ltr'>sedetiam</span> 
     </span>
    </p>
   </div>
   <div class='ocr_carea' id='block_1_6' title="bbox 1502 4348 2092 4420">
    <p class='ocr_par' dir='ltr' id='par_1_6' title="bbox 1502 4348 2092 4420">
     <span class='ocr_line' id='line_1_52' title="bbox 1502 4348 2092 4420; baseline 0 -2"><span class='ocrx_word' id='word_1_611' title='bbox 1502 4348 1773 4419; x_wconf 81' lang='lat' dir='ltr'>Antoninus</span> <span class='ocrx_word' id='word_1_612' title='bbox 1807 4351 2092 4420; x_wconf 80' lang='lat' dir='ltr'>Bassianus.</span> 
     </span>
    </p>
   </div>
   <div class='ocr_carea' id='block_1_7' title="bbox 0 0 2373 5812">
    <p class='ocr_par' dir='ltr' id='par_1_7' title="bbox 0 0 2373 5812">
     <span class='ocr_line' id='line_1_53' title="bbox 0 0 2373 5812; baseline 0 0"><span class='ocrx_word' id='word_1_613' title='bbox 0 0 2373 5812; x_wconf 95' lang='lat' dir='ltr'> </span> 
     </span>
    </p>
   </div>
   <div class='ocr_carea' id='block_1_8' title="bbox 475 5682 817 5778">
    <p class='ocr_par' dir='ltr' id='par_1_8' title="bbox 475 5682 817 5778">
     <span class='ocr_line' id='line_1_54' title="bbox 775 5682 778 5696; baseline 0 0"><span class='ocrx_word' id='word_1_614' title='bbox 775 5682 778 5696; x_wconf 87' lang='lat' dir='ltr'>l</span> 
     </span>
     <span class='ocr_line' id='line_1_55' title="bbox 475 5717 817 5778; baseline 0.006 -2"><span class='ocrx_word' id='word_1_615' title='bbox 475 5717 589 5776; x_wconf 62' lang='lat' dir='ltr'>A</span> <span class='ocrx_word' id='word_1_616' title='bbox 751 5766 817 5778; x_wconf 61' lang='grc'>.-</span> 
     </span>
    </p>
   </div>
  </div>
 </body>
</html>
