4696 5820
242 226 318 306 40⁷
564 215 569 222 ·
1008 221 1514 326 rrorosrrronns.
2194 232 2272 312 sos

247 424 330 472 nem
354 410 495 490 accepto
519 394 659 488 Spiritu
680 409 820 482 sancto,
854 399 1062 492 et'persona
1084 399 1156 471 iam
1179 414 1232 472 est
1281 397 1350 486 tia,
1373 396 1505 474 Roma.
1516 397 1557 472 6.
1578 399 1822 494 complectitur
1845 395 1943 474 baud
1964 400 2075 475 dubie
2088 400 2272 478 remissio-

246 499 470 573 reconcitiata
494 498 590 584 Deo,
627 498 742 569 estin
763 494 893 587 gratia,
928 500 1059 584 idest,
1092 515 1232 594 accepta
1282 522 1366 572 uem
1379 513 1605 592 peccatorum
1619 515 1654 573 et
1667 502 1941 596 acceptationem
1964 503 2077 577 totius
2097 526 2274 598 personae

148 673 150 677 .
247 605 325 676 Deo
349 603 392 672 ad
416 599 524 670 vitam
540 611 720 669 aeternam
736 600 1030 691 propterlilium,
1056 598 1232 673 ethaeros
1282 615 1429 694 propter
1457 601 1745 696 propiciatorem.
1794 599 1860 677 En
1889 603 1986 675 enirn
2016 606 2274 678 umbraculum

246 705 341 774 vitae
376 714 548 771 aeternae.
599 698 695 770 Haec
730 700 850 772 omnia
882 703 1065 794 coniungit
1087 702 1233 790 Paulus,
1280 703 1375 788 tilius
1395 699 1485 786 Dei,
1509 727 1584 774 non
1605 703 1722 775 solum
1746 717 1790 776 ut
1810 718 1957 798 propter
1979 729 2062 778 eum
2085 709 2192 780 detur
2214 731 2274 778 re-

252 807 402 897 loquens
419 805 463 872 de
478 800 685 874 remissione
702 814 938 892 peccatorum.
986 801 1060 875 Nec
1080 801 1233 878 dicimus
1280 802 1420 890 missio,
1445 805 1509 876 sed
1532 818 1574 878 ut
1593 819 1666 876 tota
1688 827 1843 899 persona
1861 818 2008 900 propter
2027 831 2110 878 eum
2128 823 2275 901 accepte

247 902 333 975 haec
361 903 478 975 ociosa
509 901 751 995 speculatione
779 903 874 990 lieri,
913 927 979 974 nee
1010 906 1232 977 securitatem
1282 905 1347 990 sit,
1372 917 1464 978 tecta
1486 906 1722 1000 imputatione
1744 906 1904 978 iusticias
1923 908 2056 1002 ipsius,
2081 920 2123 980 ut
2145 923 2272 1002 postea

247 1006 498 1078 confirmamus
519 1003 559 1072 in
573 1005 650 1090 his,
675 1004 824 1099 quinon
839 1018 948 1100 agunt
964 1005 1234 1096 poenitentiam,
1281 1007 1452 1081 dicemus.
1477 1003 1564 1079 ldeo
1580 1020 1616 1080 et
1629 1005 1737 1080 Rom.
1750 1003 1788 1080 ⁶.
1802 1008 1950 1080 dieitur:
1977 1009 2049 1081 Per
2063 1009 2166 1082 illius
2180 1011 2271 1082 obe-

248 1109 309 1179 sed
331 1106 439 1176 simul
465 1105 667 1175 doctrinam
690 1105 735 1176 de
757 1106 975 1196 poenitentia
998 1129 1061 1176 seu
1083 1130 1233 1178 conver·
1282 1105 1452 1180 dientiam
1468 1107 1553 1180 iusti
1566 1109 1827 1181 constituentur
1841 1107 1957 1180 multi.

249 1211 349 1279 sione
365 1221 460 1278 reete
474 1206 729 1298 proponimus,
753 1218 788 1275 et
814 1207 985 1294 dicimus,
1010 1221 1174 1300 oportere
1194 1209 1234 1278 in
1383 1205 1538 1284 XXXII.
1571 1202 1675 1282 Nihil
1698 1209 1939 1300 ambiguitatis
1961 1209 2070 1280 estin
2086 1209 2274 1280 vocabulis

248 1307 457 1380 bominibus
472 1331 573 1379 veros
592 1330 737 1398 pavores
753 1329 846 1392 esse,
871 1309 963 1379 sicut
979 1309 1233 1401 scriptumest:
1282 1307 1501 1380 remissionis
1515 1323 1738 1402 peccatorum
1753 1325 1787 1381 ct
1802 1308 2122 1396 reconciliationis,
2147 1311 2210 1380 sed
2224 1311 2274 1380 de

239 1411 308 1482 'Ad
324 1434 427 1502 quem
442 1409 648 1500 respiciam,
674 1410 717 1478 ad
736 1410 929 1479 contritum
946 1410 1087 1502 spiritu,
1111 1424 1146 1482 et
1162 1423 1235 1482 tre-
1283 1409 1458 1480 vocabulo
1482 1407 1641 1482 iustitiae
1662 1425 1698 1482 et
1714 1411 1973 1483 iustificationis
1988 1423 2181 1490 moventur
2193 1433 2273 1481 cer·

127 1579 132 1589 ,
252 1526 406 1582 mentem
421 1532 600 1580 serinones
615 1531 722 1584 meos.
773 1505 822 1580 Et
838 1512 1002 1582 addimus
1018 1513 1234 1583 consolatio·
1283 1509 1429 1582 tarrdna.
1482 1508 1557 1599 Qui
1571 1511 1622 1582 sic
1644 1511 1861 1605 loquuntur,
1887 1509 2075 1583 iustificari
2095 1511 2274 1602 significat

248 1613 393 1682 nemin
417 1634 501 1681 voce
517 1606 704 1700 Evangelii
720 1613 955 1702 propositam,
979 1636 1050 1704 qua
1066 1637 1147 1683 cum
1163 1614 1235 1684 eri-
1284 1633 1325 1680 ex
1346 1609 1482 1682 iniusto
1504 1610 1637 1684 iustum
1664 1612 1761 1698 lieri,
1783 1611 1821 1682 id
1843 1626 1911 1697 est,
1943 1633 1987 1681 ex
2007 1635 2085 1683 uon
2113 1607 2272 1683 habente

249 1727 383 1803 guntur
398 1713 504 1782 corda
518 1711 597 1796 fide,
622 1734 703 1779 vere
719 1727 976 1801 regenerantur
987 1709 1170 1799 homines,
1196 1727 1234 1786 et
1283 1710 1524 1782 obedientiam
1552 1711 1657 1800 legis,
1695 1713 1773 1782 beri
1801 1706 1990 1784 habentem
2016 1711 2274 1797 obedientiam,
2337 1743 2338 1746 ¹

250 1816 342 1884 liunt
355 1811 577 1884 domicilium
592 1809 749 1902 Spiritus
762 1814 884 1896 saneti,
901 1814 997 1884 iuxta
1015 1814 1148 1886 dictum
1159 1813 1235 1886 Ga·
1283 1825 1320 1882 et
1335 1834 1408 1882 non
1424 1812 1531 1883 simul
1546 1813 1830 1905 complectuntur
1850 1812 2092 1884 remissionem
2107 1825 2273 1905 peccato-

250 1917 311 1990 lat.
327 1917 380 1988 t:
414 1910 517 1982 Misit
530 1911 625 1983 Deus
641 1910 816 2004 Spiritum
833 1915 898 1983 lilii
923 1915 978 1985 sui
994 1915 1034 1983 in
1049 1918 1155 1986 corda
1168 1939 1236 1987 no·
1283 1935 1365 1983 rum
1389 1925 1424 1982 et
1445 1913 1790 1998 reconciliationem,
1822 1913 1861 1982 id
1882 1926 1953 1998 est,
1988 1913 2274 2004 acceptationem

251 2029 342 2100 stra,
366 2015 592 2084 clamantem:
619 2009 722 2083 Abba
738 2026 849 2103 pater.
900 2010 949 2087 Et
963 2015 1070 2086 simul
1085 2030 1184 2107 pater
1200 2027 1236 2087 et
1284 2033 1476 2105 personae,
1514 2037 1591 2083 non
1619 2027 1712 2084 recte
1740 2014 1949 2106 loquuntur.
2001 2011 2097 2102 Quia
2115 2013 2274 2084 certissi-
2337 2029 2338 2034 ’

250 2116 346 2185 lilius
368 2115 506 2206 spirant
528 2112 702 2204 Spiritum
723 2127 884 2185 sanctum
904 2115 943 2184 in
972 2117 1079 2185 eorda
1102 2130 1237 2204 nostra,
1283 2137 1384 2183 mum
1400 2127 1463 2198 est,
1484 2112 1635 2184 Paulum
1655 2137 1729 2182 non
1744 2113 1845 2206 loqui
1861 2126 1998 2184 tanturn
2012 2113 2273 2184 demutatione
2337 2175 2338 2202 ,

198 2283 201 2290 .
252 2216 521 2300 iuxtadietum,
545 2208 764 2286 lohan.14.:
795 2212 989 2286 Veniemus
1013 2218 1175 2305 adeum,
1199 2231 1235 2290 et
1284 2213 1497 2307 qualitatum
1512 2215 1551 2282 in
1565 2213 1683 2305 nobis,
1710 2238 1792 2284 cum
1805 2213 1925 2308 inquit
1937 2210 2132 2286 Romaiu
2160 2213 2272 2284 lusti·
2337 2243 2338 2278 i

253 2317 474 2388 mansionem
490 2316 584 2405 apud
603 2338 683 2385 eum
706 2315 874 2386 iaciemus
892 2331 957 2388 etc.
1283 2315 1429 2385 beamur
1443 2314 1552 2404 gratis
1565 2315 1677 2406 ipsius
1689 2315 1801 2404 gratia
1816 2338 1879 2405 per
1893 2313 2163 2400 redemtionem,
2178 2337 2273 2407 quae
2337 2381 2338 2384 ,

353 2414 469 2489 ΧΧΧ.
503 2413 715 2508 Quanquam
740 2430 857 2487 autem
882 2415 998 2487 renati
1020 2419 1235 2490 suntdomi·
1284 2428 1336 2485 est
1354 2411 1553 2485 in'Cbristo
1569 2413 1669 2502 lesu,
1691 2439 1797 2508 quem
1819 2415 2005 2506 proposuit
2025 2413 2122 2486 Dens
2143 2415 2271 2507 propi·
2337 2439 2338 2442 ¹

253 2517 374 2588 cilium
391 2514 480 2603 Dei,
510 2528 628 2587 tamen
653 2539 790 2607 semper
806 2518 844 2586 in
859 2515 924 2589 bac
940 2519 1013 2589 vito
1027 2519 1169 2590 mortali
1195 2521 1235 2588 in
1284 2516 1450 2585 ciatorem
1467 2539 1535 2607 per
1555 2518 1660 2586 iidem
1682 2516 1721 2584 in
1750 2515 1922 2604 sanguine
1949 2515 2036 2586 eius.
2086 2513 2159 2584 Hic
2185 2539 2270 2586 curn
2337 2511 2338 2552 ³

254 2616 478 2702 bominibus,
504 2630 648 2687 manent
663 2617 882 2688 tristissimae
904 2619 1075 2714 reliquiae
1089 2623 1234 2712 peceati,
1283 2615 1416 2686 Paulus
1438 2639 1523 2687 usus
1546 2617 1592 2688 sit
1607 2618 1717 2686 verbo
1734 2614 1986 2700 lustilicamur,
2011 2628 2046 2687 et
2060 2616 2175 2698 dicat,
2200 2639 2270 2686 nos

254 2718 439 2810 multiplex
454 2705 587 2806 caligo‘,
614 2729 650 2786 et
664 2717 862 2802 dubitatio,
887 2721 1038 2789 carnalis
1054 2721 1234 2808 securitas,
1283 2717 1467 2787 iustificari
1484 2718 1552 2787 lide
1569 2717 1851 2809 persanguinem
1866 2710 2018 2801 Cbristi,
2042 2729 2138 2788 certe
2158 2716 2267 2789 iutel—
2337 2783 2338 2786 ,

254 2819 443 2889 admiratio
460 2817 526 2901 sui,
550 2818 662 2907 frigus
676 2812 715 2884 in
734 2817 922 2889 dilectione
936 2817 1014 2906 Dei,
1038 2834 1072 2892 et
1087 2845 1234 2912 magnae
1283 2816 1363 2908 ligit
1384 2816 1492 2886 simul
1515 2817 1760 2888 remissionem
1782 2828 2025 2908 peccatorum,
2046 2840 2112 2909 pro
2135 2819 2269 2911 quibus

255 2921 376 2990 sordes
397 2913 629 3010 cupiditatum
654 2919 867 3005 errantium,
906 2934 942 2990 et
969 2922 1178 2993 omissiones
1200 2937 1236 2997 et
1283 2917 1427 3007 sanguis
1441 2917 1595 2988 effensus
1611 2931 1676 3004 est,
1699 2931 1734 2988 et
1749 2916 2086 3004 reconciliationem,
2099 2939 2181 2988 curn
2197 2941 2268 3012 qua

255 3035 382 3092 errata.
435 3017 519 3088 Ideo
547 3041 684 3109 semper
704 3020 867 3108 indigent
881 3019 1002 3092 Sanni
1028 3023 1234 3094 remissione
1284 3041 1406 3088 verum
1421 3032 1473 3088 est
1486 3019 1710 3088 coniunctam
1727 3017 1764 3086 in
1780 3017 1886 3088 nobis
1900 3038 1974 3086 esse
1988 3019 2268 3102 renovationem,

253 3133 488 3210 peecatorum,
513 3119 602 3188 sicut
619 3119 656 3186 in
671 3117 820 3188 Psalmis
835 3121 976 3201 dicitur,
999 3121 1139 3194 Psalmo
1156 3125 1234 3198 32:
1283 3141 1390 3211 quam
1415 3117 1521 3188 efficit
1543 3113 1602 3188 bic
1628 3119 1704 3209 ipse
1726 3114 1909 3203 Christus,
1947 3114 2046 3188 Deus
2077 3131 2113 3191 et
2139 3115 2265 3200 homo,
2337 3135 2338 3152 ¹

252 3215 406 3290 Probae
419 3219 535 3289 orabit
549 3221 593 3287 ad
608 3233 643 3292 te
658 3216 946 3294 omnisssnctus.
999 3219 1088 3292 ltem
1104 3223 1234 3297 Psalm.
1284 3220 1373 3288 dans
1387 3217 1560 3308 Spiritum
1575 3233 1733 3290 sanctum
1747 3219 1787 3289 in
1802 3221 1910 3290 corda
1931 3233 2063 3294 nostra.
2114 3219 2187 3292 Sed
2213 3235 2267 3290 ta·

256 3319 358 3393 145.:
393 3317 475 3389 Non
497 3318 746 3390 iustificabitur
763 3320 802 3388 iu
822 3335 1010 3414 conspectu
1032 3335 1094 3394 tuo
1118 3327 1235 3396 omnis
1283 3343 1365 3389 men
1395 3318 1552 3411 primum
1583 3314 1671 3390 boec
1699 3320 1895 3414 tomolflliss
1927 3320 2128 3414 quietim,
2168 3323 2267 3392 unde
2337 3377 2338 3384 κ

255 3421 390 3494 vivens.
440 3417 528 3489 ltem
544 3418 608 3489 lob
624 3422 676 3492 9.:
711 3418 793 3490 Non
816 3421 1026 3495 iustificatos
1051 3420 1160 3496 bomo
1175 3452 1236 3498 co·
1283 3413 1535 3512 certobabeas
1557 3419 1802 3492 remissionem
1824 3433 2057 3512 peecatorum.
2106 3415 2267 3493 Omitta-
2337 3413 2338 3506 ᾗ

254 3545 330 3592 ram
347 3518 423 3590 Deo
439 3533 504 3591 etc.
554 3519 702 3610 Semper
716 3521 825 3610 igitur
839 3523 924 3592 lides
944 3525 1093 3616 accipiat
1110 3530 1236 3597 remis-
1283 3543 1363 3592 mus
1377 3523 1581 3613 praestigias
1595 3517 1861 3614 sophismatum,
1877 3535 1911 3592 et
1924 3532 2127 3593 reverenter
2141 3535 2266 3593 tenea·
2337 3541 2338 3598 ἒ

255 3624 391 3703 sionem
412 3633 557 3712 propter
586 3622 837 3707 mediatorem,
870 3625 1069 3718 etquidem
1091 3641 1236 3719 propter
1283 3644 1364 3692 mus
1379 3617 1448 3706 boc
1464 3625 1644 3694 decretum
1659 3623 1842 3707 divinum,
1866 3618 1926 3693 bic
1939 3623 1979 3693 in
1993 3621 2104 3693 Paulo
2121 3645 2266 3715 expres·
2337 3613 2338 3682 Ϊ

254 3723 420 3792 meritum
443 3720 531 3795 eius.
579 3717 678 3790 llaec
700 3722 749 3792 ita
769 3722 956 3795 manifesta
980 3737 1080 3809 sunt,
1106 3741 1235 3800 utnon
1284 3745 1381 3807 sum,
1407 3737 1441 3795 et
1454 3724 1538 3796 satis
1553 3725 1598 3796 ab
1623 3724 1700 3816 ipso
1722 3724 1953 3795 declaratum.
1993 3721 2084 3794 Nam
2100 3718 2171 3794 boc
2187 3726 2265 3796 vult

253 3822 426 3905 dubitem,
448 3842 572 3891 omnes
586 3821 768 3894 veritatem
786 3835 821 3894 et
834 3825 1111 3898 consolationem
1126 3855 1236 3924 quae-
1284 3821 1435 3906 Paulus,
1459 3839 1604 3918 propter
1623 3824 1736 3896 allum
1752 3819 1914 3894 bomin&
1936 3819 2067 3895 habere
2082 3825 2267 3896 remittit)-

255 3934 372 3993 reutes
386 3920 559 3993 assentiri.
1283 3947 1377 4012 nem,
1402 3940 1522 4015 postea
1537 3949 1620 3995 vero
1634 3946 1700 3996 nos
1713 3947 1786 3995 esse
1800 3925 1912 3996 iustos
1924 3938 2071 4017 propter
2083 3927 2264 4017 propicia-

353 4017 489 4094 XXXl.
512 4017 604 4091 Cum
620 4018 744 4092 Petrus
764 4020 804 4091 in
820 4016 922 4093 Actis
943 4025 1039 4120 dicit,
1064 4051 1139 4122 cap.
1159 4032 1234 4106 tu:
1283 4039 1396 4095 torem
1410 4025 1524 4095 filium
1540 4025 1606 4097 Dei
1622 4024 1818 4114 Dominum
1844 4039 2007 4098 nostmm
2022 4023 2139 4098 lesum
2154 4022 2265 4099 Chri·

251 4120 346 4193 Huic
358 4115 941 4213 omnesl’ropbetaetestimonium
956 4122 1155 4218 perbibent,
1177 4159 1235 4205 re·
1282 4138 1397 4208 stum,
1423 4127 1540 4196 Deum
1557 4141 1590 4197 el
1608 4146 1727 4196 semen
1748 4125 1920 4202 mulleri&

252 4222 457 4294 missionem
480 4233 702 4313 peccatorum
724 4222 881 4312 accipere
913 4247 977 4312 per
1003 4249 1134 4302 nomen
1159 4237 1234 4306 eius
1384 4225 1557 4298 xxxttn
1581 4223 2263 4318 Usitataphrasisestlobau.14.et11.:

253 4321 454 4415 omnesqui
468 4322 617 4393 credunt
631 4323 670 4392 in
685 4346 782 4393 eum:
809 4322 892 4394 Non
914 4320 982 4397 boc
997 4330 1090 4416 vult,
1115 4328 1235 4406 homi·
1281 4321 1357 4416 ligo
1373 4349 1451 4400 sum
1467 4326 1561 4415 Vita,
1578 4327 1658 4413 Via,
1674 4326 1824 4415 Veritas,
1838 4325 2078 4414 Resurrectio,
2091 4343 2128 4402 et
2140 4343 2262 4402 minen

254 4447 318 4496 nes
332 4436 471 4494 tantum
485 4418 616 4494 babere
637 4423 879 4496 remissionem
899 4441 1141 4518 peccatorum,
1167 4461 1233 4528 po.
1282 4429 1433 4500 discerni
1458 4443 1598 4522 oportet
1617 4431 1728 4504 vitam
1756 4431 1976 4502 essentialem
2006 4433 2045 4500 iu
2068 4426 2214 4502 Christo
2241 4455 2262 4500 a

249 4539 322 4598 stea
336 4522 490 4616 propriis
506 4522 698 4626 virtutibus
712 4525 821 4596 iustos
835 4547 928 4608 esse,
953 4531 1015 4600 sed
1031 4555 1102 4604 uua
1118 4537 1233 4610 forma
1281 4527 1353 4600 vita
1369 4545 1483 4604 ereata
1502 4532 1539 4602 iu
1555 4532 1698 4605 renatis.
1747 4529 1858 4604 Recte
1875 4531 1984 4620 igitur
1996 4532 2140 4618 dicitur,
2166 4527 2261 4602 hanc

250 4623 425 4718 loquendi
451 4624 698 4714 complectitur
723 4625 967 4698 remissionem
1000 4649 1232 4727 peccatorum,
1280 4625 1426 4721 phrasin
1449 4631 1605 4704 effective
1628 4632 1796 4722 intelligi:
1822 4629 1901 4721 Ego
1923 4657 2001 4709 sum
2020 4633 2113 4720 vita,
2145 4633 2262 4715 idest,

177 4754 180 4760 ¹
251 4728 288 4794 id
306 4724 467 4810 est,mali
486 4718 663 4798 baeremis
679 4725 719 4796 in
733 4738 872 4812 natura,
885 4741 921 4800 et
932 4731 1105 4804 malarum
1120 4741 1231 4810 aetio·
1279 4731 1434 4802 efficiens
1454 4732 1576 4810 vitam.
1626 4731 1714 4818 Via,
1750 4735 1877 4819 idest,
1911 4737 2043 4804 ducens
2065 4747 2100 4806 et
2122 4755 2261 4826 regens.

252 4847 338 4897 num
354 4825 635 4915 praeteritarum,
661 4838 695 4896 et
712 4849 882 4919 personae
897 4831 1005 4901 totius
1019 4841 1231 4928 acceptatio·
1279 4829 1436 4924 Verllffl,
1462 4832 1501 4903 ld
1524 4847 1594 4920 ⁸⁸1,
1619 4832 1774 4904 effidem
1793 4857 1955 4920 verm,
1988 4836 2109 4907 lumen
2133 4859 2261 4908 men·

251 4949 351 5008 nem,
376 4949 457 4994 cum
477 4949 546 5018 qus
568 4949 706 5019 semper
726 4927 923 4999 fisdonstio
936 4928 1091 5022 Spiritus
1104 4944 1229 5028 senen,
1276 4932 1365 5002 aens
1378 4933 1417 5004 in
1434 4947 1552 5004 mente
1571 4949 1605 5004 n
1621 4935 1746 5020 eorde,
1771 4961 1843 5028 quo
1861 4935 2062 5027 agnoscitur
2085 4951 2120 5011 n
2135 4937 2261 5026 anigi-

248 5041 284 5098 et
304 5025 458 5094 incoatio
480 5027 648 5100 novitatis
675 5028 715 5098 in
738 5029 858 5114 nobis,
892 5053 981 5124 quae
1011 5049 1132 5124 postea
1161 5043 1228 5114 erit
1275 5046 1335 5106 tur
1349 5030 1458 5107 Deus.
1508 5032 1757 5120 Resurrectio,
1781 5036 1820 5108 id
1844 5053 1912 5125 est,
1933 5037 2147 5110 resuscitans
2167 5040 2260 5111 alios
2337 5123 2338 5128 Ἰ

231 5131 384 5234 Γἱηῑεὲςιά
400 5123 439 5195 in
452 5122 522 5196 vita
536 5139 691 5200 aeterna.
742 5128 802 5203 Sic
816 5127 947 5202 Paulus
960 5131 1130 5227 loquitur,
1145 5167 1226 5213 curn
1274 5135 1338 5229 qui
1351 5131 1797 5225 credideruntEvangelio.
1887 5150 1890 5162 '

247 5227 410 5299 nominat
424 5227 744 5304 reconciliationem
760 5228 867 5306 Rom.
880 5233 916 5306 6·
956 5229 1046 5305 ltem
1062 5261 1141 5311 cum
1156 5268 1224 5315 uo·
1373 5233 1543 5312 XXXIV.
1585 5234 1641 5308 lta
1663 5259 1802 5311 neccue
1824 5253 1877 5312 est
1897 5240 2051 5312 discerni
2079 5239 2256 5314 iusticiam

187 5361 189 5365 ·
244 5331 356 5403 minat
372 5327 538 5422 gratiam·
562 5325 645 5400 Non
660 5331 743 5406 estis
765 5333 833 5406 sub
855 5333 951 5426 lege,
974 5336 1036 5410 sed
1055 5341 1122 5414 snb
1144 5365 1226 5437 gra-
1272 5337 1511 5426 essentialem,
1548 5359 1638 5434 quae
1664 5341 1779 5412 estin
1810 5341 1903 5424 filio,
1940 5343 2125 5418 aiusticia
2149 5343 2256 5414 uobis

142 5723 252 5786 A
