4696 5820
174 271 178 280 ’
246 267 322 346 269
548 379 550 384 Ι
717 258 1867 414 ΒΕΟι.1)Ε·εΤυυιιενΕΤ.ΡΗ1ιοεοΡΗ.1
2096 395 2100 404 Ι
2206 289 2286 364 260

250 445 355 536 cipue
383 441 607 514 celebrantur
628 438 801 527 Rhodus,
829 443 929 516 lunia
946 442 1051 516 Asiae
1075 447 1240 526 minoris,
1260 501 1263 538 ,
1288 447 1419 518 stolum
1434 449 1584 520 electum
1602 474 1662 522 vas
1680 453 1942 528 misericordiae
1958 457 2082 546 genuit
2104 471 2140 528 ct
2155 460 2284 529 erudi·

251 569 379 638 magna
397 541 567 631 Graecia,
595 545 740 616 Tarsus.
791 543 846 616 Ex
870 544 972 618 lunia
995 549 1091 616 enim
1115 571 1239 620 rursus
1288 549 1351 624 vit.
1415 547 1574 644 Utraque
1608 567 1642 623 et
1664 549 1817 627 Rhodus
1842 572 1877 628 et
1898 553 2034 629 Tarsus
2061 585 2142 630 cum
2171 563 2285 630 armis

252 649 370 721 Attica
385 641 516 742 schola,
532 660 566 716 et
578 643 812 717 Massiliensis
826 650 1001 738 proiectae
1014 663 1110 734 suut.
1135 645 1240 722 taho-
1286 647 1464 722 Romauis
1479 653 1549 724 late
1565 654 1826 746 imperantibus
1840 659 2018 744 cessisset,
2043 656 2283 756 αὐτονομίαν

252 750 312 820 dia
329 743 448 818 schola
464 745 650 842 Aegyptiis
668 763 840 820 vestutate
856 751 1017 842 proxima
1031 752 1123 836 tuis,
1148 774 1239 844 quae
1288 764 1435 842 propter
1455 754 1655 824 studiorum
1679 758 1919 837 celebritatem
1953 763 2103 834 retinuit
2134 788 2283 837 conces-

254 866 288 923 et
308 850 397 920 situs
412 850 698 940 opportunitate,
725 864 760 921 et
775 852 985 921 amoenitate
1008 876 1050 921 ac
1071 852 1240 943 temperie
1288 854 1389 922 sione
1404 877 1648 950 consensuque
1670 859 1974 950 populiRomani.
2026 861 2185 958 Utraque
2210 867 2282 936 im-

254 951 361 1036 coeli,
385 964 419 1022 et
442 951 573 1020 artium
593 952 754 1021 omnium
778 965 882 1044 atque
902 953 1078 1044 imprimis
1101 949 1241 1024 mathe-
1288 953 1522 1026 munitatibus
1551 959 1680 1028 donata
1709 976 1778 1047 est,
1817 965 1863 1034 ab
1886 962 2047 1034 Antonio
2067 963 2281 1040 Triumviro

252 1055 462 1126 maticarum
476 1051 633 1136 cultura,
659 1076 797 1143 semper
811 1077 890 1122 cum
903 1052 1064 1148 Aegypto
1081 1055 1240 1126 certavit.
1290 1053 1435 1140 Tarsus,
1458 1081 1478 1125 a
1496 1056 1645 1128 Tiberio
1659 1058 1807 1134 Caesare
1821 1060 1985 1136 Rhodus.
2036 1062 2280 1160 Pythagoram

255 1154 389 1226 Allusit
410 1155 453 1222 ad
477 1149 564 1222 haec
589 1167 733 1224 venuste
746 1153 940 1239 Pindarus,
965 1158 1100 1244 lingens
1119 1155 1239 1224 lovem
1289 1168 1448 1226 autorem
1482 1174 1516 1229 et
1548 1178 1813 1251 propagatorem
1838 1162 2040 1237 Mutheseos
2073 1170 2110 1238 iu
2149 1195 2279 1264 magua

254 1252 411 1329 Rhodiis
434 1278 541 1324 aureo
564 1255 678 1324 imbre
702 1256 851 1346 pluisse,
878 1259 974 1350 quod
989 1259 1095 1348 primi
1111 1258 1149 1326 in
1164 1253 1240 1326 Eu·
1290 1253 1441 1327 Graecia
1456 1277 1666 1351 exceperunt
1682 1264 1788 1354 longo
1807 1269 1933 1336 ordine
1949 1265 2160 1362 Philosophi
2176 1300 2281 1366 prae-

255 1381 346 1450 ropa
363 1355 492 1426 editam
514 1380 533 1424 a
556 1380 630 1425 sese
644 1356 846 1426 Minervam
864 1358 1101 1448 excepissent,
1127 1371 1162 1428 et
1178 1360 1241 1426 de-
1290 1373 1438 1442 stantes,
1463 1383 1616 1452 quorum
1635 1364 1774 1456 aliquos
1789 1368 1930 1454 Sicilia,
1952 1370 2090 1464 aliquos
2114 1373 2187 1462 ipsa
2207 1377 2281 1447 lta-

254 1460 359 1530 cretis
380 1459 424 1526 de
446 1457 544 1527 cultu
571 1457 675 1527 editis
695 1458 888 1528 coluissent
912 1459 1111 1544 sacrificiis,
1140 1459 1240 1530 nullo
1292 1459 1339 1528 lia
1362 1462 1548 1550 produxit,
1574 1464 1712 1557 aliquos
1737 1468 1875 1540 insulae
1897 1471 2045 1542 vicinae.
2097 1471 2195 1546 luter
2211 1475 2280 1549 hos

254 1576 372 1635 tamen
401 1552 564 1628 adhibito
598 1559 700 1648 igue,
738 1582 843 1652 quem
876 1563 972 1652 quod
1005 1556 1241 1630 Athenienses
1289 1563 1585 1634 commendantur
1622 1569 1809 1660 praecipue
1847 1571 2021 1663 Telauges
2053 1571 2278 1668 Pythagorae

253 1677 373 1755 postea
391 1659 610 1730 addidissent
623 1659 822 1729 Minervam
841 1655 1001 1730 Athenas
1025 1663 1240 1752 praetulisse,
1289 1659 1400 1746 lilius,
1430 1659 1682 1756 Empedocles,
1715 1665 1969 1761 Epicharmus,
2002 1671 2170 1748 Architas
2201 1681 2279 1752 Ta·

254 1764 387 1835 scilicet
409 1764 505 1854 quod
520 1757 659 1833 Rhodii
684 1763 842 1852 occupati
862 1760 991 1832 studiis
1017 1764 1240 1852 gravioribus
1289 1763 1469 1845 sentinus,
1497 1765 1690 1838 Alcmaeon
1707 1767 1942 1858 Crotoniates,
1969 1773 2162 1867 Hippasus,
2187 1779 2279 1852 Phi-

254 1862 604 1960 pervestigandorum
628 1877 789 1933 motuum
815 1863 1044 1948 coelestium,
1069 1867 1240 1958 eloquen-
1289 1863 1419 1948 lolaus,
1442 1861 1614 1938 Eudoxus
1630 1867 1801 1959 Cnidius,
1830 1873 1990 1947 Platonis
2011 1901 2146 1960 comcs,
2174 1885 2278 1958 cuius

252 1969 339 2039 tiam
363 1964 484 2033 minus
507 1979 740 2037 exercuerunt
763 1989 869 2056 quam
896 1961 1149 2049 Athenienses,
1175 1967 1239 2036 etsi
1288 1987 1399 2056 supra
1410 1969 1543 2037 mentio
1558 1969 1648 2040 facta
1672 1987 1745 2057 est,
1772 1974 1950 2047 Timaeus.
2004 1977 2144 2052 lonicae
2169 1981 2277 2056 scho-

251 2069 348 2140 inter
369 2065 437 2138 tria
462 2061 644 2136 rhetorum
668 2087 796 2154 genera
818 2061 956 2137 Rhodii
985 2067 1090 2136 etiam
1116 2091 1240 2136 recen·
1288 2065 1343 2135 lae
1358 2079 1519 2136 autorem
1537 2094 1681 2139 suarum
1698 2075 1966 2167 disciplinamm
1992 2101 2207 2170 agnoscunt,
2235 2113 2276 2157 ac

141 2237 142 2240 ,
252 2183 387 2241 sentus.
1287 2167 1499 2256 profitentur
1515 2165 1700 2242 Thaletem
1721 2173 1903 2249 Milesium
1924 2204 2051 2270 genere
2075 2197 2110 2254 et
2133 2189 2276 2278 origiue

353 2266 490 2338 Habuit
510 2268 549 2337 in
580 2263 712 2340 Rhodo
737 2263 819 2340 suas
847 2271 1114 2341 observationes
1146 2267 1240 2361 Hip-
1288 2262 1512 2354 Phoenicen,
1546 2273 1608 2363 qui
1633 2269 1796 2368 Astyagis
1820 2279 2010 2352 Medorum
2041 2285 2130 2373 regis
2151 2293 2274 2360 seculo

253 2361 418 2464 parchus.
469 2368 542 2440 Nec
563 2370 695 2462 opinor
715 2369 900 2442 Colossum
921 2373 1024 2456 solis,
1054 2374 1116 2465 qui
1143 2374 1238 2443 inter
1288 2382 1371 2438 ante
1396 2367 1640 2442 monarchiam
1665 2373 1841 2450 Persicam
1870 2385 2029 2472 eclipsim
2048 2383 2143 2456 Solis
2167 2415 2274 2479 prae·

254 2485 385 2563 septem
408 2472 535 2540 mundi
559 2473 727 2542 miracula
753 2489 1054 2567 ¹commemoratur
1082 2474 1238 2566 cylindri
1288 2469 1388 2545 dixit,
1438 2469 1494 2542 Ex
1509 2467 1565 2542 his
1580 2475 1758 2550 derivatae
1773 2498 1857 2552 suut
1873 2481 1992 2554 Attica
2015 2501 2050 2556 et
2064 2485 2272 2562 Massilien-

253 2589 314 2645 aus
336 2573 482 2642 obetisci
505 2573 633 2662 fimes,
664 2575 701 2642 tn
730 2576 841 2642 etiarm
869 2575 976 2644 tuine
1006 2575 1236 2646 fabrefactum
1287 2571 1347 2643 sis.
1401 2568 1587 2642 Thaletem
1619 2581 1729 2648 secuti
1758 2598 1844 2653 sunt
1865 2585 1971 2675 longa
1994 2587 2085 2656 serie
2110 2593 2272 2681 plurimi,

252 2689 349 2747 tauta
371 2673 561 2742 altitudine
578 2697 700 2758 usum,
733 2675 802 2742 nisi
824 2676 868 2745 ad
892 2669 1238 2770 συμπαρατηρήσεις
1286 2669 1572 2761 Anaximander,
1614 2677 1872 2770 Anaximenes,
1915 2691 2162 2780 Anaxagoras,
2199 2693 2272 2764 Ar-

252 2777 455 2857 stellarum,
497 2787 532 2843 et
565 2776 752 2867 praecipue
781 2777 1027 2847 inerrantium,
1100 2776 1236 2846 Fecisse
1286 2768 1446 2860 chelaus,
1468 2775 1648 2864 Socrates,
1674 2781 1787 2854 Plato.
1847 2785 1957 2858 Hune
1979 2787 2188 2865 Aristoteles
2209 2821 2271 2866 ex-

249 2874 347 2948 hunc
365 2871 542 2946 Chareten
563 2875 742 2972 Lyndium
767 2876 914 2972 Lysippi
945 2879 1159 2970 discipulum
1180 2901 1235 2948 se-
1286 2876 1398 2965 cepit,
1424 2889 1460 2946 et
1476 2875 1695 2971 Speusippus
1711 2906 1771 2955 seu
1790 2889 2148 2977 potiusXenocrates.
2193 2895 2269 2986 Qui

248 2977 433 3071 puppim,
456 2975 658 3048 cubitorum
679 2979 868 3050 altitudine
884 2977 1023 3050 Plinius
1046 2995 1150 3049 autor
1172 2995 1234 3060 ess,
1285 2977 1330 3043 ad
1345 2972 1572 3048 Aristotelem
1586 2985 1631 3051 ab
1647 2982 1839 3059 Academia
1854 2987 2015 3062 Platonis
2027 2995 2269 3070 discedentem

249 3081 314 3176 qui
330 3092 365 3150 et
379 3091 492 3148 terrae
507 3094 605 3150 motu
622 3093 858 3172 prostratum,
883 3105 964 3149 cum
981 3080 1110 3150 iaceret
1124 3081 1234 3150 mira·
1284 3097 1321 3144 se
1343 3077 1590 3165 contulerunt,
1616 3081 1932 3177 Peripateticorum
1958 3095 2026 3164 sibi
2051 3120 2183 3169 nomen
2209 3102 2270 3170 in-

247 3183 329 3252 culo
343 3180 450 3250 tuisse
464 3181 631 3270 prodidit.
682 3181 751 3252 Sed
770 3195 923 3253 erectum
943 3205 1065 3250 rursus
1080 3183 1235 3252 sacrasti·
1283 3177 1465 3252 diderunt.
1515 3178 1664 3278 Reliqui
1680 3191 1819 3280 sequuti
1836 3191 2072 3266 Xenocratem
2088 3222 2269 3273 successo·

246 3296 364 3354 tutum
381 3278 567 3350 sarraceni
587 3282 696 3371 longo
717 3294 876 3374 tempore
900 3297 996 3372 post,
1022 3307 1101 3352 cum
1122 3285 1234 3374 impc-
1283 3302 1358 3348 rem
1380 3283 1419 3350 in
1441 3280 1654 3374 Academia,
1687 3313 1818 3360 nomen
1844 3295 2138 3370 Academicorum
2162 3327 2268 3374 usur-

246 3398 348 3456 rante
368 3377 563 3452 Constante
584 3380 740 3454 Heraclii
764 3385 837 3454 lilio
857 3379 1028 3457 Rhodum
1052 3407 1233 3475 expugna·
1283 3396 1424 3471 parunt,
1439 3396 1473 3452 et
1490 3401 1719 3460 recensentur
1731 3395 1858 3464 ordine
1870 3391 1927 3468 his
1942 3399 2160 3474 nominibus.
2195 3405 2269 3476 Po-

245 3503 318 3558 tsm
334 3482 575 3574 diripuissent,
590 3487 782 3558 crudeliter
795 3487 957 3557 demoliti
971 3487 1232 3574 confregerunt.
1281 3481 1414 3569 lcmon,
1438 3481 1604 3572 Crantor,
1627 3487 1803 3563 Arcesilas
1817 3499 1954 3586 mediae
1970 3498 2184 3574 Academiae
2200 3531 2267 3578 au-

245 3585 378 3658 Aereas
393 3585 438 3654 de
453 3609 495 3655 eo
510 3608 641 3658 massas
656 3588 886 3678 noningentis
902 3587 1043 3656 camelis
1061 3585 1229 3656 ludaeum
1282 3594 1350 3668 tor,
1374 3583 1550 3680 Lacydes,
1574 3583 1763 3679 Evander,
1780 3591 1989 3686 Agesilaus,
2011 3603 2123 3676 velut
2140 3605 2267 3680 Cicero

243 3691 420 3783 quendam
445 3701 658 3778 asportasse,
691 3685 859 3760 historiae
882 3703 1038 3758 recentes
1062 3687 1230 3774 referunt,
1279 3678 1465 3773 Egesitt'us,
1478 3684 1679 3760 Carneades
1693 3717 1806 3766 novae
1820 3715 1924 3772 autor
1940 3697 2164 3794 Academiae,
2179 3709 2267 3808 Cly.

242 3793 341 3860 unde
356 3787 537 3861 aestimari
554 3791 761 3879 magnitudo
787 3793 910 3883 pot'est.
963 3788 1100 3860 Ferunt
1122 3788 1228 3858 etiam
1279 3783 1482 3874 tomachus,
1507 3785 1685 3884 Pyrrhus,
1711 3792 1914 3872 Heraclitus
1937 3801 2081 3898 Tyrius.

242 3891 478 3979 Aristippum,
493 3912 573 3958 cum
589 3890 726 3962 amissis
742 3891 925 3978 naufragio
942 3891 1097 3963 fortunis
1110 3892 1230 3960 omni·
1380 3885 1429 3958 Hi
1444 3891 1589 3980 digressi
1606 3916 1626 3962 a
1640 3891 1799 3969 Platonis
1816 3903 1970 3994 vestigiis
1979 3907 2192 3981 Academiae
2205 3939 2266 3984 ve·

241 3993 309 4062 hus
323 3991 398 4083 ipse
413 4013 492 4060 cum
509 3989 630 4081 paucis
647 3994 692 4062 ad
707 3992 808 4063 littus
820 3987 1007 4064 Rhodium
1029 3991 1148 4063 tabula
1165 4017 1226 4062 ve-
1278 3988 1364 4059 teris
1380 3991 1542 4079 dogmata
1560 4015 1808 4086 corruperunt.
1836 4001 1957 4091 Quare
1971 4008 2034 4100 qui
2053 4011 2163 4082 secuti
2180 4031 2264 4087 sunt

241 4107 319 4166 ctus
339 4091 558 4184 pervenisset
580 4092 719 4179 salvus,
740 4107 776 4166 et
799 4093 1034 4165 obambulans
1053 4094 1091 4160 in
1107 4093 1227 4164 littore
1276 4089 1460 4183 aliquanto
1477 4107 1557 4183 post
1571 4091 1732 4168 Platonis
1745 4116 1952 4192 sectatores,
1978 4131 2053 4180 non
2070 4109 2264 4184 Academi-

238 4193 467 4286 geometricas
489 4193 617 4283 figuras
637 4196 873 4288 conspexisset
887 4190 1062 4266 machinis
1077 4194 1226 4286 quibus·
1276 4215 1335 4264 cos
1360 4215 1433 4262 sese
1455 4210 1617 4286 suspecto
1642 4201 1805 4288 nomine,
1828 4208 1889 4276 sed
1915 4205 2120 4288 Platonicos
2141 4219 2264 4288 vocari

238 4299 322 4368 dam
345 4295 558 4385 insculptas,
584 4295 727 4368 iussisse
747 4297 862 4366 socios
884 4297 980 4368 bono
993 4297 1114 4365 animo
1141 4319 1225 4382 esse,
1275 4293 1478 4380 voluerunt,
1493 4297 1826 4398 coniunxeruntque
1840 4331 1963 4380 rursus
1978 4334 2058 4382 com
2070 4310 2263 4390 Academia

237 4401 333 4493 quod
350 4393 537 4469 hominum
554 4397 699 4486 vestigia
714 4399 911 4491 reperisset,
936 4396 1224 4490 gratulatumque
1274 4396 1385 4466 veteri
1406 4397 1651 4490 peripateticae
1668 4399 1820 4480 scholas.
1872 4407 2088 4486 Claruerunt
2112 4439 2153 4486 ex
2177 4420 2262 4506 illis,

236 4501 305 4573 sibi
332 4514 368 4572 et
390 4499 556 4590 reliquis,
589 4501 784 4592 quodnon
811 4501 850 4569 iu
872 4499 975 4571 littus
997 4499 1222 4568 barbaricum
1272 4521 1352 4566 cum
1381 4498 1445 4568 alii
1475 4513 1552 4571 tum
1574 4526 1658 4572 vero
1684 4501 1929 4598 Aristarchus,
1957 4510 2190 4602 Ammonius,
2226 4538 2262 4594 et

236 4603 337 4674 eiecti
361 4613 494 4685 essem,
528 4599 753 4672 confirmasse
774 4596 1030 4672 humanitatem
1053 4622 1134 4689 erga
1156 4595 1221 4670 bo·
1271 4599 1361 4669 alter
1392 4595 1477 4670 huic
1505 4593 1708 4695 ὁμώνυμος
1745 4629 1981 4699 cognomento
2028 4613 2173 4702 κακκᾶς
2202 4625 2260 4694 vel

235 4703 341 4794 spites
364 4718 399 4774 et
419 4701 626 4792 naufragos,
650 4727 724 4774 non
750 4703 952 4773 defuturam
975 4702 1047 4772 illis
1061 4695 1222 4770 homiui·
1269 4694 1516 4798 κακκοφόρος,
1538 4701 1714 4794 Plotinus,
1737 4709 1910 4800 Amelius,
1925 4713 2155 4804 lamblichus,
2170 4721 2260 4794 Plu-

232 4805 315 4888 bus,
339 4807 432 4896 apud
461 4827 550 4898 quos
576 4797 701 4874 barum
724 4805 856 4874 artium
882 4803 998 4875 studia
1026 4816 1221 4874 tractaren·
1268 4797 1430 4888 tarchus,
1454 4801 1646 4899 syrianus,
1672 4805 1979 4910 ProclusLytius,
2003 4821 2106 4893 cuius
2131 4841 2167 4898 et
2191 4821 2261 4922 hy·

230 4919 301 4976 tur.
355 4905 489 4974 Tarsus
511 4918 696 4996 tantopere
719 4906 936 4986 celebratur,
957 4919 996 4976 ut
1020 4905 1140 4972 sinon
1156 4928 1219 4974 ex·
1268 4898 1432 4994 potheses
1458 4920 1579 4977 extant
1608 4913 1866 4986 astronomicae
1889 4932 1923 4989 et
1943 4915 2179 5019 μετάφρασις
2198 4955 2261 5000 τε·
2335 4955 2336 4966 ’

230 5005 410 5092 calluisse,
448 5029 612 5098 aequasse
636 5021 753 5078 tamen
778 5008 835 5092 vel
855 5001 1127 5090 Alexandriam,
1161 5006 1218 5076 vel
1266 4997 1478 5100 τραβίβλου
1493 5005 1697 5092 Ptolemaei,
1719 5011 1887 5089 Marinus
1902 5023 2074 5112 etplures
2090 5027 2164 5110 alii,
2180 5055 2258 5111 uuo

228 5103 389 5180 Athenas
411 5107 699 5197 praecellentium
724 5109 950 5198 ingeniorum
974 5108 1093 5198 copia,
1125 5131 1216 5200 quos
1266 5106 1418 5207 alterum
1440 5108 1634 5199 excipiente
1656 5113 1695 5182 in
1726 5116 1846 5188 eadem
1875 5123 2045 5212 statione,
2086 5129 2256 5204 velutin
2334 5163 2335 5188 ³

226 5209 352 5281 multis
393 5208 497 5280 terris
531 5211 849 5299 praestantissimos
877 5208 1134 5302 suppeditavit,
1180 5223 1215 5280 et
1265 5209 1340 5278 acie
1355 5209 1527 5282 continua
1543 5217 1697 5306 quadam
1712 5223 1942 5293 successionis
1957 5227 2048 5299 serie
2062 5253 2152 5321 pene
2169 5233 2257 5306 inde

224 5312 368 5382 floreae
385 5311 504 5401 vigore
521 5310 721 5381 studiorum
736 5315 915 5397 tradatur,
942 5312 1001 5381 sed
1026 5309 1213 5400 indigenas
1265 5333 1376 5403 usque
1391 5313 1437 5382 ab
1450 5315 1596 5384 exordio
1618 5316 1846 5393 monarchiae
1859 5319 2051 5400 Caesarum
2074 5333 2120 5402 ad
2149 5334 2256 5410 initia

221 5415 307 5500 lere,
334 5437 407 5486 non
423 5425 559 5486 exteros
572 5411 662 5489 aluit
675 5413 781 5486 ullos.
832 5411 1093 5485 HaecPaulum
1111 5409 1212 5504 Apo·
1262 5426 1424 5486 motuum
1441 5411 1763 5494 Samacenicorum.
1871 5437 1874 5444 '
2018 5449 2020 5456 ·
