4604 5804
28 255 106 326 ιιι
701 242 760 332 ,ι
813 235 1109 320 cnaomcou
1132 205 1385 316 camonis.
1616 217 1638 364 -ss
1909 170 1911 184 ¹
2011 239 2090 313 ιιι

32 421 192 496 servatis
209 419 276 506 iis,
302 417 365 512 qui
388 430 534 508 propter
554 413 813 486 confusionem
828 414 868 484 io
884 413 1051 484 flammas·
1095 411 1343 503 bogdooosor‚
1368 431 1477 504 qnare
1498 430 1565 480 oos
1592 431 1735 506 qnoque
1753 408 1928 482 iodicium
1948 424 2087 484 metua-

31 523 195 596 conieeti
212 533 335 606 erant,
359 517 423 590 ubi
440 517 550 589 simol
564 529 772 612 conspectus
794 528 848 588 est
863 515 958 586 lilius
976 510 1044 586 Dei
1095 529 1194 600 mus,
1219 526 1255 583 et
1274 536 1357 584 vere
1379 533 1651 606 expavescamus
1672 513 1855 604 agnitione
1877 525 2084 586 nostrorum

31 629 131 699 inter
150 638 236 696 tres
256 623 365 698 viros.
968 691 971 714 Ι
1094 616 1320 692 delictorum.
1369 610 1418 688 Et
1431 639 1512 686 eum
1527 615 1698 707 receperit
1711 610 1810 685 Deus
1825 616 2085 690 contaminatos

139 722 392 797 Accesserant
415 733 450 794 ct
475 719 545 792 alia
568 720 681 796 multa
702 718 896 804 miracola,
928 716 1044 792 inter·
1094 730 1166 790 tam
1182 712 1373 790 horrendis
1390 716 1602 798 sceleribus,
1627 739 1701 788 nou
1715 718 1919 789 dubitemus
1934 719 2083 808 gratiam

31 828 269 926 pretationes
283 823 415 898 somnii
430 825 476 894 de
490 819 617 892 ordine
630 844 844 912 regnorum,
869 820 914 891 de
927 841 1043 913 poena
1095 819 1286 890 exuberare
1303 842 1410 912 supra
1426 817 1618 915 delictum,
1644 819 1806 892 etlilium
1822 816 1890 891 Dei
1904 821 2083 912 potentio-

31 932 356 1021 Nabogdonosor,
380 939 415 997 et
432 923 656 996 restitutione
673 925 768 1006 eius,
795 924 840 993 de
857 921 1043 1014 poeniten·
1092 944 1168 991 rem
1187 943 1261 992 esse
1276 934 1352 993 toto
1368 943 1476 1011 regno
1491 921 1636 1013 peccati.
1910 997 1916 1008 a

34 1038 82 1106 tia
106 1037 218 1116 eius,
247 1043 283 1103 et
305 1025 531 1100 hauddubie
552 1026 621 1096 alia
647 1026 760 1096 multa
774 1023 929 1096 illustria
943 1023 1043 1094 testi·
1195 1021 1384 1096 Discamus
1406 1023 1511 1094 etiam
1526 1036 1620 1094 recte
1638 1023 1836 1114 intelligere
1858 1023 1992 1098 dietum
2008 1021 2083 1096 Da-

33 1136 161 1208 monia
187 1130 414 1226 praesentiae
434 1151 517 1200 suae
539 1123 750 1198 in'Ecclesia
766 1123 863 1200 Deus
878 1124 1043 1210 ostendit,
1094 1125 1200 1197 niclis
1215 1127 1260 1196 ad
1286 1147 1419 1217 regem:
1452 1121 1598 1196 Peccata
1621 1137 1680 1195 tua
1699 1149 1843 1197 remove
1860 1127 2020 1210 iusticia,
2047 1141 2082 1198 et

35 1261 127 1331 quae
155 1235 451 1315 consideremus,
485 1245 519 1300 et
540 1240 580 1300 ut
603 1231 774 1315 sciamus,
809 1251 900 1321 quae
922 1242 958 1299 et
979 1227 1042 1296 ubi
1095 1228 1299 1324 iniquitates
1328 1241 1407 1298 tuas
1434 1226 1613 1322 beneficiis
1636 1249 1718 1316 erga
1740 1251 1929 1320 pauperes,
1959 1228 2082 1299 eterit

35 1339 146 1411 luerit
169 1333 360 1419 Ecclesia,
391 1347 425 1404 et
448 1331 563 1424 qualis
585 1331 694 1402 fuerit
716 1332 753 1400 io
778 1353 902 1411 cruce,
934 1343 969 1400 et
983 1327 1041 1397 di·
1093 1331 1229 1402 sanatio
1244 1329 1458 1401 delictorum
1471 1341 1627 1400 tuorum.
1679 1328 1814 1400 Concio
1831 1346 1882 1403 est
1897 1331 2082 1421 poeniten,-

36 1463 180 1512 scamus
206 1437 404 1508 discrimen
418 1429 597 1506 Ecclesiae
620 1447 655 1504 et
669 1433 900 1523 imperiorum
919 1430 1043 1522 politi·
1091 1431 1184 1517 tiae,
1217 1432 1255 1502 in
1281 1454 1350 1526 qua
1375 1431 1476 1524 prior
1494 1452 1575 1522 pars
1602 1429 1774 1522 praecipit
1795 1434 2080 1504 conversionem:
2117 1495 2124 1510 ,
2244 1459 2246 1466 ’

38 1567 177 1614 ιοιιιιιι.
222 1535 280 1609 Ac
292 1559 395 1629 saepe
409 1535 547 1626 legatur
560 1533 695 1625 integra
704 1533 865 1607 Danielis
880 1527 1041 1606 historia.
1092 1528 1219 1604 Abiice
1235 1547 1395 1626 peccata,
1418 1547 1453 1604 et
1476 1533 1694 1604 convertaris
1713 1533 1758 1602 ad
1773 1533 1948 1605 iusticiam
1967 1550 2002 1616 et
2016 1535 2082 1614 be-

139 1640 378 1715 Conlirmant
397 1651 516 1710 autem
540 1657 608 1706 nos
629 1659 772 1731 quoque
795 1629 853 1704 his
870 1633 1040 1726 tempori·
1092 1635 1316 1706 neiicentiam
1338 1658 1418 1726 erga
1440 1635 1571 1707 iniuste
1592 1656 1788 1725 oppressos.
1841 1635 1942 1708 Sicut
1956 1633 2082 1710 Esaias

37 1749 103 1818 hus
132 1741 234 1815 haec
263 1740 462 1825 miracula,
494 1737 578 1832 quia
609 1751 801 1821 testantur,
840 1737 1041 1807 doctrinam
1091 1737 1226 1831 inquit:
1258 1737 1419 1810 Desinite
1435 1737 1527 1808 male
1546 1738 1691 1823 faeere,
1706 1751 1741 1809 et
1765 1737 1888 1808 discite
1909 1752 2004 1811 recte
2024 1740 2081 1810 la-

38 1841 313 1938 Prophetarum
336 1865 456 1912 veram
478 1861 571 1924 esse,
597 1853 631 1912 et
654 1839 705 1910 ibi
728 1852 868 1911 tantum
888 1859 964 1909 esse
978 1861 1040 1907 ve-
1092 1861 1180 1914 cere.
1231 1836 1396 1911 Secunda
1417 1862 1498 1932 pars
1519 1851 1571 1921 est
1588 1839 1783 1925 absolutio,
1815 1841 1978 1912 videlicet
1994 1839 2080 1933 pro-

39 1973 113 2020 ram
138 1945 365 2029 Ecclesiam,
390 1943 455 2014 ubi
478 1941 650 2032 recipitur
668 1943 830 2016 doctrina
851 1935 1038 2033 propheti·
1091 1939 1213 2011 missio
1228 1941 1449 2012 remissionis
1465 1953 1705 2032 peccatorum,
1730 1963 1834 2035 quam
1851 1956 1992 2034 oportet
2008 1942 2079 2018 fide

39 2075 86 2121 ea.
149 2044 401 2120 Namludaei
432 2055 510 2133 post
534 2043 687 2114 deletam
708 2067 730 2114 a
753 2041 838 2114 Tito
864 2039 1039 2137 lerosoly·
1091 2041 1215 2135 accipi,
1266 2039 1320 2113 Ac
1341 2043 1381 2114 in
1400 2044 1520 2136 priore
1541 2055 1640 2134 parte
1661 2066 1741 2112 cum
1760 2044 1975 2136 praecipitur
1990 2069 2079 2114 eon-

42 2175 136 2222 mam
151 2171 239 2220 non
255 2141 618 2229 retinentDanielem,
642 2144 704 2237 qui
719 2143 907 2237 praedixit,
932 2139 1040 2216 Chri·
1092 2145 1225 2227 versio,
1257 2168 1333 2216 non
1355 2139 1422 2217 hoc
1446 2146 1595 2230 dicitur,
1626 2157 1765 2215 nostras
1779 2145 1934 2230 xvirtutes
1948 2146 2079 2216 mereri
2149 2153 2162 2170 ⁸

9 2309 11 2324 .
40 2267 133 2325 stum
146 2263 272 2325 stante
286 2247 412 2340 politia
423 2243 583 2316 Mosaica
598 2260 788 2319 venturum
804 2268 895 2332 esse,
920 2259 955 2317 et
970 2268 1039 2316 nu·
1089 2245 1333 2318 remissionem
1366 2261 1611 2341 peccatorum,
1643 2247 1703 2317 sed
1735 2259 1874 2319 tantum
1907 2247 2079 2322 traditum

41 2379 182 2426 merum
198 2372 382 2424 annorum
399 2347 581 2439 expressit.
630 2345 813 2420 Praedirit
827 2363 863 2420 et
876 2349 1037 2419 futurum
1090 2361 1141 2420 est
1164 2362 1408 2441 praeceptum,
1434 2350 1560 2442 inquo
1584 2361 1619 2419 et
1633 2349 1741 2420 verba
1761 2365 1854 2423 recte
1872 2349 2079 2442 intelligen-

42 2481 134 2542 esse,
151 2469 204 2528 ut
221 2450 475 2534 interficiatur,
501 2460 669 2519 ettamen
689 2449 1039 2542 tollatpeccatumct
1089 2450 1134 2520 da
1169 2463 1261 2521 sunt.
1323 2448 1437 2541 Regia
1467 2450 1591 2521 concio
1621 2462 1675 2522 est
1705 2451 1750 2521 de
1784 2465 1859 2524 toto
1889 2451 2077 2542 Decalogo.

45 2573 221 2642 mortem,
249 2567 284 2624 et
299 2550 606 2640 deinde-politiam
615 2550 797 2622 Iudaicam
812 2552 1038 2624 interituram
1088 2548 1251 2646 Cumque
1289 2553 1497 2624 nominatur
1527 2551 1689 2636 iusticia,
1725 2549 2080 2644 comprehenduntur

45 2684 131 2748 esse,
156 2673 195 2730 et
214 2655 545 2728 ludaeosnoniore
560 2653 734 2743 populum
748 2653 830 2729 Dei.
862 2651 938 2724 Has
951 2678 1037 2747 pro·
1088 2677 1172 2725 vera
1196 2653 1332 2746 agnitio
1356 2652 1445 2740 Dei,
1474 2652 1609 2744 agnitio
1630 2654 1797 2746 promissi
1809 2655 2015 2742 salvatoris,
2041 2669 2077 2728 et

44 2758 184 2852 phetias
201 2779 331 2831 omnes
347 2753 470 2840 ludaei
487 2753 652 2826 scelerate
667 2768 912 2847 corrumpunt,
1088 2753 1185 2826 fides
1236 2751 1376 2826 Deinde
1399 2756 1668 2849 praecipiuntur
1688 2755 1857 2828 beneficia
1882 2757 1922 2826 in
1944 2758 2077 2848 guber-

143 2862 348 2935 Monemur
370 2869 488 2929 autem
512 2868 547 2925 et
569 2849 651 2928 hoc?
659 2857 837 2948 exemplo,
861 2871 902 2928 ut
926 2879 1036 2950 quae-
1087 2857 1263 2943 nationo,
1277 2871 1318 2930 ut
1331 2859 1475 2948 cogitet,
1499 2858 1649 2950 imperia
1663 2854 1771 2930 aDeo
1787 2859 1977 2932 constituta
1989 2878 2077 2944 esse,

46 2982 161 3038 rentes
175 2961 379 3036 Ecclesiam
404 2981 478 3028 nou
500 2956 615 3028 solum
632 2971 847 3050 spectemus,
873 2959 936 3053 qui
951 2957 1037 3030 reti·
1087 2971 1128 3030 ut
1157 2960 1309 3030 foveant·
1330 2973 1366 3033 et
1398 2970 1519 3050 tegant
1550 2959 1745 3049 legitimam
1770 2961 1991 3047 societatem,
2033 2986 2076 3034 ac

45 3082 151 3138 neant
166 3065 303 3156 scripta
316 3056 543 3153 prophetica,
566 3061 627 3128 sed
643 3060 705 3154 qui
718 3059 896 3133 retineant
906 3083 945 3131 ea
959 3061 1035 3132 sine
1086 3061 1293 3153 praesertim
1310 3075 1351 3134 ut
1365 3085 1552 3155 oppressae
1567 3055 1748 3134 Ecclesiae
1762 3085 1865 3155 opem
1881 3064 2010 3136 lerant.

47 3168 273 3262 corruptelis.
328 3162 376 3236 Ut
391 3161 485 3253 Papa
507 3175 542 3232 et
564 3155 733 3241 haeretici
752 3163 841 3234 salso
864 3163 1035 3248 iactitant,
1622 3201 1623 3204 ι
1747 3241 1758 3260 .

46 3293 78 3339 se
93 3273 255 3342 rotinere
277 3265 406 3356 scripta
431 3258 636 3356 prophetica
662 3277 696 3334 et
715 3265 925 3355 apostolica,
951 3266 1035 3358 qnia
1341 3241 1402 3309 De
1428 3261 1555 3330 ΜΝ
1583 3241 1819 3348 scammuse.

46 3373 224 3463 attingunt
241 3367 442 3463 peregrinas
459 3363 658 3461 opiniones.
807 3407 819 3426 ι
972 3421 974 3428 .
1187 3365 1305 3458 Supra
1328 3366 1556 3452 dictumest,
1588 3381 1669 3458 post
1690 3367 1919 3440 Salomonem
1944 3371 2075 3442 dilace-

144 3475 330 3565 Legantur
352 3481 386 3539 ct
402 3466 592 3538 conciones
614 3458 839 3556 propheticae
856 3465 931 3536 eius
945 3480 1033 3538 tem-
1085 3480 1203 3540 ratum
1226 3490 1299 3540 esse
1322 3489 1471 3557 regnum
1494 3468 1618 3558 populi
1641 3464 1728 3554 Dei,
1753 3483 1787 3540 et
1812 3470 1936 3542 aluda
1952 3473 2074 3542 decem

47 3575 157 3663 poris,
189 3575 289 3668 apud
317 3565 557 3652 Ezechielem,
598 3561 804 3653 Danielem,
841 3566 1036 3659 Haggeum,
1086 3569 1201 3644 tribus
1221 3569 1362 3640 avulsas
1384 3591 1468 3640 esse.
1514 3563 1569 3640 Ea
1586 3545 1790 3643 dilaceratio
1805 3572 1905 3662 regni
1925 3585 1960 3644 et
1976 3572 2073 3644 bella

49 3674 279 3760 Zachariam,
309 3669 475 3745 Esdram.
527 3667 581 3740 Ac
603 3669 648 3738 de
670 3669 838 3740 vaticinio
862 3667 1047 3756 Danielis,'
1085 3671 1204 3744 civilia
1219 3671 1365 3743 adsidua
1379 3669 1535 3764 peperit,
1560 3684 1595 3742 et
1608 3692 1722 3742 novos
1743 3697 1784 3744 ac
1801 3673 1929 3768 impios
1945 3667 2077 3750 cultus}
2141 3731 2144 3738 ,

51 3791 83 3848 et
114 3783 158 3850 de
185 3780 238 3853 70
266 3767 551 3846 hebdomadibus
581 3769 674 3841 inira
707 3771 854 3843 dicetur.
921 3770 1034 3842 Valde
1086 3772 1180 3864 Quia
1213 3796 1311 3866 reges
1336 3771 1535 3858 Samariae,
1565 3797 1610 3845 nc
1639 3774 1755 3846 maior
1781 3789 1871 3848 esset
1899 3775 2073 3850 autoritas

52 3885 191 3968 prodest
214 3880 322 3952 etiam
345 3879 390 3947 ad
417 3871 696 3945 consolationem
718 3874 879 3966 piorum,
916 3875 1034 3946 consi·
1085 3898 1207 3968 regum
1230 3873 1338 3962 luda,
1368 3889 1513 3968 propter
1535 3876 1707 3970 templum
1730 3890 1765 3949 et
1794 3878 1984 3970 collegium
2011 3905 2072 3954 sa-

53 3981 170 4053 derare
192 3967 349 4070 insignia
371 3976 531 4069 exempla
565 3975 809 4046 conversionis
839 3975 931 4068 regis
959 3975 1033 4049 Na·
1085 3979 1289 4063 cerdotum,
1328 3991 1452 4050 contra
1481 3977 1593 4068 legem
1632 3979 1793 4051 divinam
1820 3981 2073 4065 instituerunt,

52 4081 294 4173 bogdonnsor‚
320 4081 442 4176 Darii,
467 4077 564 4172 Cyri.
617 4076 734 4167 Quam
759 4078 898 4151 illustre
916 4103 1033 4150 erem·
1083 4094 1124 4152 ut
1149 4080 1187 4148 in
1209 4104 1273 4152 suo
1296 4103 1407 4171 regno
1431 4081 1573 4151 duobus
1597 4080 1703 4164 locis,
1730 4079 1907 4153 inBethel
1931 4099 1965 4154 et
1976 4081 2071 4170 Dan,

53 4185 148 4270 plum
171 4203 225 4260 est
245 4185 403 4276 regulae:
437 4177 561 4252 Gratia
583 4180 752 4251 exuberat
781 4204 888 4274 supra
909 4203 1032 4273 pecca·
1084 4183 1324 4256 conderentur
1349 4182 1503 4271 templa,
1541 4181 1605 4250 ubi
1636 4177 1741 4251 vituli
1775 4185 1874 4254 aurei
1905 4183 2071 4256 collocati

54 4294 142 4373 tum,
171 4287 358 4362 conversio
381 4283 471 4373 regis
494 4279 802 4370 Nabogdonosor?
851 4282 1032 4356 interiecit
1083 4297 1185 4370 sunt,
1209 4297 1250 4356 ut
1267 4284 1522 4374 significarent,
1553 4282 1605 4352 ibi
1629 4283 1897 4356 sacrificandum
1916 4307 2008 4368 esse,
2034 4300 2071 4358 et

55 4379 108 4457 hic
147 4416 227 4462 rex*
252 4389 384 4460 multos
422 4397 577 4468 sanctos,
623 4383 799 4455 deleverat
842 4385 1032 4474 templum,
1081 4385 1280 4457 sacerdotes
1297 4409 1339 4457 eo
1354 4377 1624 4457 attrahebantur
1645 4388 1825 4472 mercede,
1850 4387 2011 4481 undique
2027 4412 2069 4458 er
2103 4375 2106 4384 ἡ

55 4504 167 4573 postea
181 4492 364 4564 mandavit
376 4485 518 4560 adorari
530 4496 673 4571 statuas,
695 4485 845 4557 coniecit
857 4486 897 4556 in
912 4487 1031 4576 ignem
1081 4487 1270 4559 levissimis
1298 4481 1518 4558 hominibus.
1577 4484 1633 4556 lta
1665 4499 1701 4558 ct
1722 4487 1905 4560 doetrinae
1933 4503 1968 4560 et
1992 4490 2072 4560 cul·

54 4589 143 4662 viros
157 4609 317 4679 sanctos,
342 4600 500 4665 taxantes
516 4586 646 4677 impios
661 4587 790 4660 cultus.
836 4586 951 4660 Tanta
968 4587 1031 4659 de·
1081 4605 1183 4664 tuum
1215 4589 1421 4682 depravatio
1450 4586 1551 4680 regni
1571 4589 1804 4674 mutationem
1827 4605 1976 4686 sequuta
2004 4606 2069 4672 est.

57 4683 131 4762 licta
145 4709 363 4769 attraxerunt
377 4689 586 4763 horribilem
600 4712 769 4781 poenam,
793 4714 897 4784 aqua
910 4703 1029 4762 tamen
1081 4687 1205 4766 Postea
1221 4705 1257 4765 et
1274 4690 1344 4764 alia
1366 4687 1507 4765 ethnica
1528 4691 1642 4780 idola,
1664 4685 1754 4764 Baal
1778 4705 1813 4765 et
1831 4693 1922 4783 alia,
1945 4693 2067 4768 addita

56 4783 145 4864 Deus
159 4823 238 4871 eum
254 4811 401 4892 propter
416 4816 534 4886 preces
551 4804 753 4872 sanctorum
769 4792 944 4865 liberavit
979 4791 1030 4866 Et
1079 4808 1175 4871 sunt.
1703 4847 1714 4868 .

57 4907 167 4977 postea
181 4899 476 4973 commonefactus
495 4889 561 4966 hac
578 4916 689 4986 poena
707 4893 806 4965 audit
823 4888 1029 4987 Prophetas,
1181 4895 1396 4992 Quanquam
1424 4909 1540 4969 autem
1570 4895 1611 4966 io
1637 4898 1779 4988 publica
1812 4899 2069 4992 gubernatione

60 5005 91 5060 et
111 5021 229 5074 verum
252 5003 366 5084 Deum
391 4997 569 5088 agnoscit,
595 4997 687 5069 etad
705 5019 785 5064 eum
800 4997 1028 5086 convertitur,
1077 4999 1158 5070 talis
1187 4999 1393 5093 depravatio
1421 4999 1607 5088 aregibus
1636 4999 1796 5082 instituta
1824 5004 1909 5076 luit:
1946 5018 2068 5076 tamen

61 5113 95 5161 ac
109 5103 290 5196 recipitur,
314 5123 517 5198 quanquam
536 5112 631 5172 tanta
646 5099 761 5168 fuerat
776 5099 887 5170 moles
903 5120 1028 5190 pccca-
1076 5097 1174 5172 Deua
1203 5099 1375 5172 immensa
1400 5101 1643 5172 misericordia
1669 5101 1712 5170 in
1732 5097 1801 5175 hoe
1820 5105 1932 5199 impio
1957 5129 2067 5198 regno

9 5295 10 5298 Ἴ
59 5203 187 5291 lorum,
216 5221 257 5281 ut
277 5203 484 5294 magnitudo
512 5222 588 5271 non
618 5198 765 5290 eogitari
793 5201 876 5272 satis
905 5200 1026 5290 possit.
1076 5201 1240 5275 excitavit
1252 5203 1458 5279 excellentes
1474 5196 1689 5294 Prophetas,
1712 5201 1850 5293 Etiam,
1874 5203 2068 5293 Elisaeum,

60 5289 112 5366 Sic
132 5305 235 5393 igitur
250 5309 414 5400 cogitate:
441 5299 611 5376 Ostendit
628 5297 728 5372 Dens
741 5302 828 5372 iram
845 5325 946 5376 suam
961 5305 1026 5374 ad-
1076 5300 1205 5392 Amos,
1231 5296 1383 5392 Ossam,
1407 5318 1441 5376 et
1454 5303 1560 5390 alios,
1585 5327 1649 5397 per
1672 5329 1763 5402 qnos
1774 5303 1969 5402 Ecclesiam
1991 5309 2067 5380 col-

61 5415 169 5476 tersus
198 5423 312 5484 tantos
334 5431 453 5501 roges,
483 5403 678 5492 Davidem,
703 5401 926 5500 Manassem,
952 5403 1027 5480 Na·
1065 5406 1177 5511 legit,
1214 5420 1411 5480 revocatam
1435 5406 1481 5480 ad
1502 5405 1578 5478 veri
1600 5403 1669 5480 Dei
1692 5409 1929 5501 agnitionem,
1962 5426 1996 5484 et
2018 5412 2088 5482 ad.
