4696 5820
82 309 147 383 401
400 385 405 394 ,

81 497 202 550 nevum
229 468 432 561 hominem,
463 473 527 569 qui
552 473 747 546 secundnm
768 467 885 544 Deum
912 486 1050 544 creatus

81 595 126 652 εει
138 578 175 648 in
187 575 324 648 iusticia
339 589 373 649 et
387 576 571 647 sanctitate
585 599 679 652 vera.
719 571 832 646 Gene.
847 575 897 648 1.:
923 571 1050 645 Facia-

81 702 149 751 mus
170 673 352 750 bominem
374 677 419 748 ad
439 675 627 767 imaginem
646 690 681 747 ει
696 673 965 748 similitudinem
983 699 1051 745 no-

80 796 187 854 stram.
235 773 332 870 Ergo
346 779 391 849 fit
402 777 536 849 mentio
551 779 595 849 de
610 801 648 848 ea
665 776 835 866 imagine,
861 799 950 870 quae
965 799 1050 847 con-

80 880 163 972 gruit
182 880 228 953 ad
247 879 403 971 singulas
425 899 610 971 personas,
635 900 725 972 quae
745 889 797 948 est
817 875 966 963 mentis,
986 901 1051 947 vo-

23 1063 26 1068 ,
80 979 230 1062 luntatis,
265 979 455 1075 sapientiae
484 992 519 1050 et
547 979 707 1050 iusticias
735 977 952 1065 similitudo,
985 1001 1051 1048 nec

80 1097 185 1154 umen
207 1075 300 1150 milri
320 1079 482 1172 displicet
500 1079 593 1166 dici,
621 1087 736 1151 totum
758 1075 874 1149 Adam
894 1091 1051 1150 creatum

79 1205 143 1252 esse
154 1181 196 1252 ad
211 1175 444 1277 archetypum
457 1180 571 1252 lilium
584 1177 670 1266 Dei,
695 1179 757 1274 qui
773 1191 825 1252 est
840 1178 1052 1252 substantia-

79 1285 117 1352 lis
129 1283 239 1373 imago
252 1282 387 1355 aeterni
402 1281 529 1377 patris,
554 1294 589 1354 et
602 1294 678 1355 erat
691 1293 910 1354 assumturus
924 1275 1051 1354 huma·

79 1405 150 1453 nam
165 1396 342 1454 naturam.

168 1480 252 1558 Vll.
289 1480 408 1554 Adam
428 1493 463 1553 et
475 1479 577 1554 Hera
599 1481 708 1577 lapsi,
732 1495 775 1554 ut
789 1483 912 1555 recitat
926 1503 1051 1553 narra-

81 1584 123 1652 tio
146 1583 184 1652 in
205 1579 360 1671 Genesi,
393 1595 626 1676 peccaverunt
655 1581 758 1653 abusi
787 1606 850 1656 sua
878 1583 1052 1670 libertate,

81 1705 144 1752 non
164 1683 275 1755 coacti
298 1685 521 1770 necessitate,
545 1705 611 1753 nec
633 1682 733 1755 Deus
754 1685 823 1756 luit
846 1707 949 1754 causa
975 1683 1052 1754 eius

23 1795 24 1800 ’
80 1782 201 1874 lapsus,
223 1785 291 1856 aed
310 1797 489 1878 peccatum
511 1806 533 1853 a
552 1781 725 1870 Diabolo,
747 1798 782 1857 et
806 1785 853 1855 ab
872 1784 945 1855 illis
966 1784 1053 1872 ipsis

80 1877 273 1956 hominibus
303 1899 423 1957 ortum
448 1896 511 1958 εει.
562 1882 662 1957 Sicut
683 1883 814 1956 Paulus
838 1883 955 1978 inquit
974 1881 1053 1956 Ro·

81 2005 163 2055 man.
182 1981 236 2057 5.:
267 1983 341 2054 Per
366 2009 480 2057 unum
500 1979 683 2053 hominem
704 1998 883 2076 peccatum
905 1985 1054 2058 intravit

81 2082 332 2167 inmundum,
363 2085 400 2154 id
430 2096 500 2172 εει,
531 2083 570 2152 in
599 2106 710 2174 genus
738 2080 948 2162 humanum.
1004 2083 1054 2158 Et

81 2179 371 2258 scortumst:
397 2182 550 2276 Serpens
573 2179 686 2254 Evam
711 2185 849 2278 decepit
869 2208 932 2257 sua
956 2199 1054 2258 astu-

23 2341 24 2356 ,
82 2285 132 2353 tia.
178 2281 225 2358 Et
244 2307 452 2380 execramur
467 2285 606 2358 Stoicos
620 2297 656 2358 et
671 2282 901 2358 Manichacus
914 2287 1054 2359 furores

23 2469 25 2486 ,
84 2385 121 2454 de
134 2387 349 2458 necessitate.

23 2499 24 2578 J
170 2483 266 2561 Vlll.
310 2483 366 2558 De
393 2484 577 2577 spiritibus
602 2487 708 2558 etiam
729 2487 901 2576 dicimus,
934 2511 955 2560 a
978 2483 1054 2558 Deo

85 2608 191 2657 omnes
210 2587 361 2681 spiritus
384 2588 619 2677 intelligentes
639 2601 772 2659 creatos
789 2611 864 2659 esse
880 2589 958 2660 sine
972 2613 1056 2681 pec-

84 2697 160 2755 cato.
212 2687 288 2760 Sed
314 2682 401 2770 hos,
433 2688 496 2782 qui
523 2687 756 2759 nominantur
776 2683 941 2775 Diaboli,
972 2712 1055 2760 suae

23 2875 24 2880 ἵ
85 2785 261 2860 voluntatis
282 2788 445 2859 libertate
460 2810 636 2879 peccasse,
659 2811 736 2856 non
753 2802 889 2860 coactos
903 2788 1056 2859 necessi-

86 2897 160 2972 tate,
182 2911 246 2959 nee
258 2885 359 2960 Deus
372 2887 441 2958 fuit
456 2910 557 2958 causa
574 2888 650 2958 eius
666 2887 805 2982 lapsus,
829 2891 891 2962 sed
908 2889 954 2960 ab
970 2887 1055 2981 ipsis

23 2999 24 3008 ’
86 2984 229 3060 Diabolis
249 3002 372 3061 ortum
392 3001 444 3059 est
466 3012 588 3059 eorum
610 3000 809 3080 peccatum,
834 3002 875 3060 ut
896 3013 1056 3082 expresse

23 3079 25 3168 ἶ
87 3087 221 3162 affirmat
246 3085 445 3173 Dominus,
479 3082 602 3162 luban.
624 3091 674 3161 fl:
711 3087 802 3162 Cum
832 3089 1056 3162 mendacium

86 3185 247 3280 loquitur,
284 3213 327 3260 ex
355 3188 509 3282 propriis
538 3188 717 3284 loquitur,
747 3201 782 3261 et
807 3203 860 3262 est
880 3192 1058 3262 mendacii

87 3301 185 3376 pater.
245 3285 298 3362 Et
325 3288 364 3360 in
387 3289 534 3382 epistola
556 3287 682 3361 ludae:
715 3283 872 3381 Angelos
896 3291 1058 3385 quinon
1088 3330 1091 3340 ·

23 3401 24 3458 3
87 3389 298 3463 retinuerunt
315 3390 490 3482 originem
513 3413 631 3472 suam,
657 3402 691 3463 et
706 3389 927 3484 reliquerunt
942 3393 1058 3463 domi-

23 3489 24 3554 Ῐ
87 3489 194 3562 cilium
215 3492 413 3586 proprium.
465 3487 514 3566 Et
528 3489 621 3564 Psal.
637 3489 690 3562 5.ε
714 3488 797 3563 Non
812 3488 910 3564 Dens
934 3495 1057 3567 volens

87 3587 297 3686 iniquitatem
316 3603 356 3664 tu
370 3615 418 3668 es.

23 3699 24 3708 ’
175 3691 237 3770 ΙΧ.
271 3691 386 3764 Primi
408 3705 570 3786 parentes
590 3691 682 3786 lapsi
703 3693 756 3763 rei
779 3693 926 3766 fuerunt
945 3707 1060 3766 aeter-

89 3814 146 3862 nae
165 3795 252 3882 irae,
279 3809 315 3866 et
336 3793 531 3866 amiserunt
549 3789 667 3866 lucem
685 3805 720 3866 et
732 3794 980 3868 rectitudinem
993 3820 1059 3865 vo-

89 3890 220 3966 luntatis
240 3908 276 3967 et
297 3896 433 3978 cordis,
458 3907 493 3966 ει
509 3895 689 3966 desierunt
705 3917 779 3966 esse
794 3896 965 3988 templum
979 3892 1059 3983 Dei,

90 4009 117 4064 et
134 4011 274 4088 propter
292 3997 450 4089 ipsorum
470 3994 608 4087 lapsum
627 3989 900 4089 tota'posteritas
913 4019 1058 4071 nascens

91 4115 125 4163 er
147 4097 397 4168 commixtione
420 4097 526 4166 maris
548 4109 582 4168 et
602 4096 778 4170 foeminae
802 4099 916 4171 adfert
937 4122 1060 4191 pecca·

91 4207 155 4266 tum
168 4198 334 4289 originis,
359 4213 401 4270 ut
415 4198 650 4292 appellatione
662 4199 793 4272 usitata
806 4213 960 4275 utamur.

177 4296 221 4372 ll.
253 4297 439 4370 Peccatum
453 4298 623 4389 originale
640 4313 690 4370 est
702 4323 820 4372 carere
835 4299 972 4381 iusticia
987 4299 1065 4370 ori-¹

92 4395 206 4496 ginali,
231 4402 267 4472 id
285 4415 352 4480 est,
377 4401 457 4470 luce
473 4397 512 4469 in
527 4412 645 4470 mente
659 4413 693 4470 et
706 4401 918 4472 rectitudine
929 4401 1061 4472 volun-

93 4497 162 4567 tatis
182 4514 217 4573 et
236 4502 371 4587 cordis,
402 4512 437 4572 et
458 4499 714 4591 gubernatione
738 4499 860 4574 divina
882 4500 921 4569 in
943 4502 1062 4589 nobis,

93 4614 223 4691 propter
256 4627 362 4698 quam
401 4602 705 4694 depravationem,
742 4623 833 4695 quae
863 4613 979 4673 secuta
1010 4616 1063 4673 est

93 4693 216 4790 lapsum
243 4705 441 4798 primorum
470 4716 677 4794 parentum,
705 4714 740 4774 ει
767 4715 911 4797 propter
938 4726 1060 4774 eorum

95 4795 217 4890 lapsum
241 4817 423 4877 nascentes
446 4804 496 4874 rei
518 4818 601 4876 sunt
625 4803 698 4874 irae
713 4818 892 4885 aeternae,
914 4805 986 4874 nisi
1002 4807 1062 4876 liat

95 4902 239 4975 remissio
254 4920 397 4999 propter
408 4905 520 4976 filium
527 4903 608 4991 Dei,
633 4906 678 4976 de
691 4927 761 4998 qua
774 4917 893 4997 postea
903 4905 1050 4978 dicetur.

184 5004 243 5080 Xl.
281 5002 499 5077 Damnamus
519 5003 727 5096 Pelagianos
746 5017 781 5076 et
803 4999 1064 5100 Anabaptistas,

97 5114 125 5168 et
143 5103 285 5193 similes,
310 5107 374 5203 qui
396 5128 541 5201 prorsus
561 5118 692 5196 negant
712 5107 828 5176 ullum
849 5127 922 5176 esse
940 5132 1063 5201 pecca·

97 5211 162 5270 tum
177 5207 342 5297 originis,
366 5221 401 5280 ει
417 5209 554 5298 fingunt
568 5220 730 5277 naturam
745 5202 902 5276 hominis
917 5231 989 5280 esse
1006 5207 1064 5278 in-

98 5312 228 5390 tegram,
249 5323 280 5380 et
295 5332 395 5403 posse
408 5308 478 5400 legi
485 5305 554 5378 Dei
567 5307 774 5392 satisfacere,
793 5319 828 5378 et
840 5307 917 5378 fieri
934 5310 1062 5381 iustam

99 5398 174 5491 lege.
220 5408 436 5482 Damnamus
456 5424 491 5483 et
507 5402 725 5493 Monachos,
749 5407 812 5501 qui
827 5407 962 5482 etiamsi
977 5411 1063 5483 reti-

149 5507 318 5586 llrcasru·
341 5517 444 5584 Orrn.
469 5509 646 5584 vonxll.

819 293 1325 378 PROPOSlTlONES.

2014 303 2091 382 toa
2134 393 2138 404 ,

1101 481 1188 540 nent
1201 491 1333 540 nomen
1350 466 1485 563 peccati
1498 469 1665 562 originis,
1684 485 1804 544 tamen
1817 485 1938 564 postea
1953 472 2089 564 dicunt,

1100 565 1197 644 hanc
1209 582 1374 642 naturam
1389 565 1578 644 hominum
1595 595 1694 663 posse
1711 573 1780 664 legi
1797 571 1866 644 Dei
1880 576 2089 661 satisfacere,

1102 685 1139 744 et
1172 672 1249 762 lege
1283 672 1411 743 iustam
1450 695 1536 745 esse.
1601 670 1760 764 Fingunt
1796 675 1880 746 item
1911 677 1986 767 lege
2014 703 2089 748 non

1102 772 1266 843 damnari
1295 784 1476 865 peccatum
1508 773 1676 864 originis,
1722 775 1805 870 qnia
1837 777 1893 848 lex
1923 780 2091 872 loquatur

1102 884 1242 947 tantum
1258 873 1303 944 de
1320 873 1536 960 actionibus,
1568 899 1644 944 non
1660 876 1705 945 de
1721 875 1858 948 iusticia
1874 879 1929 948 vel
1947 879 2090 951 iniusti-

1102 975 1157 1046 cia
1188 973 1366 1066 originali.
1424 972 1495 1046 Sed
1531 971 1617 1046 haec
1646 975 1875 1050 deliramenta
1905 980 2090 1052 manifeste

1102 1075 1304 1149 refutantur
1326 1075 1421 1148 dicto
1443 1073 1547 1145 Pauli
1565 1074 1672 1150 Rom.
1689 1075 1725 1153 7.
1750 1101 1830 1149 cum
1854 1080 1940 1152 citat
1963 1105 2003 1151 ex
2017 1077 2091 1152 De-

1102 1175 1240 1267 calogo:
1265 1173 1348 1248 Non
1366 1175 1608 1268 concupisces,
1633 1193 1668 1250 et
1684 1179 1847 1252 adfinnat
1860 1181 1912 1252 ibi
1927 1183 2090 1253 damnari

1103 1273 1172 1348 lroc
1184 1277 1337 1360 malum,
1362 1279 1459 1372 quod
1472 1300 1569 1349 nunc
1582 1279 1808 1352 nominamus
1820 1281 1992 1374 originale
2006 1307 2090 1376 pec·

1102 1391 1230 1450 catum.

1204 1475 1290 1554 Xll,
1324 1476 1553 1550 Voluntatem
1577 1491 1613 1551 et
1636 1478 1807 1552 iudicium
1825 1477 1895 1552 Dei
1918 1509 1959 1555 ex
1980 1487 2090 1558 verbo

1103 1579 1216 1672 ipsius
1234 1576 1496 1672 cognoscimus,
1521 1578 1602 1649 ideo
1625 1603 1705 1650 cum
1730 1583 1913 1675 quaeritur
1935 1587 2020 1678 quid
2045 1588 2091 1660 sit

1103 1693 1304 1772 peccatum,
1333 1679 1542 1771 inspiciatur
1562 1683 1710 1752 verbum
1728 1680 1812 1768 Dei,
1837 1684 1927 1757 sicut
1948 1685 2091 1758 etPau·

1104 1783 1161 1850 lus
1181 1781 1326 1852 deducit
1349 1803 1415 1850 nos
1438 1783 1484 1849 ad
1507 1782 1676 1868 verbum,
1700 1781 1885 1876 inquiens,
1908 1783 2015 1862 Rom.
2031 1789 2088 1860 θη

1104 1881 1174 1952 Per
1195 1883 1306 1971 legem
1330 1881 1465 1971 agnitio
1485 1881 1630 1974 peccati.
1688 1877 1738 1952 Et
1762 1880 1939 1954 lohannes
1962 1886 2091 1979 inquit,

1107 1982 1127 2051 1
1147 1978 1274 2054 leben.
1287 1983 1340 2053 S:
1366 1979 1554 2053 Peccatum
1577 1995 1629 2054 est
1648 1982 1817 2076 quiddam
1833 2007 1996 2077 pugnans
2009 2012 2090 2057 cum

1103 2083 1179 2174 lege
1195 2081 1274 2156 Dei.
1324 2077 1373 2154 Et
1389 2081 1565 2154 Dominus
1581 2083 1698 2177 inquit
1712 2078 1839 2160 Ioban.
1855 2086 1907 2157 b:
1934 2085 2089 2178 Spiritus

1104 2197 1245 2254 sanctus
1273 2197 1397 2274 arguet
1424 2185 1600 2255 mondum
1630 2185 1675 2254 de
1699 2199 1861 2278 peccato,
1894 2188 1990 2280 quod
2014 2211 2090 2258 non

1105 2286 1255 2355 credunt
1269 2283 1309 2353 in
1324 2307 1393 2354 me.
1954 2359 1958 2365 ,

1208 2382 1308 2457 xtlt.
1344 2379 1479 2454 Verum
1508 2395 1580 2470 est,
1611 2397 1791 2476 peccatum
1820 2409 1893 2457 esse
1920 2389 2090 2483 quiddam

1105 2485 1308 2577 discrepans
1328 2505 1348 2554 a
1370 2483 1540 2577 sapientia
1563 2496 1599 2556 et
1615 2485 1798 2558 voluntate
1814 2481 1902 2574 Dei,
1927 2492 1989 2560 sed
2004 2485 2091 2564 haec

1106 2589 1182 2759 {¹3²
1209 2583 2091 2777 'titillatllllltililllltllitltl‘

1106 2799 1186 2874 tur,
1209 2789 1269 2858 liat
1290 2785 1433 2858 collatio
1454 2787 1499 2856 ad
1516 2785 1663 2856 verbum
1677 2785 1757 2860 Dei.
1806 2781 1890 2858 Non
1904 2802 1956 2859 est
1968 2790 2006 2858 in
2023 2785 2091 2860 bo·
2141 2839 2143 2846 ψ

1106 2890 1204 2960 mine
1232 2910 1308 2957 non
1336 2898 1459 2957 renato
1489 2886 1644 2957 assensio
1668 2885 1768 2956 firma
1787 2888 1831 2957 de
1854 2887 1988 2959 iudicio
2011 2885 2092 2976 Dei,

1107 3013 1182 3062 non
1204 3001 1256 3060 est
1277 2985 1412 3078 agnitio
1434 2983 1500 3055 filii
1515 2982 1600 3069 Dei,
1624 3009 1699 3056 non
1721 2999 1805 3058 sunt
1825 2986 1936 3058 timor
1952 3002 1986 3060 et
2001 2989 2092 3060 dile-

1107 3092 1178 3162 ctio
1207 3084 1294 3174 Dei,
1333 3111 1398 3158 nec
1422 3084 1625 3157 obedientia
1654 3108 1853 3176 congruens
1883 3090 1927 3158 ad
1958 3105 2093 3163 caetera
2191 3154 2202 3160 -

1107 3203 1291 3285 praecepta
1310 3187 1489 3277 Decalogi.
1569 3183 1666 3257 Haec
1695 3187 1838 3259 collatio
1869 3201 1962 3259 recte
1989 3189 2092 3272 lacta,

1108 3291 1264 3363 ostendit
1291 3289 1395 3384 quale
1425 3302 1460 3358 et
1487 3300 1659 3379 quantum
1689 3288 1822 3358 malum
1845 3289 1890 3360 sit
1914 3305 2093 3382 peccatum

1109 3391 1277 3482 originis,
1309 3393 1353 3458 de
1382 3413 1454 3480 quo
1483 3386 1570 3458 dicit
1591 3385 1724 3458 Paulos
1744 3383 1851 3461 Rom.
1876 3389 1928 3460 8.:
1962 3388 2093 3463 Sensus

1108 3491 1225 3566 earnis
1238 3486 1428 3558 inimicicia
1443 3501 1493 3558 εει
1506 3488 1674 3558 adversus
1686 3485 1820 3568 Deum,
1844 3501 1880 3558 ει
1894 3489 1999 3559 simul
2014 3513 2094 3560 mo-

1108 3607 1171 3664 net
1192 3605 1322 3685 quanta
1343 3589 1406 3658 lux
1422 3600 1458 3660 et
1476 3598 1647 3682 quantum
1663 3587 1769 3656 decus
1784 3587 1906 3658 fuisset
1919 3584 2094 3660 humanae

1108 3707 1273 3775 naturae,
1304 3689 1334 3760 si
1362 3688 1565 3761 retinuisset
1594 3685 1851 3776 integritatem,
1884 3699 1917 3757 et
1940 3703 2093 3781 quantus

1109 3795 1227 3886 lapsus
1248 3790 1356 3862 fuerit
1377 3789 1527 3860 abiicere
1540 3783 1627 3858 haec
1642 3787 1735 3858 bona
1751 3809 1816 3879 pro
1834 3810 1870 3858 se
1886 3800 1920 3859 et
1935 3811 2001 3880 pro
2019 3803 2095 3862 tota

1110 3894 1324 3993 posteritate.
2016 3963 2019 3968 Δ

1210 3989 1311 4066 xlv.
1336 3983 1493 4063 LexDeo
1505 3999 1558 4060 est
1572 3987 1743 4079 sapientia
1758 4000 1900 4061 aeterna
1916 4004 1950 4064 ει
1963 3991 2095 4065 immn-

1111 4095 1231 4169 tabilis
1253 4093 1292 4162 in
1307 4091 1402 4172 Deo,
1427 4089 1581 4160 revelata
1598 4089 1637 4156 in
1651 4089 1814 4160 doctrina
1829 4091 1938 4181 legis,
1958 4091 2095 4184 praeci-

1110 4201 1211 4293 piens
1241 4193 1363 4289 quales
1389 4213 1464 4262 non
1488 4212 1582 4274 esse,
1613 4200 1649 4259 et
1671 4213 1762 4284 qnae
1784 4189 1914 4277 facere,
1948 4204 1983 4262 ει
2004 4215 2095 4284 quae

1111 4300 1274 4372 omittere
1305 4303 1484 4384 oporteat,
1523 4312 1586 4359 seu
1616 4291 1800 4382 postulans
1828 4292 2094 4381 congruentiam

1111 4424 1192 4473 cum
1221 4392 1392 4488 sapientia
1421 4404 1456 4461 ει
1483 4390 1666 4462 voluntate
1687 4385 1775 4476 Dei,
1806 4413 1896 4484 quae
1924 4391 1962 4458 in
1985 4393 2093 4462 verbo

1113 4521 1272 4592 expressa
1288 4508 1360 4580 est,
1382 4504 1416 4563 et
1433 4490 1643 4583 promittens
1658 4489 1752 4561 bona
1768 4489 2034 4577 obedientibus,
2060 4506 2096 4564 et

1112 4604 1285 4674 damnans
1304 4615 1444 4679 omnes,
1469 4591 1530 4685 qui
1550 4614 1625 4660 non
1641 4585 1774 4662 habent
1791 4585 1883 4661 hanc
1896 4614 2095 4680 congruen-

1112 4705 1217 4783 tiam,
1241 4720 1331 4793 qnae
1347 4707 1399 4766 εει
1414 4693 1564 4787 perfecta
1579 4691 1791 4762 obedientia.

1213 4797 1294 4871 XV.
1325 4792 1406 4868 Etsi
1425 4797 1480 4865 lex
1500 4809 1575 4870 erat
1591 4793 1727 4864 'noticia
1752 4802 1898 4860 naturae
1920 4789 2039 4860 addita
2057 4791 2095 4861 in

1113 4901 1308 4984 creatione,
1332 4910 1367 4968 et
1388 4906 1468 4988 post
1487 4894 1625 4985 lapsum
1642 4884 1811 4963 manserit
1825 4889 1864 4958 in
1878 4905 2005 4962 natura
2022 4888 2095 4962 ho-

1112 5001 1241 5088 minis,
1265 5013 1385 5071 tamen
1404 4993 1487 5088 quia
1507 5005 1651 5085 propter
1670 4990 1960 5084 depravationem
1984 4994 2094 5083 caligo

1112 5126 1238 5193 magna
1253 5113 1305 5172 εει
1318 5099 1357 5169 in
1370 5091 1563 5178 mentibus,
1586 5093 1667 5161 ideo
1680 5087 1778 5163 Dens
1791 5113 1868 5162 eam
1884 5107 1917 5164 et
1934 5116 2019 5164 voce
2034 5116 2096 5163 sua

1112 5201 1368 5299 promulgavit,
1399 5207 1440 5267 nt
1459 5205 1551 5264 extet
1572 5192 1813 5264 testimonium
1839 5191 1990 5282 arguens
2016 5217 2097 5285 pec-

1112 5317 1249 5390 eatum,
1272 5315 1307 5374 et
1327 5311 1447 5393 postea
1468 5292 1598 5365 docens
1619 5293 1731 5368 iustos
1750 5293 1871 5388 quales
1894 5295 2011 5363 cultus
2032 5316 2097 5384 ap-

1112 5405 1253 5500 probet.

1541 5495 1603 5570 26·
1830 5542 1833 5552 -
