4696 5820
106 232 197 310 aes
610 224 771 304 oron.
803 224 878 304 nu
907 223 1185 306 unnusro
1217 223 1370 306 nucu
1402 227 1643 308 neuneu.
1729 237 1733 248 1
1957 305 1964 314 ,
2052 237 2129 310 eso
2225 170 2233 176 ⁸

67 403 232 491 ,eatam
253 399 376 472 nativo
402 402 534 472 lcustra
553 399 693 470 laboret
719 410 864 484 natura,
896 411 932 470 et
954 419 1098 498 serpens
1145 419 1249 470 causa
1269 404 1387 470 motus
1408 397 1507 469 illius
1522 398 1666 470 initium
1680 400 1793 472 iaciat
1846 395 2032 492 Organum
2050 430 2126 474 mo·

100 503 263 595 putredo
276 502 315 572 in
329 502 422 572 illud
437 524 576 594 quoque
592 500 748 584 invadat,
770 502 865 592 quod
880 499 924 570 ad
939 500 996 568 sui
1010 524 1097 570 con·
1145 513 1201 572 tus
1216 499 1327 585 illius,
1354 501 1414 570 sed
1433 500 1713 574 involuntarium
1729 515 1763 572 et
1778 497 2024 598 ἀπροαίρετον
2042 519 2126 576 suut

100 603 346 676 servationem
369 625 409 672 ac
430 602 656 672 relectionem
673 615 799 671 natura
816 625 879 670 ceu
900 598 1095 690 repositura
1144 601 1363 670 musculosae
1378 614 1413 670 et
1427 601 1611 670 sensibiles
1627 603 1784 692 corporis
1796 615 1922 692 partes,
1948 629 2037 697 quae
2052 607 2125 676 illi-

101 718 207 789 erat,
232 695 423 783 καύσωνος
442 704 652 772 esuriuntur
668 697 843 795 ὀλέθριοι.
893 699 947 770 De
968 697 1095 770 harum
1141 724 1183 772 su
1208 696 1399 770 humorum
1414 701 1470 770 vel
1494 697 1667 772 halituurn
1685 703 1955 789 concutiuntur,
1980 721 2022 780 ut
2037 731 2124 776 con·-

99 805 265 876 iebrinm
273 805 458 894 rigoribus
480 804 667 894 praecipue
688 802 847 895 loquitur
862 795 1096 894 Hippocrates
1142 801 1248 872 tineri
1265 815 1452 894 nequeant.
1485 801 1543 872 Ad
1563 798 1626 872 bas
1642 817 1674 872 et
1689 804 1820 894 species
1836 815 1871 872 et
1886 828 2015 890 causas,
2032 831 2122 899 quae

101 907 146 974 in
163 901 478 995 hocApborismo.
527 901 661 976 Rarius
682 905 777 972 enim
793 903 927 992 rigores
942 923 1023 972 cum
1039 896 1096 970 bis
1142 904 1187 972 de
1200 901 1377 991 rigoribus
1394 902 1578 994 dicuntur,
1605 929 1685 974 curn
1701 903 1823 973 reduci
1845 907 1996 994 possint,
2020 907 2123 977 nolui

101 1007 147 1074 in
164 1005 351 1098 principiis
367 1005 534 1076 invadere
552 997 824 1090 consueverunt,
850 1025 1095 1096 cumquecor-
1142 1025 1263 1072 earum
1288 1003 1659 1074 commemorationem
1689 1005 1868 1090 omittere,
1900 1019 1934 1074 et
1956 1021 2049 1097 peto,
2082 1023 2122 1080 ut

101 1106 250 1202 cipiunt
265 1129 386 1198 aegros
399 1106 578 1180 constanti
592 1105 722 1176 virtute
739 1117 774 1176 et
796 1097 908 1196 signis
923 1101 1094 1176 coctionis
1141 1103 1423 1196 qualemcunque
1445 1099 1536 1174 banc
1558 1106 1825 1196 explicationem
1846 1105 1932 1174 boni
1959 1109 2122 1178 consula·

103 1231 182 1279 sese
199 1207 489 1293 ostendentibus,
513 1208 586 1277 lere
608 1217 817 1300 sequuturae
839 1203 1095 1289 evacuationes,
1141 1205 1208 1290 tis,
1232 1202 1376 1295 inqua,
1403 1203 1534 1296 siquid
1550 1205 1827 1276 desideraverint
1846 1205 1977 1298 aliqui,
2003 1221 2041 1276 ut
2060 1210 2122 1278 de·

102 1333 196 1402 quas
222 1322 348 1379 natura
370 1308 464 1378 vires
486 1307 641 1404 primum
664 1305 859 1400 periclitata
880 1328 961 1376 suas
986 1305 1093 1396 paulo
1141 1303 1289 1374 siderari
1310 1305 1420 1376 multa
1445 1327 1546 1394 posse
1569 1305 1748 1396 intelligo,
1774 1305 1885 1376 abiis
1907 1308 2122 1398 praesertim,

102 1425 189 1501 post
202 1409 383 1494 molietur,
408 1409 623 1499 praecedunt
637 1432 677 1478 ac
692 1408 921 1480 denunciant.
956 1405 996 1477 Si
1010 1429 1093 1475 vero
1141 1405 1204 1498 qui
1225 1405 1420 1476 accuratius
1446 1408 1490 1474 de
1514 1399 1569 1474 bis
1595 1407 1700 1476 rebus
1724 1407 1931 1498 inquirunt,
1958 1410 2122 1479 etlontes

103 1510 209 1600 rigor
231 1509 367 1580 incidat
387 1509 486 1580 lebre
509 1534 584 1580 non
602 1508 878 1592 intermittente,
902 1528 1007 1596 aegro
1023 1505 1094 1574 iam
1142 1519 1363 1591 scrutantur,
1393 1530 1477 1590 oro,
1512 1520 1551 1577 ut
1575 1507 1670 1598 quod
1694 1507 1789 1577 deest
1812 1508 1993 1599 expleant,
2025 1513 2122 1604 quod

102 1611 243 1695 debili,
267 1603 399 1680 lethale
422 1627 482 1685 cst.
533 1609 609 1681 Aut
630 1609 725 1679 enirn
747 1608 909 1700 praevius
931 1631 971 1676 ac
992 1630 1095 1698 prae-
1142 1606 1328 1677 obscurius
1342 1607 1537 1678 indicatum
1552 1621 1614 1690 est,
1638 1608 1828 1688 declarent,
1854 1607 1951 1700 quod
1967 1609 2122 1679 breviter

103 1711 265 1782 nuncius
281 1709 379 1800 rigor
399 1711 661 1781 evacuationem
679 1711 831 1789 adferet,
858 1722 919 1779 aut
941 1708 1017 1776 sine
1039 1730 1094 1778 se·
1141 1707 1249 1776 nimis
1269 1720 1304 1777 et
1330 1708 1468 1777 concise
1491 1731 1554 1778 ceu
1578 1708 1844 1796 perstringitur,
1869 1706 2044 1799 explicent
2064 1711 2123 1778 fu-

102 1826 266 1906 quutura
284 1808 510 1880 evacuatione
527 1809 717 1884 infestabit.
768 1807 807 1880 Si
825 1809 978 1898 rigorem
998 1805 1095 1878 inse·
1140 1810 1228 1880 sius.
1279 1801 1358 1878 Oro
1374 1808 1480 1880 etiam
1496 1809 1614 1896 Deum
1630 1821 1810 1878 aeternum
1825 1819 1959 1900 patrem
1975 1806 2123 1878 Domini

104 1925 221 2002 quuta
236 1911 415 1981 evacuatio
433 1924 624 2003 spontanea
639 1911 756 1992 suerit,
775 1933 864 2002 quae
879 1933 944 1978 nec
959 1921 1093 1980 aestum
1141 1922 1175 1979 et
1190 1908 1375 1981 salvatoris
1390 1911 1503 1980 nostri
1520 1910 1599 1979 lesu
1615 1904 1760 1993 Christi,
1784 1910 1917 1977 fontem
1935 1908 2124 1997 sapientiae

103 2010 248 2080 febrilis
273 2011 433 2078 llammae
464 2011 618 2098 mitiget,
652 2034 717 2080 nec
748 2011 959 2106 levationem
990 2032 1094 2098 aegro
1141 2023 1177 2082 et
1191 2010 1302 2096 felicis
1319 2033 1360 2079 ac
1381 2011 1545 2082 salutaris
1564 2009 1829 2094 medicationis,
1853 2021 1894 2078 ut
1908 2007 2001 2077 adsit
2017 2009 2123 2079 nobis

102 2109 253 2195 afferat,
277 2109 323 2180 ab
346 2109 516 2180 imbecilli
537 2125 664 2180 natura
682 2111 813 2182 frustra
830 2121 997 2180 tentatam
1021 2133 1094 2180 esse
1140 2125 1260 2180 sancto
1287 2133 1352 2181 suo
1376 2109 1532 2202 Spiritu,
1561 2123 1595 2180 et
1617 2123 1752 2183 mentes
1775 2121 1913 2180 nostras
1937 2108 2060 2180 doceat
2082 2133 2123 2179 ac

102 2212 280 2282 materiae
302 2209 558 2296 exclusionem,
584 2224 619 2281 et
643 2213 791 2280 eandem
813 2234 915 2280 ruere
940 2233 1003 2280 suo
1026 2210 1095 2280 im·
1140 2222 1258 2300 regat,
1282 2224 1317 2282 et
1336 2211 1437 2285 iuvet
1458 2237 1497 2282 ac
1518 2215 1676 2292 lortuuet
1691 2223 1839 2291 conatus
1855 2220 1890 2279 et
1911 2209 2123 2280 industriam

102 2327 193 2404 petu
218 2311 295 2381 sine
309 2313 472 2404 ductuet
490 2311 763 2400 gubernatione,
789 2334 829 2381 ac
847 2311 940 2402 aegri
953 2311 1095 2401 langui-
1140 2325 1320 2398 nostram,
1353 2325 1393 2382 ut
1420 2313 1674 2388 meditationes
1696 2325 1838 2382 nostrae
1869 2309 2008 2400 prosint
2028 2309 2123 2380 mul-

104 2413 172 2480 das
186 2411 280 2481 vires
296 2410 547 2482 dissolutorem
570 2434 643 2482 esse
664 2412 798 2481 indicat
821 2403 1096 2504 συμπτώματος
1141 2411 1188 2482 tis
1212 2412 1250 2479 in
1272 2434 1399 2501 genere
1422 2408 1598 2500 humano,
1623 2426 1658 2484 et
1678 2412 1784 2484 iaciat
1801 2432 1868 2480 nos
1890 2431 1972 2480 vasa
1986 2411 2124 2480 miseri-

106 2506 210 2609 λόγῳ
226 2508 271 2584 οὐ
286 2506 450 2605 κρίσεως.
500 2507 615 2603 Aeger
630 2512 733 2583 etiam
747 2513 874 2600 rigoris
887 2513 1095 2600 agitationes
1142 2512 1294 2584 cordiae.
1345 2511 1447 2585 Dixi.

108 2613 303 2683 difficulter
317 2611 515 2682 sustinebit.
553 2613 593 2682 si
607 2611 718 2702 rigori
733 2612 912 2682 evacuatio
928 2635 1001 2681 non
1016 2635 1096 2680 suc-

106 2714 232 2798 cedat,
255 2712 385 2782 lrustra
400 2711 516 2781 anniti
530 2724 704 2797 naturam,
729 2724 772 2782 ut
786 2712 890 2781 noxia
907 2711 1096 2780 amoliatur

105 2827 216 2906 atque
235 2811 412 2908 effundat,
445 2824 480 2881 et
503 2811 631 2882 victam
651 2811 878 2882 succumbere
901 2811 1036 2900 arguit,
1061 2822 1096 2880 et
1141 2841 1208 2913 No·
1226 2847 1310 2917 152·
1519 2872 1526 2886 ,
1968 2875 2016 2916 m
2031 2852 2115 2916 1557

103 2914 209 3004 rigor
224 2913 297 3004 ipse
315 2911 543 2981 concussione
559 2912 715 2982 violenta
737 2936 827 3004 pene
846 2912 972 2980 fractas
992 2922 1095 2980 antea
1148 2940 1320 2970 ww
1949 2901 2126 2972 κον-α’

104 3037 145 3084 ac
164 3013 326 3083 labantes
342 3011 413 3080 iam
427 3011 523 3102 aegri
539 3009 630 3082 vires
646 3034 790 3106 prorsus
804 3011 1003 3082 contundit.
1030 3007 1096 3083 At·
1315 3007 1391 3094 De
1400 3005 1598 3097 Emrto
1613 3009 1744 3096 Duce
1760 3011 1958 3097 Bruma.

105 3137 179 3208 que
200 3126 243 3184 ut
263 3111 456 3218 generatim
486 3125 522 3182 et
548 3113 663 3184 obiter
684 3113 728 3181 de
752 3112 930 3206 rigoribus
960 3110 1095 3204 aliquid
1209 3165 1230 3220 s
1231 3165 1308 3221 dm·
1322 3165 1446 3224 nectam.
1462 3164 1497 3220 T.
1511 3165 1556 3221 w·
1596 3167 1721 3222 ἠδ..
1766 3168 1886 3227 sm,
1905 3167 2003 3224 W·
2040 3147 2126 3225 ⁶653·

105 3215 259 3299 addam,
284 3211 382 3307 rigor
398 3213 514 3282 omnis
528 3227 590 3284 aut
603 3206 771 3307 νοσώδης
785 3227 854 3298 est,
880 3225 940 3282 aut
956 3235 1030 3282 non
1045 3224 1098 3282 est
1240 3242 1267 3289 et
1284 3235 1416 3290 terma.
1433 3233 1467 3288 Τ.
1482 3233 1516 3289 tt.
1536 3249 1563 3303 p.
1577 3183 1637 3290 lus.
1696 3185 1737 3240 ς’
2020 3186 2037 3242 ⁹
2105 3225 2109 3235 “

104 3308 311 3430 νοσώδηςϊ
338 3311 552 3431 concutitur
572 3314 668 3434 ‘nim
693 3336 795 3406 ’ἧψε
815 3313 994 3402 figmibm
1016 3336 1097 3429 “l‘'
1142 3361 1272 3432 oratio
1298 3357 1346 3430 de
1370 3364 1526 3432 umato
1581 3359 1689 3430 Duce
1707 3362 1998 3434 Brunsviceusi·
2026 3365 2129 3434 reoi-

106 3438 176 3507 pus
191 3429 253 3484 aut
267 3413 450 3501 fragrdrore
464 3437 543 3484 aere
559 3414 675 3485 subito
689 3413 866 3494 afflatum,
891 3425 1096 3504 praesertrm
1141 3468 1229 3532 ,am
1255 3481 1281 3530 a
1308 3461 1357 3534 D·
1388 3405 1595 3531 Hmi'co
1634 3459 1908 3534 nmmo
1944 3413 2129 3558 Ramm-

105 3540 127 3586 a
141 3514 348 3598 sudoribus,
372 3526 434 3584 aut
448 3537 538 3606 aqua
552 3514 734 3605 perfusum
747 3512 888 3602 frigida,
914 3513 1012 3582 coelo
1029 3513 1098 3580 im·
1544 3597 1547 3602 Ι
1594 3565 1603 3582 .
1663 3558 1763 3634 155,

108 3614 333 3708 moderatius
357 3626 558 3698 aestuante,
591 3636 681 3708 quos
700 3613 770 3684 ciet
790 3614 942 3704 impetus
971 3612 1098 3682 caloris
1500 3581 1625 3647 ’'em'’
1677 3664 1688 3690 ,
1762 3607 1773 3632 ’

106 3715 244 3800 nativi,
272 3713 474 3784 circumfusi
499 3713 662 3784 a'e‘ris'vel
681 3711 811 3784 effusae
828 3736 939 3806 aquae
956 3711 1098 3802 frigidi·
1142 3695 1188 3784 N
1189 3735 1238 3782 on
1253 3707 1369 3780 voluit
1381 3720 1534 3779 vetustas
1547 3703 1613 3777 bos
1635 3729 1841 3796 congressus
1862 3708 1978 3780 ociosa
1996 3724 2143 3814 specta-⁸

107 3833 200 3902 tate,
228 3815 361 3906 repulsi
384 3816 428 3883 ad
452 3814 621 3884 interiora
635 3809 880 3883 vehementius
896 3838 936 3884 ac
958 3813 1099 3886 collecti
1144 3813 1224 3882 cula
1240 3833 1333 3902 esse,
1354 3811 1416 3879 sed
1432 3807 1547 3879 voluit
1568 3807 1619 3878 ibi
1642 3809 1904 3878 commoneberi
1921 3810 2079 3881 iuniores
2095 3824 2131 3881 et

106 3921 310 4002 introrsum
329 3927 366 3984 et
388 3910 571 3985 refluentis
590 3939 670 3984 cum
692 3914 826 4005 impetu
841 3926 876 3984 et
889 3915 1007 4005 copia,
1032 3915 1099 3985 ob-
1145 3915 1190 3984 de
1205 3911 1383 3984 beneficiis
1400 3907 1478 3990 Dei,
1505 3911 1597 3981 etde
1614 3909 1856 3980 doctrinarum
1873 3911 2011 3997 studiis,
2038 3914 2130 3981 etde
2225 3993 2228 4000 ¹

107 4019 260 4108 viosque
286 4015 325 4082 in
357 4013 530 4085 meatibus
565 4011 697 4085 balitus
731 4015 962 4104 propellentis
994 4029 1098 4109 atque
1145 4015 1318 4086 virtutum
1342 4010 1521 4100 exemplis.
1585 4007 1704 4098 Quare
1723 4021 1758 4080 et
1784 4035 1849 4080 nos
1865 4012 2029 4100 'primum
2052 4009 2128 4081 Deo

110 4114 287 4192 eiicientis
304 4115 349 4184 ad
364 4116 554 4188 musculos.
604 4113 675 4186 Sed
691 4107 968 4238 voomdsqu'yoc
982 4107 1099 4187 κατά·
1147 4127 1290 4186 aeterno
1318 4112 1412 4204 patri
1433 4110 1579 4182 Domini
1607 4111 1719 4179 nostri
1743 4109 1820 4180 lesu
1844 4107 1977 4182 Christi
1999 4113 2130 4201 gratias

109 4211 226 4312 ψυξίς
242 4213 341 4288 ἐστιν
355 4211 503 4312 ἇλμιινὴ
517 4207 722 4308 perdecem
734 4212 936 4309 ἅνωμαλου
946 4221 1100 4310 σεισμοῦ
1147 4217 1301 4306 agimus,
1326 4214 1422 4304 quod
1439 4212 1630 4281 clementer
1646 4206 1816 4281 hactenus
1830 4235 1896 4283 nos
1907 4211 2073 4308 protexit,
2095 4224 2130 4283 et

110 4314 178 4390 καὶ
201 4309 338 4389 κλόνου
360 4311 500 4398 παντὸς
522 4320 592 4388 τοῦ
607 4309 790 4409 σώματος.
833 4315 960 4389 ’Huius
973 4317 1101 4406 rigoris
1147 4339 1228 4386 euru
1243 4335 1404 4398 oramus,
1428 4323 1470 4380 ut
1488 4309 1653 4402 deinceps
1668 4335 1810 4405 quoque
1824 4325 1939 4382 servet
1954 4325 1988 4383 et
2001 4313 2130 4401 guber-

111 4421 236 4490 αἴτισν
250 4409 535 4514 προηγούμενον
549 4430 602 4489 est
617 4418 717 4508 copia
733 4413 926 4489 humorum
941 4419 999 4486 vel
1014 4417 1101 4488 cali·
1147 4431 1208 4489 net
1235 4409 1328 4484 hanc
1356 4409 1603 4495 Academiam,
1634 4424 1674 4481 ut
1703 4412 1842 4482 labores
1862 4413 2066 4483 docentium
2095 4424 2131 4482 et

112 4523 245 4590 dorum
269 4519 422 4602 acrium,
453 4519 510 4588 vel
532 4517 742 4606 mixtorum,
773 4531 815 4589 ut
840 4519 886 4597 iu
908 4517 1101 4612 qumtanis,
1146 4512 1360 4588 discentium
1373 4513 1511 4604 prosint
1525 4507 1703 4582 Ecclesiis.
1755 4511 1893 4583 Deinde
1917 4537 1997 4582 oum
2013 4513 2057 4580 de
2072 4533 2131 4580 ar-

45 4663 50 4670 ·
111 4621 174 4690 vel
193 4617 425 4709 frigidorum,
457 4621 515 4688 sed
547 4619 663 4693 calore
687 4620 847 4693 lusorum
874 4621 979 4713 atque
1006 4631 1101 4688 exte-
1148 4629 1315 4710 gumento
1337 4614 1591 4698 deliberarem,
1618 4637 1744 4706 meque
1764 4625 1902 4703 tempus
1924 4635 2130 4682 commone-

112 4734 325 4802 nuatorum,
358 4714 643 4815 προηγούμενον
671 4715 880 4816 ἀχώριστον
907 4720 964 4790 vel
993 4740 1101 4792 συνο-
1147 4723 1276 4790 laceret
1300 4717 1346 4786 de
1372 4726 1487 4784 morte
1515 4716 1669 4785 duorum
1699 4713 1943 4782 excellentium
1971 4711 2128 4782 virorum

114 4817 244 4893 essexia
260 4821 315 4889 vel
337 4815 486 4914 συνεχὲς
506 4821 647 4908 αἴτιον,
673 4818 863 4893 vehemens
882 4835 1018 4906 motus,
1044 4821 1102 4890 vel
1147 4818 1291 4892 Ernesti
1311 4817 1420 4888 Ducis
1442 4813 1711 4886 Brunsviceusis
1732 4825 1766 4883 et
1788 4811 2074 4903 Luneburgensis
2095 4827 2131 4884 et

114 4917 309 4994 humorum
342 4922 518 5013 ipsorum,
548 4923 604 4994 vel
631 4924 867 4994 resolutorum
898 4924 983 4992 iude
1008 4918 1102 4993 hali·
1147 4918 1350 4995 Reverendi
1364 4916 1512 4987 Domini
1529 4914 1676 4986 Martini
1693 4907 1862 4998 Lutheri,
1888 4913 1950 5008 qui
1966 4928 2048 4984 ante
2062 4937 2130 4984 an·

115 5037 219 5094 tuum
236 5047 299 5113 per
313 5025 527 5094 musculosus
544 5038 577 5096 et
599 5024 784 5096 sensibiles
800 5025 958 5116 corporis
974 5036 1102 5114 partes,
1149 5045 1215 5093 nos
1235 5019 1401 5090 undecim
1422 5042 1497 5087 non
1516 5017 1622 5104 longo
1646 5014 1833 5082 intervallo
1857 5008 1914 5082 bis
1928 5015 2053 5085 diebus
2067 5015 2130 5084 de-

118 5148 224 5217 quem
239 5138 375 5194 motum
391 5125 470 5205 ciet,
495 5125 551 5194 vel
566 5140 691 5197 natura
704 5127 780 5217 ipsa
794 5125 898 5196 noxia
914 5125 1103 5208 excutiens,
1149 5133 1347 5206 cesserunt,
1371 5143 1417 5190 ne
1438 5117 1540 5210 potui
1560 5113 1705 5208 quidem
1731 5136 1751 5182 a
1773 5115 1985 5205 cogitatione
2010 5128 2130 5186 tauto·
2159 5135 2161 5138 ·

119 5227 173 5294 vel
203 5219 314 5318 μικτὴ
340 5219 483 5320 κίνησις
502 5225 628 5296 caloris
653 5228 766 5298 nativi
791 5228 970 5318 reciproco
1003 5239 1103 5296 rnotu
1149 5248 1230 5296 rum
1253 5223 1433 5305 virorum,
1456 5231 1492 5288 et
1515 5239 1637 5285 earum
1658 5237 1795 5301 rerum,
1822 5239 1912 5309 quae
1934 5228 2013 5306 post
2032 5236 2131 5284 mor·

120 5321 346 5398 vehementer
374 5328 470 5400 intro
503 5327 667 5422 iurasque
702 5329 828 5415 delati,
870 5349 1102 5422 quaecunque
1149 5339 1221 5400 tem
1236 5345 1359 5396 eorum
1372 5332 1509 5390 secutae
1524 5329 1627 5492 sppp,
1653 5329 1806 5388 mentem
1822 5317 2011 5397 abducere,
2038 5337 2131 5408 quo·
