4726 5828
227 304 280 378 65
786 283 946 362 DECL.
977 280 1054 360 Dii
1087 281 1362 375 statana,
1392 281 1683 366 tutantem
2197 290 2249 366 at

229 471 320 560 Dei,
346 467 406 565 qui
420 488 496 538 eam
513 474 566 536 tot
581 483 694 534 anuos
708 459 748 530 in
761 471 861 530 tanto
873 457 986 542 luctu,
1010 479 1213 550 quanquam
1262 459 1362 530 urbis
1381 454 1520 530 Romae
1540 457 2044 550 expugmuoosmtnmsus',
2068 480 2153 532 eum·
2175 462 2254 532 for-

230 589 359 647 natura
385 570 454 640 fuit
474 564 646 636 imbecilli
668 584 834 654 corpore,
868 574 904 632 et
927 559 1011 628 iude
1033 580 1144 650 usque
1169 558 1214 626 ab
1262 561 1363 632 teeti.
1388 573 1422 630 er
1448 583 1557 651 genu,
1587 560 1674 630 bgffl
1704 583 1781 631 „gn
1806 562 1991 653 9„me
2023 575 2148 634 „otum
2172 559 2252 635 Dm

231 671 465 750 adnleseentia
485 665 612 738 similis
634 663 914 747 contabescenti,
946 660 1057 730 erexit
1077 658 1214 750 Spiritu
1263 661 1363 744 fecit,
1386 683 1424 731 se
1447 661 1612 752 deinceps
1634 661 1757 733 relicto
1781 658 1851 734 hoe
1874 662 1989 747 bello,
2011 661 2253 736 militaturum

233 789 373 861 sancto,
398 784 516 842 ettam
532 769 637 856 longa
651 768 683 836 ei
701 765 792 836 vitae
815 763 932 854 spacia
946 761 1064 845 dedit,
1085 772 1125 830 ut
1139 781 1216 829 ma·
1265 786 1337 834 esse
1361 761 1438 835 Deo
1467 785 1531 853 pro
1557 761 1762 834 defensione
1781 761 2068 835 Christianorum
2096 765 2253 857 populo.

231 881 340 952 ritum
354 899 396 948 ex
411 875 518 961 longo
534 869 639 939 exilio
656 869 820 938 reducem
837 865 925 944 laeta
941 862 1095 947 videret,
1120 862 1215 954 quod
1265 889 1344 936 rum
1362 866 1530 936 adsersus
1545 862 1738 935 Saracenos
1753 856 1788 934 et
1802 862 1953 938 Turcos.
2003 863 2127 936 Postea
2141 866 2254 957 igitur

232 981 309 1073 ipsa
322 1000 434 1048 uuum
452 999 472 1046 a
490 970 568 1043 Deo
591 970 659 1039 fide
678 969 863 1060 petiverat,
889 979 923 1034 ct
943 986 1000 1052 spe
1017 977 1217 1034 constanter
1265 989 1345 1036 cum
1362 987 1522 1036 reversus
1536 976 1624 1035 esset
1639 965 1677 1033 iu
1691 962 1892 1054 Belgicam,
1918 960 2080 1036 hortator
2092 967 2160 1036 tuit
2172 967 2254 1038 2155.

233 1089 493 1172 expectaverat,
530 1085 571 1143 ut
597 1085 678 1142 ante
713 1080 860 1138 mortem
886 1066 1042 1136 reditum
1069 1062 1216 1136 Domini
1265 1066 1443 1152 Ducibus,
1467 1079 1507 1137 ot
1529 1087 1593 1134 suo
1618 1067 1776 1158 exemplo
1800 1060 1891 1135 hanc
1912 1065 2078 1137 militiam
2096 1068 2256 1160 suscipe-

234 1191 405 1254 ΜΕΝ·
1266 1180 1357 1239 rent.
1408 1164 1589 1238 Credibile
1612 1179 1665 1238 est
1692 1168 1807 1237 bonos
1832 1165 2017 1258 Principes
2039 1180 2079 1238 ut
2099 1168 2257 1240 vitarent

335 1275 416 1350 Elii
436 1289 553 1346 illlffll
576 1272 658 1357 iffi,
682 1294 720 1340 ⁸⁰
741 1266 925 1360 praecipue
940 1263 1218 1335 virelarissimus
1267 1268 1400 1340 bellum
1414 1267 1528 1352 civile,
1553 1267 1658 1336 aliam
1673 1262 1913 1338 honestiorem
1928 1267 2095 1338 militiam
2109 1282 2257 1359 praetu-

235 1381 421 1473 Stigelius,
446 1375 589 1465 ingenio
612 1387 646 1442 et
661 1371 790 1442 virtute
807 1367 998 1446 excellens,
1025 1389 1094 1458 quo
1110 1389 1215 1434 nemo
1267 1370 1365 1454 fisse,
1390 1381 1423 1440 et
1441 1370 1563 1438 eodem
1588 1382 1745 1456 tempore
1762 1367 1932 1438 auxilium
1950 1365 2078 1440 Graeci
2095 1368 2255 1459 Impera-

236 1483 360 1574 scribit
382 1476 451 1552 hoe
470 1491 626 1566 ternpore
649 1493 791 1542 carmen
814 1469 957 1551 melius,
982 1467 1219 1537 transmittent
1267 1485 1361 1542 tores
1389 1492 1411 1539 a
1432 1467 1598 1541 Romano
1619 1465 1789 1538 Pontiice
1817 1469 2039 1560 petiverunt,
2072 1492 2152 1539 cum
2182 1469 2256 1540 iam

235 1588 282 1657 de
304 1585 380 1676 ipsa
400 1581 444 1650 ad
468 1591 625 1670 posteros
650 1571 892 1668 splendidiora
921 1569 1068 1658 scripta,
1100 1580 1217 1636 tamen
1268 1569 1434 1642 Saraceni
1449 1583 1483 1640 et
1497 1568 1608 1640 Turci
1629 1592 1720 1662 pene
1734 1582 1843 1640 totam
1863 1569 2039 1638 minorem
2056 1564 2179 1640 Asiam
2193 1593 2257 1640 oo·

236 1683 386 1758 honesta
400 1678 556 1768 exempla
572 1698 674 1765 saepe
689 1687 722 1742 et
739 1672 868 1740 multos
883 1685 1038 1760 repetere
1053 1669 1140 1738 utile
1156 1681 1219 1746 est,
1268 1684 1466 1765 capessent,

236 1811 278 1858 ae
297 1782 411 1855 nostri
433 1777 539 1850 oflicii
560 1789 612 1847 est
639 1773 840 1844 iunioribus
863 1792 1136 1840 commemorare
1163 1789 1219 1836 res
1369 1768 1460 1842 Cum
1482 1770 1592 1860 igitur
1610 1770 1648 1839 in
1667 1768 1813 1865 Synodo
1829 1770 2040 1842 deliberatio
2057 1785 2165 1856 esset,
2189 1774 2257 1841 de·

236 1887 362 1977 dignas
383 1879 575 1956 memoria,
610 1887 644 1944 et
664 1869 861 1944 hortatores
883 1891 976 1955 esse,
1007 1881 1048 1939 ut
1071 1868 1220 1962 posteris
1270 1871 1450 1943 mittendis
1464 1872 1604 1942 auxiliis
1618 1873 1656 1940 in
1672 1871 1806 1956 Asiam,
1830 1869 2047 1944 Godefridus
2064 1868 2258 1945 Lotharin-

235 1987 379 2060 tradaut
399 1980 593 2068 teodignas
617 1973 834 2064 cognitione:
867 1982 960 2041 certe
980 1972 1076 2040 bono
1102 1969 1219 2042 studio
1269 1971 1345 2062 giae
1369 1974 1458 2054 dux,
1491 1972 1619 2044 eteius
1642 1975 1752 2042 frater
1773 1970 1991 2054 Balduinus,
2017 1987 2052 2043 et
2074 1971 2257 2043 liebertus

236 2085 403 2160 historias
418 2081 522 2152 utiles
539 2076 737 2148 recitamus.
1270 2072 1460 2143 Flandriae
1483 2096 1619 2155 comes,
1650 2085 1685 2143 et
1707 2069 1888 2144 liebertus
1910 2070 2151 2140 Normanniae
2171 2073 2259 2157 dux,

339 2185 516 2258 Usitatum
531 2191 583 2246 est
600 2189 716 2247 autem
732 2197 811 2244 rum
829 2174 873 2242 de
888 2169 1115 2263 Principibus
1131 2168 1222 2236 dicis
1270 2173 1364 2243 filiu,
1395 2174 1488 2262 regi,
1513 2169 1674 2261 Angucp,
1708 2182 1741 2242 εἰ
1774 2169 2003 2242 Boemundm
2037 2171 2257 2242 ernanum

237 2283 460 2376 tur,'stirpia
480 2278 698 2350 mentionem
718 2278 850 2358 ficetis
876 2284 911 2343 tl
932 2274 1106 2342 melorum
1123 2292 1222 2358 egre·
1269 2272 1455 2364 Princeps,
1479 2285 1513 2343 et
1531 2270 1701 2355 Guelfos,
1725 2285 1759 2341 et
1773 2274 1834 2341 alii
1848 2271 2061 2343 nobilissimi
2080 2287 2117 2344 et
2134 2274 2259 2343 fortis·

239 2394 297 2484 cit
314 2391 405 2460 faeta
425 2404 589 2463 narrare,
614 2377 696 2471 quia
716 2400 796 2446 rum
820 2374 1041 2444 verissimum
1065 2372 1112 2443 sit
1128 2371 1222 2440 divi·
1271 2374 1352 2443 simi
1372 2373 1443 2442 viri
1464 2395 1536 2444 sese
1557 2374 1838 2454 coniunxerunt,
1872 2397 1912 2442 ae
1936 2374 2193 2464 promiserunt,
2220 2397 2259 2444 se

237 2494 337 2566 nitus
357 2483 545 2558 homiuum
575 2482 704 2572 gradus
728 2475 913 2546 distinctos
943 2497 1033 2558 esse,
1065 2473 1142 2542 laus
1172 2483 1222 2540 est
1272 2475 1344 2545 suis
1357 2473 1557 2566 sumptibus
1575 2475 1742 2544 ducturos
1767 2495 1841 2542 esse
1856 2473 2045 2543 exercitum
2067 2475 2105 2542 in
2122 2474 2259 2545 Asiam.

238 2615 367 2682 magna
381 2583 596 2663 nobilitatis,
621 2579 705 2674 quta
720 2601 739 2646 t
756 2575 833 2647 Deo
850 2573 994 2646 caeteris
1016 2570 1222 2641 hominibus
1272 2571 1442 2645 Ostendit
1461 2574 1566 2644 etiam
1588 2571 1771 2659 Pontifex,
1795 2596 1832 2643 se
1856 2573 2073 2645 indictorum
2096 2598 2168 2644 essa
2190 2575 2260 2646 tri-

237 2692 394 2767 familiae
408 2686 614 2758 excellentes
629 2680 803 2774 praelatae
819 2690 918 2759 sunt,
942 2687 976 2743 et
992 2685 1135 2743 ornatae
1149 2669 1222 2739 exi·
1271 2677 1354 2746 bata
1372 2675 1415 2744 ad
1433 2674 1579 2744 alendos
1593 2675 1777 2747 exercitus.
1810 2673 1906 2744 Haec
1920 2674 2066 2744 consilia
2083 2671 2150 2745 hoc
2166 2689 2261 2746 tem-

240 2794 323 2866 sniis
337 2788 540 2860 virtutibus.
573 2781 787 2872 Quanquam
803 2792 918 2847 autem
935 2769 1077 2870 Physici
1089 2774 1224 2856 dicunt,
1273 2775 1632 2868 porevixcredibffi,
1655 2787 1756 2861 sum,
1781 2801 1860 2846 cum
1879 2787 2057 2846 „emma
2082 2775 2260 2846 estprin-

241 2892 376 2968 semina
392 2889 563 2958 virtutum
579 2879 774 2976 propagari,
791 2879 886 2972 quod
901 2901 974 2945 non
990 2869 1223 2967 reprehendo,
1272 2879 1391 2969 cipum
1411 2877 1506 2944 inter
1531 2898 1603 2945 sese
1632 2876 1857 2962 coniunctio,
1891 2889 1931 2947 ut
1959 2876 2062 2946 multi
2084 2877 2161 2946 sine
2183 2901 2259 2947 „110

240 3010 359 3068 manen
381 2984 468 3059 haec
488 2985 606 3077 potior
621 3004 721 3052 causa
744 2994 812 3064 est,
836 2993 1097 3069 propterquam
1112 2973 1150 3040 in
1170 2972 1223 3039 fa·
1273 2975 1487 3068 Imperatore
1509 2975 1572 3045 diu
1589 2977 1783 3044 concordes
1804 3000 1878 3047 esse
1899 2977 2053 3068 possint,
2079 3000 2143 3047 nec
2159 2990 2260 3049 tanta

240 3094 350 3166 mitiis
363 3086 518 3174 ¹heroicis
532 3084 642 3177 aliqui
665 3081 793 3173 posteri
811 3079 1003 3155 excellunt,
1028 3073 1111 3167 quia
1128 3070 1224 3143 Deus
1273 3077 1404 3160 virtus,
1429 3087 1468 3144 ut
1484 3075 1631 3168 privatis
1651 3076 1877 3148 facultatibus
1891 3076 2123 3168 Reipublicae
2138 3080 2261 3170 opitu-

241 3197 318 3288 ipse
342 3186 596 3283 aliquantisper
627 3194 741 3251 servat
763 3180 969 3248 excellentes
989 3175 1158 3254 familias,
1191 3185 1224 3241 et
1273 3177 1340 3246 lari
1352 3175 1475 3248 velint.
1526 3175 1690 3270 Denique
1706 3177 1816 3248 multa
1832 3193 1915 3249 sunt
1932 3174 1998 3248 hoc
2013 3192 2171 3269 tempore
2185 3181 2262 3250 die.

241 3298 382 3390 aliquos
416 3287 567 3360 subinde
600 3307 641 3354 er
672 3281 820 3375 posteris
845 3293 949 3350 ornat
974 3275 1225 3347 excellentibus
1273 3277 1403 3348 similia
1418 3277 1472 3346 illi
1485 3273 1648 3347 heroicae
1663 3278 1778 3349 aetati.
1822 3275 1980 3349 Acmihi
1996 3280 2140 3372 quidem
2157 3281 2261 3351 vide.

134 3471 135 3480 ,
241 3396 357 3470 donis.
1274 3393 1333 3450 tur
1349 3378 1473 3452 similis
1499 3400 1572 3448 esse
1595 3373 1681 3448 haee
1702 3379 1880 3469 expeditio
1902 3379 2159 3470 argonauticae.
2211 3381 2262 3454 Ut

297 3487 300 3502 ,
341 3493 432 3566 Nili
455 3483 681 3559 ²³1D0mlss³
706 3479 842 3577 Sibylla
873 3505 911 3548 ⁰¹
940 3491 1039 3569 patre
1060 3475 1225 3564 Principe
1274 3479 1488 3549 nobilissimi
1515 3476 1699 3570 Principes
1727 3479 1765 3547 in
1789 3479 1938 3549 Graecia
1965 3505 2044 3551 cum
2067 3483 2194 3552 Iasone
2222 3483 2263 3550 in

242 3594 429 3678 Cleveusi,
455 3603 489 3660 et
507 3601 618 3658 matre
634 3584 799 3675 Principe
824 3578 1020 3652 luliacensi.
1072 3576 1149 3645 Hae
1171 3575 1224 3644 fa·
1274 3575 1474 3652 Colchicae„
1496 3581 1727 3670 navigarum,
1753 3577 1943 3661 Amidae,
1977 3580 2121 3664 peleus,
2153 3581 2263 3654 Tela·

242 3698 362 3770 miliae
384 3707 419 3766 et
442 3689 650 3780 cognatione
677 3702 712 3756 et
737 3683 937 3754 foederibus
961 3679 1117 3770 antiquis
1140 3699 1225 3745 con·
1274 3704 1378 3764 mon,
1402 3675 1540 3774 Tiphys
1557 3681 1664 3751 etalii
1680 3681 1784 3750 multi
1800 3683 1876 3751 sine
1892 3685 1987 3773 regio
2005 3683 2153 3774 imperio
2175 3706 2264 3752 con-

242 3803 384 3872 iunctae
399 3806 494 3876 sunt,
510 3805 544 3860 et
559 3812 650 3882 quae
663 3788 708 3856 sit
722 3809 841 3854 earum
857 3779 1026 3874 potentia,
1051 3774 1120 3849 hoc
1135 3789 1226 3845 tem·
1275 3782 1408 3852 coedes.
1458 3777 1512 3850 lta
1527 3777 1566 3849 hi
1583 3781 1695 3851 nostri
1711 3778 1937 3871 Argonautae
1954 3785 1992 3851 in
2015 3807 2116 3852 cause
2141 3785 2264 3854 iustis.

243 3922 330 3996 P⁰le
350 3893 574 3966 ⁰⁰¹i⁸⁵l¹¹¹¹¹¹¹¹
596 3900 658 3962 ⁰⁵¹·
709 3881 820 3956 oilie
840 3897 922 3952 sunt
944 3895 1097 3950 autema
1117 3877 1226 3970 ilirpe
1274 3883 1383 3962 sima,
1408 3901 1544 3952 summa
1566 3883 1756 3952 concordia
1775 3878 1896 3953 multis
1920 3885 2024 3954 anuis
2039 3885 2143 3954 simul
2164 3885 2264 3954 mifi-

244 3995 435 4073 Godefridi
459 3989 615 4062 Bilionei
640 4002 674 4059 et
697 3985 868 4057 Balduiui
898 3981 1034 4066 fratris,
1072 4002 1225 4076 quorum
1277 3994 1452 4058 taverunt,

245 4124 326 4174 eum
341 4095 447 4169 fuerit
461 4092 633 4163 excellens
649 4089 783 4172 virtus,
809 4100 848 4156 ut
863 4097 982 4176 postea
998 4083 1126 4168 dicam,
1150 4104 1227 4150 ma·
1378 4081 1452 4152 Nee
1469 4081 1536 4152 fuit
1562 4079 1699 4152 inutilis
1720 4084 1916 4174 expeditio,
1950 4098 1989 4157 ut
2017 4109 2112 4156 nuuc
2142 4086 2266 4176 ignavi

244 4225 356 4296 gnum
370 4200 476 4269 decus
495 4207 547 4265 est
567 4191 653 4261 tales
673 4184 838 4260 habuisse
859 4185 1027 4267 maiores,
1051 4207 1131 4253 cum
1145 4181 1228 4275 qui·
1276 4185 1477 4275 disputant,
1503 4205 1583 4254 cum
1605 4183 1698 4252 enim
1714 4183 1752 4252 in
1769 4187 1854 4254 Asia
1868 4187 2140 4257 dominarentur
2155 4186 2266 4258 Sara·

243 4307 327 4374 dem
341 4295 411 4372 hoc
424 4319 546 4366 verum
562 4314 636 4362 esse
657 4289 828 4374 iudicem,
852 4286 890 4354 in
915 4284 1059 4354 familiis
1078 4281 1228 4354 illustri·
1279 4285 1357 4356 ceni
1379 4296 1414 4354 et
1429 4282 1558 4368 Turci,
1582 4297 1616 4354 et
1631 4307 1774 4372 graecos
1794 4287 1987 4377 lmperator
2003 4289 2060 4357 vir
2074 4288 2266 4360 defendere

244 4407 314 4476 bus
327 4399 433 4481 nasci,
455 4394 597 4465 initium
612 4391 758 4485 aliquod
774 4411 845 4460 esse
860 4385 1016 4472 virtutis,
1034 4385 1117 4479 quia
1131 4385 1228 4457 Deus
1277 4382 1459 4477 Europam
1476 4397 1607 4474 posset,
1632 4381 1672 4455 hi
1694 4387 1796 4456 latini
1812 4385 2012 4479 Principes,
2039 4403 2080 4459 ut
2097 4389 2265 4458 nomina.

245 4506 333 4579 tales
343 4499 494 4572 familias
508 4493 757 4565 excellentibus
773 4489 965 4560 virtutibus
980 4499 1095 4557 ornat.
1278 4489 1428 4569 bantur,
1454 4481 1575 4554 Asiam
1596 4487 1866 4579 recuperarunt,
1892 4511 2039 4582 eamque
2055 4487 2267 4580 imperatori

212 4629 216 4636 ’
347 4599 413 4676 Est
436 4613 552 4670 nutem
574 4589 683 4666 hodie
705 4593 744 4662 iu
765 4590 894 4661 vicinia
910 4587 1066 4660 Traiecti
1087 4588 1126 4658 in
1144 4582 1229 4655 Bel·
1278 4611 1402 4679 macco
1432 4587 1679 4671 restituerunt,
1711 4602 1830 4678 postea
1859 4590 2035 4679 progressi
2066 4587 2206 4685 Syriam
2232 4607 2268 4664 et

248 4706 326 4798 gico
347 4729 407 4775 arr
429 4699 571 4782 Bilion,
601 4709 637 4766 et
655 4693 772 4765 vicina
795 4691 891 4781 regio
914 4691 960 4758 ab
989 4712 1067 4758 arce
1095 4710 1227 4757 nomen
1278 4687 1513 4761 Palaestinam
1529 4703 1766 4778 occuparunt,
1792 4713 1832 4759 ac
1845 4713 1994 4780 regnum
2008 4691 2047 4760 in
2065 4713 2105 4759 ea
2121 4693 2268 4782 regione

244 4804 391 4879 hibeni·
442 4801 497 4872 lbi
520 4798 593 4870 ”ill
621 4808 705 4868 ‘lini
727 4791 944 4864 G0d²fl5dt¹⁸
975 4803 1009 4858 et
1030 4786 1229 4858 Baldninus
1280 4813 1391 4884 usque
1413 4791 1458 4858 ad
1474 4781 1626 4858 charras
1646 4788 1927 4878 constituerunt,
1951 4791 2123 4864 restitutis
2142 4789 2269 4864 Eccle-

246 4911 387 4990 fratres,
410 4927 451 4970 ex
468 4901 672 4994 parentibus
686 4917 838 4990 quorum
852 4903 951 4964 vetus
964 4891 1032 4960 fuit
1049 4889 1229 4974 nobilitas,
1279 4891 1341 4962 siis
1363 4891 1401 4959 in
1420 4883 1522 4970 Asia,
1554 4887 1656 4985 Syria
1679 4904 1712 4962 et
1736 4890 1954 4973 Palaestina,
1987 4893 2095 4987 idque
2117 4915 2268 4984 regnum

246 5020 390 5102 propter
413 5028 520 5096 quam
541 5015 573 5070 et
591 4997 809 5070 Godefridus
832 5017 872 5064 ex
890 4991 1001 5082 patria
1017 4992 1153 5061 ditione
1168 5013 1229 5059 ar·
1279 5003 1471 5063 tenuerunt
1489 5009 1602 5059 annos
1617 4993 1769 5081 amplius
1789 4993 1978 5083 octogiuta.
2031 4993 2104 5064 Nee
2120 4993 2190 5086 ipsi
2208 5021 2270 5066 ae-

248 5102 677 5182 rersitusestinvicinom
692 5093 981 5182 Lotharingiam,
1006 5093 1230 5162 etfactusost
1280 5092 1425 5164 meandi
1449 5105 1549 5175 sunt,
1583 5093 1680 5184 'quod
1703 5095 1834 5184 posteri
1856 5118 1929 5165 non
1955 5096 2088 5166 diutius
2107 5100 2271 5167 retinue-

248 5213 294 5285 ab
324 5207 538 5298 Imperatore
565 5198 721 5270 Hebrico
752 5195 835 5271 llll.
859 5194 940 5265 Dux
967 5190 1229 5282 lotharingiae.
1280 5208 1384 5280 runt,
1424 5193 1486 5286 qui
1519 5193 1663 5263 fuerunt
1696 5195 1871 5266 maiorum
1911 5197 2111 5272 dissimiles.
2175 5197 2269 5270 Nam

248 5309 379 5381 lucidit
403 5307 479 5376 eius
501 5315 596 5372 aetas
622 5299 660 5368 in
692 5299 825 5381 bellum
856 5295 959 5365 civile
979 5291 1126 5368 Henrici
1148 5291 1232 5365 llll.
1279 5295 1438 5390 priorum
1467 5293 1607 5366 Ducum
1634 5297 1803 5387 sapientia
1848 5310 1883 5369 et
1916 5298 2123 5388 magnitudo
2156 5301 2272 5373 enimi

248 5414 340 5504 apud
356 5433 460 5505 quem
476 5405 578 5478 duxit
599 5399 789 5476 exereitum
811 5398 850 5471 in
865 5395 986 5482 ltalia,
1011 5409 1047 5470 et
1058 5396 1098 5467 iu
1121 5395 1232 5489 ipsius
1279 5409 1377 5470 tanta
1394 5393 1481 5482 fuit,
1506 5407 1547 5465 ut
1567 5417 1791 5470 communem
1813 5399 1960 5474 salutem
1984 5414 2019 5476 et
2039 5403 2270 5474 concordiam
