4604 5804
54 267 137 342 εει
544 284 547 292 ·
754 263 782 336 1.
818 259 1125 361 *ennonreoa
1159 260 1405 344 canaonas.
2021 275 2096 350 see

52 461 138 530 poc.
186 432 220 507 A
237 431 363 506 Galate
382 448 480 507 ortos
500 457 573 506 esse
596 426 761 531 petefrem
766 485 779 520 ,
812 437 910 506 uude
931 447 1051 528 postea
1102 427 1252 505 Occasio
1267 450 1404 518 antem,
1429 461 1498 532 qua
1516 437 1634 515 Celtae
1652 455 1686 515 et
1701 442 1858 515 Senones
1873 442 1913 512 in
1931 437 2092 537 Tyrrhe-

51 542 192 610 factum
212 549 265 617 est
284 559 415 606 nomeu
435 533 540 608 Celti.
589 535 664 606 Nos
685 559 769 606 vero
793 536 939 619 scimus,
966 559 1051 606 ean·
1101 535 1198 606 uiam
1215 537 1476 625 adductisont,
1499 535 1683 614 baecfuit:

53 642 140 710 dem
154 660 229 710 esse
244 661 365 708 vocem
383 633 482 708 Galli
495 652 530 709 et
547 638 687 712 lauta.
739 636 922 728 Significat
943 637 1052 728 igitur
1204 633 1420 708 Adolescens
1434 642 1566 714 nobilis
1581 641 1768 729 Clusinus,
1792 636 2007 728 Lucumon,
2031 664 2090 722 tu·

54 763 184 810 revera
211 736 310 810 Galli
335 739 617 829 peregrinaturos
646 763 708 810 seu
735 740 941 830 migrantes.
1002 735 1052 810 Et
1100 737 1187 807 toris
1216 739 1400 829 coniugem
1428 743 1556 834 rapuit.
1620 743 1736 816 Tutor
1759 740 1828 816 boc
1850 747 1942 818 iusto
1966 750 2090 821 dolore

53 843 206 935 quidem
221 839 386 910 vocabuli
402 839 502 928 origo
517 835 655 914 Ebraea
671 851 734 916 est.
1100 838 1284 920 incensus,
1311 841 1474 913 invitavit
1490 841 1626 930 Celtas,
1651 860 1690 919 ut
1705 851 1804 918 sedes
1821 865 2030 940 quaererent
2049 851 2088 920 iu
2181 900 2186 912 .

163 939 301 1014 Multae
316 953 484 1014 autemet
498 941 657 1012 diversae
671 954 793 1031 gentes
815 943 1052 1013 consederunt
1100 962 1140 1010 ea
1167 953 1268 1031 parte
1291 939 1413 1012 ltaliae
1435 945 1635 1026 uberrima,
1677 961 1711 1019 et
1736 948 1849 1018 scelus
1870 948 2088 1022 Lucumonis

52 1047 93 1113 in
110 1057 262 1135 utraque
279 1041 357 1133 ripa
372 1036 513 1124 Rheni,
538 1055 573 1112 et
589 1041 628 1112 in
645 1042 706 1114 illa
722 1040 890 1120 ulteriore
906 1043 1050 1133 regione
1098 1041 1280 1132 punirent.
1346 1041 1397 1114 lta
1421 1069 1500 1116 cum
1525 1043 1620 1118 Deus
1643 1052 1828 1122 universae
1856 1052 1969 1140 gentis
1992 1049 2105 1147 Tyr·'

52 1166 182 1214 versus
196 1139 380 1214 Oceanum
397 1137 664 1214 Occidentalem
683 1157 718 1214 et
734 1166 856 1212 vereris
877 1167 973 1214 mare
987 1143 1050 1214 Li·
1099 1135 1232 1212 rhenae
1247 1145 1378 1215 scelera
1399 1147 1589 1235 puniturus
1612 1165 1719 1230 esset,
1752 1151 1881 1241 egressi
1906 1177 1949 1223 ex
1966 1147 2089 1223 borri-

52 1246 246 1336 gusticum.
308 1241 400 1312 Nam
427 1255 461 1314 et
482 1239 732 1338 Massylienses
751 1245 897 1316 fuerunt
920 1243 1049 1316 lonum
1100 1243 1261 1314 dioribus
1283 1245 1370 1317 loeis
1384 1245 1502 1318 Celtae
1522 1263 1555 1320 et
1577 1249 1655 1335 alii,
1682 1247 1890 1345 Tyrrhenos
1906 1275 2090 1347 oppresse·

51 1346 211 1418 colonia.
261 1339 310 1414 Et
326 1341 463 1414 Vienna
480 1343 519 1412 in
535 1342 653 1416 Gallia
670 1344 893 1417 Cretensium
909 1347 1049 1416 colonia
1098 1357 1194 1416 rarat.
1242 1343 1292 1417 Et
1305 1348 1472 1418 credibile
1487 1363 1556 1433 est,
1581 1373 1655 1420 nou
1676 1352 1784 1424 fuisse
1804 1353 1948 1425 brevem
1971 1370 2005 1428 et
2027 1381 2089 1426 su·

54 1460 120 1520 est.
182 1444 266 1516 Fuit
285 1443 380 1514 euim
401 1445 523 1540 eodem
547 1446 693 1516 nomine
714 1447 800 1517 urbs
824 1445 968 1533 Cretae,
1009 1460 1050 1518 ut
1098 1446 1205 1515 bitana
1222 1448 1493 1537 expeditionem,
1518 1452 1579 1521 sed
1595 1453 1766 1543 paulatim
1783 1455 2088 1546 pluresexercitus

53 1541 410 1639 scribitStephanus,
436 1545 542 1632 dicta,
567 1549 664 1640 quod
682 1544 837 1620 ibiOtus
855 1543 1048 1640 etEplrial-
1098 1572 1140 1617 ex
1157 1543 1276 1617 Gallia
1292 1562 1325 1617 et
1340 1547 1546 1622 Teutonicis
1563 1554 1727 1641 gentibus
1743 1579 1784 1626 eo
1800 1556 1937 1628 infusos
1951 1581 2036 1633 esse.

52 1663 106 1720 tes
125 1646 281 1720 Martem
302 1646 494 1736 coeperint.
545 1645 625 1737 Qua
649 1650 852 1722 narratione
873 1649 1049 1739 significa-
1199 1642 1259 1718 Ab
1275 1643 1332 1718 his
1349 1650 1526 1722 affirmant
1546 1667 1680 1727 veteres
1696 1656 1883 1748 scriptores
1900 1655 2029 1728 Graeci
2054 1671 2089 1732 et

52 1765 134 1822 tum
149 1761 218 1834 est,
241 1747 335 1819 bella
358 1748 408 1818 ibi
431 1748 581 1818 fratrum
603 1749 752 1822 istorum
776 1751 908 1822 virtute
930 1753 1048 1822 sedata
1097 1744 1241 1832 Latini,
1268 1750 1427 1820 conditas
1449 1775 1521 1823 esse
1543 1756 1670 1840 urbes,
1698 1756 1809 1829 Seuas
1831 1781 1850 1827 a
1872 1755 2088 1844 Senonibus,

52 1873 151 1940 esse,
178 1851 273 1920 unde
290 1863 410 1940 postca
423 1849 594 1942 reliquiae
609 1851 646 1920 in
664 1850 783 1924 Gallia
800 1852 1049 1926 consederunt.
1098 1847 1364 1936 Mediolanum,
1391 1849 1588 1940 Veronam,
1611 1871 1645 1928 et
1660 1858 1747 1928 alias
1770 1859 1951 1951 quasdam.
2004 1859 2086 1948 Qua

50 1950 227 2038 Magnam
237 1947 376 2020 Galliae
392 1963 527 2041 partem
544 1949 715 2046 etLigyes
729 1967 931 2038 tenuerunt,
958 1975 1048 2047 quos
1097 1963 1215 2020 autem
1233 1952 1415 2023 occasione
1432 1951 1586 2027 Romam
1608 1959 1746 2028 attracti
1770 1959 1862 2042 sint,
1885 1974 2005 2032 namot
2023 1959 2088 2030 Li-

49 2046 257 2142 Stcpbanos
270 2050 387 2143 iuquit
401 2073 443 2120 ex
456 2049 571 2120 Tarso
584 2054 732 2129 venisse.
784 2052 916 2126 Tarsus
930 2069 1048 2126 autem
1097 2049 1192 2136 vius,
1216 2055 1310 2145 apud
1328 2078 1434 2148 quern
1449 2055 1584 2148 integra
1600 2053 1749 2132 historia
1764 2060 1910 2152 legatur.

51 2153 190 2226 dicitur
204 2177 224 2221 a
244 2149 366 2220 Tarsis
380 2150 453 2220 filio
471 2147 590 2224 laven.

158 2251 371 2326 Consedisse
388 2263 504 2322 autem
527 2251 566 2324 iu
588 2276 650 2323 ora
664 2250 942 2345 septentrionali
960 2253 1048 2326 Gal·
1146 2219 1449 2293 mmmm
1472 2219 1643 2315 ⁰⁶7W⁸2
1676 2229 1922 2298 penarum
1949 2243 2033 2297 m

49 2356 124 2426 liae
147 2351 308 2424 Senonas
336 2366 469 2422 certum
501 2365 572 2438 est,
610 2354 671 2448 qui
695 2356 841 2438 fuerunt
863 2381 905 2426 ex
927 2370 1047 2428 nostra
1490 2333 1694 2398 ‘'dm“

50 2467 159 2546 gente
183 2453 400 2536 Teutonico,
440 2476 530 2545 quae
552 2477 683 2524 nomen
710 2450 816 2529 babet
840 2456 886 2528 ab
909 2455 1047 2528 Aseaue
1195 2453 1373 2544 Regnavit
1385 2479 1497 2528 anuos
1512 2480 1570 2528 sex
1587 2472 1620 2530 et
1637 2457 1782 2546 viginti,
1807 2483 1847 2530 ac
1862 2482 2009 2548 regnum
2024 2483 2085 2529 oc-

50 2557 265 2629 Tuiscoues.
314 2549 364 2625 Et
380 2577 453 2623 uon
468 2553 618 2626 dubium
633 2566 696 2642 est,
723 2555 857 2627 vicinas
872 2573 993 2649 gentes
1008 2559 1047 2627 iu
1097 2557 1239 2648 cupavit
1260 2557 1391 2627 necatis
1416 2559 1556 2630 duobus
1576 2560 1754 2632 fratribus.
1816 2558 1933 2632 Huius
1954 2560 2084 2648 guber-

51 2655 198 2729 ltaliam
226 2669 261 2725 et
291 2667 410 2746 postea
435 2654 474 2723 in
495 2652 681 2725 Graeciam
705 2657 845 2728 duxisse
866 2659 1047 2747 exercitus,
1097 2659 1195 2728 natio
1219 2680 1299 2728 cum
1316 2659 1422 2748 plena
1446 2659 1569 2732 fuisset
1590 2661 1806 2734 crudelitatis
1823 2662 1993 2732 adversus
2016 2661 2082 2729 do-

51 2761 187 2830 mixtos
202 2781 241 2826 ex
257 2753 484 2826 Teutonibos
498 2769 531 2827 et
546 2754 673 2828 Gallis.
1097 2758 1277 2842 mesticos,
1315 2772 1475 2830 externas
1498 2763 1680 2848 nationes,
1713 2777 1747 2834 et
1770 2763 1937 2834 adversus
1958 2755 2084 2832 Eccle-

156 2857 211 2930 De
233 2856 454 2948 expeditione
475 2856 515 2925 in
530 2856 716 2929 Graeciam
738 2871 858 2948 postea
879 2859 1048 2943 dicemus,
1095 2859 1183 2930 siam
1207 2858 1247 2926 in
1264 2857 1411 2944 Iudaea,
1437 2885 1527 2953 quae
1551 2863 1764 2934 mediocrem
1789 2861 2084 2956 tranquillitatem

50 2962 88 3030 in
109 2982 181 3052 qua
196 2953 359 3028 Brennus
379 2970 456 3047 post
471 2955 713 3028 Alexandrum
731 2973 871 3029 centum
890 2977 924 3032 et
939 2963 1046 3056 quin·
1095 2974 1129 3030 et
1145 2958 1246 3054 quasi
1262 2957 1458 3053 Halcyonia
1475 2955 1663 3045 babuerat,
1688 2965 1831 3034 tandem
1852 2963 1927 3054 ipse
1950 2985 1971 3032 a
1994 2986 2085 3056 quo·

50 3059 224 3156 quaginta
239 3057 351 3127 millia
366 3057 543 3148 peditum,
571 3073 604 3130 et
620 3059 744 3149 viginti
761 3059 872 3131 millia
887 3063 1045 3155 equitum
1094 3062 1176 3130 dam
1200 3083 1263 3130 suo
1284 3063 1374 3132 duce
1388 3061 1591 3134 interfectus
1608 3079 1671 3136 cst.
1723 3063 1830 3134 luitio
1857 3063 2087 3152 gubernatio-

51 3178 85 3235 ct
116 3159 395 3255 quadringentos
415 3159 456 3228 in
479 3157 662 3230 Graeciam
686 3159 805 3244 duxit,
845 3163 1046 3257 dequibus
1094 3161 1151 3231 nis
1168 3160 1338 3233 Sidonem
1354 3162 1557 3255 proditioue
1575 3165 1708 3256 coepit,
1734 3165 1798 3235 ubi
1813 3187 1892 3236 cum
1909 3161 2086 3254 supplices

50 3261 178 3335 scribit
199 3254 457 3344 Callimachus,
488 3259 605 3329 dicere
627 3258 850 3349 Apollinem,
890 3279 1046 3334 suamet
1095 3263 1342 3347 interfecisset,
1383 3265 1464 3334 irati
1489 3263 1649 3351 Sidonii,
1677 3266 1746 3356 ipsi
1766 3267 1891 3336 urbem
1915 3264 2085 3333 incende-

50 3364 146 3452 regis
162 3359 356 3433 Ptolemaei
371 3383 596 3430 communem
618 3359 693 3428 fore
717 3360 919 3446 victoriam,
942 3384 979 3433 se
1001 3365 1044 3433 ad
1094 3375 1190 3434 runt.
1250 3362 1304 3432 Ac
1328 3364 1470 3454 periisse
1494 3363 1545 3434 ibi
1568 3367 1800 3458 quadraginta
1824 3362 1935 3434 millia
1965 3359 2086 3434 bomi-

49 3459 214 3555 Delpbos
242 3459 391 3530 fulmine
421 3459 686 3530 interfecturum
717 3482 789 3530 esse
812 3457 947 3547 Celtas,
984 3465 1044 3533 scd
1093 3486 1181 3532 num
1208 3463 1385 3538 scribitur.
1453 3464 1576 3535 Postea
1594 3461 1792 3556 Euagoram
1815 3463 1926 3558 Cypri
1954 3486 2084 3553 regem,

52 3588 173 3658 regem
194 3561 436 3632 Ptolemaeum
466 3560 734 3630 interfecturum
766 3583 839 3631 esse
858 3554 976 3634 Celtas
1001 3565 1045 3634 ad
1094 3563 1138 3632 de
1153 3587 1224 3657 quo
1240 3577 1333 3636 extat
1348 3561 1509 3636 Isocratis
1525 3565 1657 3652 oratio,
1679 3589 1760 3637 cum
1783 3565 1905 3636 fuisset
1927 3563 2003 3634 eius
2024 3587 2082 3633 so·

51 3670 173 3739 lacum
194 3659 446 3741 sorbonicum,
478 3659 515 3730 id
541 3674 607 3745 est,
633 3655 871 3752 Asphaltiten.
921 3662 1046 3735 Postea
1094 3662 1190 3750 cius,
1216 3663 1404 3739 interfecit.

52 3769 151 3838 enirn
178 3789 259 3836 cum
280 3762 318 3830 in
341 3760 463 3832 Asiam
488 3761 628 3834 attracti
656 3775 787 3846 essent,
823 3762 1047 3838 Ptolemaeus
1316 3837 1327 3853 ‚
1362 3835 1371 3854 ,
1983 3835 1992 3854 ,

50 3867 245 3956 Euergetes
260 3863 391 3934 multos
407 3863 580 3936 interfecit
596 3864 641 3933 ad
658 3858 895 3956 Asphaltiten.
1095 3835 1164 3906 De
1187 3855 1208 3904 ⁸
1218 3853 1405 3926 “mm
1424 3830 1540 3908 0οῙῑῖ
1559 3833 1791 3908 “liffeim
1808 3837 1894 3907 ΕΜ
1901 3835 1968 3907 1⁰⁸
1976 3855 2082 3906 tam.

157 3965 213 4039 Ex
241 3961 298 4036 bis
324 3965 589 4035 narrationibus
618 3979 781 4057 apparet,
821 3978 856 4037 et
878 3989 1045 4056 magnum
1194 3963 1433 4058 Recuperavit
1455 3961 1580 4038 Orbus
1602 3983 1637 4042 et
1658 3963 1868 4063 Aegyptum.
1919 3966 2083 4061 Cumque

55 4075 169 4146 robur
185 4065 312 4138 harum
328 4065 487 4155 gentium
503 4065 629 4145 fnisse,
655 4081 689 4138 et
704 4089 867 4155 magnam
882 4069 1047 4140 mtaltitu-
1094 4068 1132 4136 in
1157 4067 1287 4138 vicinia
1309 4066 1460 4140 Iudaeae
1482 4070 1613 4140 bellum
1634 4083 1789 4161 gereret,
1825 4068 2011 4141 saeviciam
2042 4068 2081 4136 iu

53 4178 177 4247 dinem
200 4192 241 4239 ex
260 4169 548 4259 patriaeductam
566 4185 649 4244 esse.
700 4165 769 4238 Sed
787 4170 1045 4260 expeditionem
1097 4167 1245 4239 ludaeos
1273 4169 1380 4241 etiam
1408 4169 1579 4255 exercuit,
1620 4171 1752 4264 quibus
1778 4171 1823 4240 ad
1844 4169 1883 4239 id
1902 4183 2083 4260 tempusa

54 4280 92 4347 in
124 4271 312 4344 Graeciam
338 4265 522 4338 antecessit
553 4264 693 4352 ltaliea,
741 4269 797 4338 cui
827 4271 1045 4340 occasionem
1092 4267 1315 4359 Lougimauo
1343 4292 1455 4364 usque
1474 4271 1573 4342 Deus
1603 4269 1895 4364 tranquillitatem
1924 4269 2084 4352 dederat,

52 4375 217 4472 praebuit
231 4393 343 4462 poena
358 4367 532 4442 libidinis.
583 4365 794 4440 Tenuerunt
809 4367 931 4440 ltaliae
945 4395 1045 4441 oram
1093 4384 1134 4440 ut
1157 4369 1349 4440 instaurari
1372 4371 1497 4454 urbes,
1529 4371 1722 4461 templum,
1745 4369 1929 4440 doctrinae
1951 4369 2084 4454 studia,

54 4481 99 4551 ab
117 4473 271 4566 Alpibus
285 4472 329 4540 ad
345 4469 488 4540 Tibrim
508 4491 621 4561 uscpre
645 4481 717 4538 tres
738 4481 879 4564 gentes:
914 4469 1046 4542 Heneti
1095 4482 1129 4541 et
1152 4483 1250 4541 totus
1270 4473 1359 4540 ordo
1383 4471 1654 4561 gubernationis
1676 4482 1828 4562 possent.
1888 4469 1959 4542 Sed
1983 4484 2082 4542 tauta

54 4583 99 4651 ad
126 4579 245 4645 sinum
263 4567 502 4655 Adriaticum3
537 4568 686 4657 Ligures
703 4569 923 4642 contrarium
947 4573 1047 4644 littus
1095 4586 1147 4641 est
1170 4565 1348 4641 humanae
1364 4584 1512 4641 naturae
1538 4569 1745 4656 infirmitas,
1775 4583 1816 4642 ut
1839 4569 1879 4640 in
1900 4571 2006 4641 rebus
2025 4594 2082 4638 se-

53 4685 97 4753 ad
113 4695 291 4756 occasum3
329 4669 451 4742 Media
475 4694 557 4750 ora,
583 4691 675 4763 quae
696 4683 733 4742 et
747 4671 909 4742 ubertate
927 4673 995 4741 soli
1012 4687 1046 4743 et
1094 4672 1221 4742 cundis
1243 4670 1384 4742 laeticia
1409 4673 1534 4744 afferat
1558 4673 1809 4762 negligentiam
1835 4672 1874 4740 in
1896 4671 2079 4740 frenandis

52 4777 265 4853 amoenitate
281 4773 385 4859 longe
399 4771 549 4855 excellit,
573 4765 936 4864 fuitTyrrbenorum,
954 4795 1046 4866 quo-
1093 4771 1363 4863 cupiditatibus.
1427 4773 1630 4863 Coeperunt
1660 4773 1770 4861 igitur
1789 4767 1861 4841 iam
1887 4773 2012 4842 fratres
2034 4775 2080 4841 de

53 4905 134 4954 rum
161 4872 349 4970 appellatio
371 4872 616 4965 antiquissima
634 4885 697 4944 est.
749 4871 907 4945 Ulterior
924 4871 1047 4944 ltaliae
1093 4895 1237 4944 summo
1249 4874 1447 4946 sacerdotio
1463 4887 1610 4946 certare.
1641 4871 1811 4946 Summus
1820 4871 1991 4944 Sacerdos
2007 4887 2081 4943 crat

52 5005 134 5076 pars
150 4976 332 5048 nominata
347 4985 399 5042 est
413 4969 593 5059 Ausonia,
619 4971 666 5043 ab
680 4967 827 5044 Ausone
846 4974 922 5046 filio
938 4973 1045 5070 Ulys·
1094 4967 1283 5048 lohannes.
1346 4971 1455 5048 Hune
1475 4989 1514 5046 ut
1535 4976 1647 5047 frater
1667 4975 1743 5046 eius
1766 4974 1864 5045 lesus
1893 4987 2080 5070 excuteret,

51 5085 100 5154 sis
120 5095 155 5152 et
169 5077 353 5171 Calypsus.
403 5069 565 5146 Fuerunt
587 5088 704 5146 autem
725 5069 905 5169 Tyrrheni
917 5074 1044 5170 Lydo·
1092 5075 1180 5164 petit
1196 5097 1217 5144 a
1235 5071 1372 5163 Vagose
1391 5075 1533 5146 Persico
1550 5076 1714 5167 praeside
1734 5073 1927 5154 auxilium,
1959 5085 1995 5146 et
2018 5099 2079 5143 co-

51 5209 131 5256 rum
157 5177 285 5250 coloni.
336 5173 428 5269 Lydi
448 5187 565 5244 autem
587 5173 634 5242 ab
655 5171 838 5269 Aegyptiis
856 5175 1041 5251 orti-sunt.
1091 5172 1247 5246 naturai
1263 5199 1438 5268 occupare
1453 5178 1639 5266 templum.
1681 5175 1737 5246 lbi
1751 5203 1769 5246 a
1787 5179 1895 5248 fratre
1915 5168 2075 5244 lobanna

51 5285 98 5357 Et
111 5282 220 5353 baisse
235 5290 342 5348 tetras
361 5274 553 5344 libidinum
577 5274 801 5346 confusiones
826 5276 864 5344 iu
883 5271 1042 5370 'l'yrrbe-
1090 5276 1199 5346 frater
1221 5277 1260 5346 in
1285 5278 1419 5364 templo
1443 5277 1651 5349 trucidatur.
1705 5277 1806 5348 Talia
1833 5288 1971 5368 peccata
1994 5273 2077 5341 irri-

50 5389 120 5472 nia‚
146 5376 459 5463 narratTimaeus,
479 5375 542 5471 qui
558 5373 650 5446 cirea
667 5368 753 5448 baec
768 5389 926 5468 tempora
940 5376 1040 5450 vixit.
1064 5439 1068 5457 ,
1090 5388 1211 5449 terunt
1230 5377 1322 5448 iram
1341 5374 1424 5454 Dei.
1477 5377 1585 5452 Venit
1609 5379 1722 5471 igitur
1743 5377 1998 5470 lerosolymam
2006 5371 2081 5444 Va-
