4604 5804
69 294 144 370 aaa·
313 261 314 264 ‘
685 220 760 366 ἰ.
804 273 1371 364 ermoniconcamoms
1509 389 1516 408 ,
1946 255 2056 361 'rac

124 501 129 506 -
152 464 237 536 Cum
260 460 400 536 Ananis
422 460 592 534 tenuisset
608 454 760 552 Aegypti
790 479 939 546 regnum
962 477 1027 526 an·
1077 447 1263 539 plenaluit
1276 447 1457 545 Aegyptus
1473 455 1734 528 teterrimarum
1750 451 1948 541 idolon'rm,
1973 461 2053 531 ideo

66 591 122 636 nos
146 567 369 659 quadraginta
399 579 568 658 quatuor,
602 574 642 631 ut
667 559 789 632 scribit
811 551 1029 637 Herodotus,
1075 550 1209 620 crebris
1221 555 1479 625 mutationibus
1493 558 1605 646 regni,
1629 571 1664 628 et
1680 559 1786 628 variis
1802 561 2055 632 calamitatibus

66 669 209 736 successit
223 668 316 736 filins
330 657 686 746 Psamm‘c'nilus,
712 655 779 728 hoc
793 671 861 743 est,
887 659 1028 753 clypeus
1075 653 1199 741 punita
1213 667 1277 726 cst.
1327 653 1519 749 Postquam
1535 671 1650 728 autem
1665 663 1709 729 de
1720 656 1918 747 Chaldaeis,
1944 662 2055 757 Assy·

64 769 251 851 inclinatus,
276 769 432 860 qrricum
454 789 511 836 sex
533 785 670 834 menses
688 773 883 850 regnasset,
906 771 1027 850 captus
1075 752 1138 821 riis
1160 763 1193 822 ct
1216 751 1399 848 Aegyptiis
1421 757 1599 845 diximus,
1633 761 1671 828 in
1689 761 2053 854 quibusregnistem-

63 867 351 962 cstaCambyse,
384 889 465 955 rege
486 866 647 947 Persico,
681 873 716 932 et
737 861 920 953 aliquanto
948 872 1027 950 post
1076 877 1160 944 porc
1189 853 1324 944 primae
1360 855 1586 929 monarchiae
1615 862 1749 932 multae
1775 867 1989 934 mutationes
2020 878 2056 936 et

62 969 275 1041 interiectum
308 968 470 1060 Suntque
486 969 578 1058 apud
601 964 823 1034 Herodotum
843 965 886 1029 de
902 960 1025 1029 Psam-
1074 955 1285 1026 vastationes
1315 959 1528 1029 acciderunt.
1587 960 1693 1032 Nunc
1714 986 1836 1034 rursus
1864 967 1909 1033 de
1929 965 2054 1056 politia

61 1072 178 1139 mgnilo
201 1065 267 1140 hag
298 1071 534 1149 narrationes,
567 1067 694 1154 dignae
715 1064 903 1132 memoria:
933 1061 1025 1132 Cum
1075 1053 1183 1124 lsissel
1201 1057 1375 1143 dicemus,
1401 1065 1436 1128 el
1459 1061 1614 1131 breviler
1632 1064 1826 1154 catalogum
1844 1064 2004 1135 ludicum
2020 1080 2055 1138 Ol

61 1169 121 1238 filia
142 1172 324 1238 duceretur
350 1170 442 1239 inter
465 1169 619 1258 captivas
636 1165 756 1235 servili
775 1158 918 1244 habitu,
940 1163 1024 1230 mis-
1072 1154 1212 1245 Regum
1238 1159 1447 1230 inseremus:
1481 1185 1563 1230 nam
1585 1186 1642 1231 rcs
1656 1179 1770 1252 gestae
1786 1168 1952 1256 legendae
1971 1181 2055 1238 sunt

62 1293 107 1336 sas
119 1273 159 1338 ad
173 1293 299 1361 aquam
315 1272 516 1354 ferendam,
540 1268 630 1338 sedit
653 1277 752 1357 pater
767 1261 1025 1333 Psammenitus
1073 1257 1112 1324 in
1139 1254 1353 1348 prophetica
1374 1257 1540 1345 historia,
1572 1278 1604 1334 et
1628 1267 1734 1335 simul
1758 1265 2054 1338 considerandum

60 1370 140 1438 iuter
165 1384 300 1461 captos,
340 1370 465 1439 videns
497 1380 778 1461 praetereuntem
809 1365 939 1449 filiam,
985 1386 1025 1432 ac
1072 1371 1140 1437 est,
1168 1361 1284 1450 qualis
1308 1361 1357 1430 ibi
1382 1363 1489 1432 feeerit
1516 1361 1692 1450 Ecclesia,
1718 1366 1819 1452 Quae
1843 1369 1916 1437 sint
1940 1371 2054 1440 aDeo

59 1468 185 1538 caeteris
207 1471 431 1561 plorantibus
456 1471 531 1561 ipse
561 1470 688 1540 tacitns
709 1467 818 1550 sedit,
849 1465 962 1536 oculis
986 1465 1024 1532 in
1071 1459 1222 1528 illustria
1239 1461 1441 1532 testimonia
1462 1477 1619 1544 ostensa,
1647 1465 1719 1554 Qui
1735 1464 1935 1559 Prophetae
1955 1471 2053 1538 missi

60 1583 173 1638 terram
194 1571 328 1640 defixis.
372 1569 498 1642 Postea
513 1594 593 1640 cum
610 1570 703 1638 lilius
729 1570 918 1638 duceretur
930 1567 1025 1636 inter
1071 1561 1161 1639 sint,
1190 1559 1290 1649 Quae
1306 1564 1414 1636 leserit
1428 1566 1538 1634 forma
1556 1570 1836 1654 gubernationis,
1863 1569 2054 1657 Quomodo

58 1683 195 1740 caeteros
210 1671 493 1756 interficiendus,
520 1671 610 1742 sedit
626 1672 748 1740 eudem
764 1669 871 1738 modo
886 1666 1023 1738 tacitus.
1070 1662 1211 1730 defensa
1235 1663 1280 1733 sit
1300 1664 1424 1753 politia
1449 1665 1561 1736 lsrael
1583 1683 1728 1760 propter
1742 1667 1953 1754 Ecclesiam,
1979 1695 2053 1740 raon

58 1767 129 1840 Post
147 1767 209 1842 hos
231 1796 311 1842 cnm
333 1773 517 1842 familiaris
542 1771 687 1864 quidam
720 1770 909 1839 duceretur
930 1767 1023 1837 inter
1071 1753 1236 1832 humanis
1266 1767 1441 1846 consiliis,
1476 1772 1534 1835 sed
1562 1763 1689 1838 aDco
1717 1771 1868 1840 subinde
1898 1773 2053 1844 excitatis

58 1870 217 1958 captivos,
250 1874 389 1962 plorare
421 1886 455 1943 et
482 1888 586 1964 caput
607 1871 713 1942 ferire
741 1869 868 1960 coepit.
925 1866 1023 1937 Ilaec
1069 1863 1240 1948 ducibus,
1274 1866 1366 1936 sicut
1391 1881 1425 1936 et
1447 1864 1637 1941 Zacharias
1661 1871 1764 1940 dicit:
1791 1871 1871 1942 Non
1895 1873 1932 1940 iu
1955 1897 2053 1941 exer-

56 1993 122 2038 cum
143 1973 444 2044 anicnadvertisset
468 1972 686 2066 Cambyses„
702 1968 915 2058 interrogari
940 1991 1021 2038 eum
1069 1962 1162 2047 citn,
1196 1989 1271 2034 non
1295 1967 1332 2034 in
1355 1969 1503 2055 robore,
1535 1973 1595 2040 sed
1625 1973 1664 2040 in
1688 1971 1824 2062 Spiritu
1843 1997 1942 2057 cneo,
1966 1974 2054 2043 dicit

55 2070 171 2152 iussit„
192 2097 258 2144 cuc
280 2097 376 2144 nunc
400 2075 571 2163 ploraret,
597 2097 679 2143 cum
700 2085 802 2140 antea
824 2071 950 2140 tacitus
964 2069 1021 2138 vi·
1068 2058 1267 2140 Dominus.

56 2171 147 2242 disset
177 2174 262 2243 duci
291 2175 398 2242 filiam
431 2188 463 2244 et
499 2173 637 2241 filium?
687 2169 906 2262 Respondit,
945 2169 1020 2239 Do·
1724 2247 1728 2257 ,

55 2274 179 2344 mastica
192 2275 283 2344 mala
299 2274 432 2342 maiora
450 2295 523 2342 esse
545 2272 728 2366 lacrymis,
752 2273 813 2342 sed
838 2272 943 2340 amici
963 2296 1019 2340 ca·
1298 2295 1469 2366 puppe„
1497 2301 1642 2387 ’,ΜΗ
1671 2303 1840 2402 mm·

54 2369 229 2444 lamitatem
255 2398 355 2466 posse
377 2375 542 2466 lacrymis
567 2373 771 2462 significari.
820 2369 936 2442 Aiunt
957 2395 1023 2442 au·

54 2481 131 2559 tem,
150 2473 322 2545 Croesum
338 2475 399 2568 qui
414 2476 521 2543 simul
536 2475 667 2559 adluit,
693 2486 728 2544 et
737 2470 920 2566 Principes
933 2471 1021 2542 Per·
1168 2427 1261 2550 Cum
1275 2427 1481 2552 131αέΗῖ
1490 2459 1541 2506 ‘¹⁶
1558 2441 1791 2558 q¹¹²¹df³ssl¹¹¹³
1808 2469 1919 2514 ³¹¹⁸⁰⁵
1938 2446 2052 2563 inde-

53 2573 129 2642 ticos
144 2576 400 2668 illacrymasse,
424 2589 459 2646 ct
475 2573 672 2667 Cambysen
687 2574 927 2644 misericordia
942 2595 1020 2644 mo·
1067 2533 1345 2620 ⁵e¹l⁰s¹¹¹⁵³⁰m²
1373 2531 1555 2608 Mm‘s
1581 2557 1748 2628 'nimmia
1784 2548 2051 2636 ‘lu‘ldfflssiifflw

52 2685 115 2741 tum
139 2675 280 2745 iussisse
312 2675 425 2745 lilium
453 2675 486 2745 ei
517 2675 656 2744 restitui
681 2675 906 2746 incolumem.
960 2672 1019 2744 Ad
1066 2637 1658 2734 ³⁰⁰⁰p⁰⁵tex¹lu¹¹¹⁰¹A⁰3yl³l⁰e
1685 2645 2051 2718 ‘uml'l¹l⁸⁵el³¹¹¹¹⁰⁸

53 2797 141 2864 quem
164 2778 406 2848 reducendum
429 2799 509 2847 cum
533 2777 656 2846 nuncii
681 2776 922 2859 mitterentur,
949 2775 1019 2843 iam
1066 2747 1206 2804 centum
1224 2749 1257 2870 ef
1272 2752 1432 2874 ‘nima'
1975 2855 1992 2870 ..

52 2875 562 2947 adolescensinterfectuserat.
616 2873 687 2968 lpsi
708 2889 824 2944 tamen
839 2873 1019 2945 Psamme·
1147 2852 1262 2970 „Hinc
1284 2870 1449 2976 ωῐῑθξθξῑ
1472 2852 1553 2928 1⁰⁵
1563 2863 1727 2956 aa,qui
1748 2863 1816 2935 suli
1831 2864 1902 2933 ‘¹¹¹¹
1925 2865 2051 2956 P⁰P¹lli

51 2975 115 3046 nito
129 2992 212 3048 tunc
229 2979 338 3047 vitam
354 2978 501 3048 donavit
514 2975 720 3072 Cambyses,
746 2991 781 3046 et
795 2989 870 3048 erat
890 2977 921 3044 ei
937 2977 1018 3045 red·
1067 2949 1195 3034 hwile
1211 2977 1333 3050 ,³⁰⁰1st
1351 2971 1496 3046 ll'fifflla
1512 2963 1612 3030 dum·

50 3076 173 3148 diturus
188 3077 411 3172 Aegyptum,
436 3092 478 3149 ut
499 3101 576 3149 earn
600 3091 766 3170 tanquam
785 3075 902 3166 regius
919 3101 1021 3168 prae-
1154 3068 1249 3141 ·Non
1278 3073 1347 3144 luit
1374 3089 1491 3145 autem
1524 3079 1696 3149 successio
1719 3081 1850 3152 ducum
1882 3107 1922 3154 ex
1955 3099 2049 3158 certa

49 3175 144 3247 lectus
165 3181 390 3270 gubernaret.
427 3173 519 3249 ¹Sed
549 3203 629 3249 cnm
651 3176 911 3246 Psammenitus
944 3201 1018 3246 non
1064 3173 1191 3264 stirpe,
1216 3186 1278 3244 aut
1302 3173 1427 3246 electio
1449 3179 1536 3262 certi
1555 3178 1725 3266 Senatus,
1757 3185 1819 3252 sed
1840 3187 1937 3256 velut
1959 3181 2048 3258 Ari-

49 3277 248 3368 quiesceret,
282 3293 316 3350 et
338 3278 542 3350 sollicitaret
565 3275 758 3370 Aegyptios
780 3280 824 3347 ad
850 3278 1018 3349 defectio·
1064 3273 1228 3344 stocratia
1252 3289 1326 3345 erat
1349 3275 1539 3349 Saniorum
1562 3281 1602 3349 in
1624 3281 1773 3371 singulis
1795 3285 1980 3378 tribubus,
2014 3301 2049 3359 ct

48 3399 135 3464 nem,
158 3381 262 3450 iussit
279 3403 358 3448 eum
377 3393 494 3468 postea
511 3376 698 3470 Cambyses
718 3377 879 3445 interfici.
1063 3395 1199 3448 summa
1215 3377 1386 3446 autoritas
1405 3393 1481 3449 erat
1504 3380 1590 3466 legis
1613 3384 1774 3462 divinae,
1806 3407 1912 3476 quam
1933 3411 2047 3458 sacer.

135 3479 310 3570 Deinceps
332 3476 532 3571 Aegyptum
554 3477 781 3546 retinuerunt
800 3473 932 3545 Persici
961 3498 1018 3544 re·
1064 3473 1163 3540 dotes
1184 3471 1346 3562 quotidie
1366 3474 1566 3561 docebant,
1585 3474 1632 3550 Et
1655 3475 1694 3547 hi
1709 3483 1986 3557 consulebantur
2003 3491 2047 3558 de

47 3599 96 3665 ges
116 3604 227 3675 usque
253 3581 296 3648 ad
312 3577 460 3649 Darium
479 3573 658 3660 Nothum,
684 3577 784 3647 cuius
808 3599 903 3646 anno
920 3589 1017 3646 sexto
1063 3569 1280 3662 gravissimis
1301 3574 1472 3664 negociis,
1504 3588 1543 3647 ut
1568 3577 1607 3647 in
1631 3579 1912 3654 Deuteronomio
1944 3609 2047 3660 man.

47 3677 225 3774 Amyrteus
251 3679 506 3754 Saitesdclecit
526 3703 546 3750 a
568 3675 703 3762 Persis,
734 3689 769 3748 et
796 3678 834 3747 in
855 3677 1017 3771 Aegypto
1064 3675 1184 3744 datum
1220 3685 1306 3744 crat.
1377 3671 1430 3745 lta
1471 3671 1535 3746 lex
1567 3673 1649 3747 Dei
1685 3694 1759 3752 erat
1798 3684 1964 3768 domina,
1996 3703 2047 3762 'et

46 3785 204 3868 regnavit.
256 3775 304 3850 Et
319 3792 397 3872 post
419 3773 515 3850 hunc
536 3774 762 3870 Nepherites,
786 3773 958 3862 Arboris,
984 3792 1017 3850 et
1063 3774 1190 3842 rectrix
1225 3768 1332 3844 huius
1366 3776 1508 3866 populi,
1542 3801 1608 3849 nec
1640 3782 1826 3876 quisquam
1860 3790 2046 3879 appetebat

46 3875 254 3955 Nectanebns
277 3883 377 3971 prior
404 3893 439 3950 et
466 3881 659 3970 posterior,
690 3902 797 3973 quem
819 3879 955 3969 expulit
974 3901 1016 3948 ex
1062 3895 1231 3964 regnum,
1257 3876 1340 3968 quia
1363 3877 1538 3964 sciebant,
1562 3875 1658 3952 hunc
1674 3883 1846 3975 populum
1862 3881 1942 3957 Dei
1962 3913 2047 3980 esse,
2155 3914 2162 3928 ⁸

45 4001 141 4070 regno
162 3981 326 4056 Persicus
343 4004 419 4052 xrm:
442 3975 587 4064 Ochus,
618 3981 679 4078 gui
703 3979 840 4052 Sidone
870 3979 1014 4050 incensa
1063 3987 1098 4046 et
1121 3999 1142 4045 a
1162 3970 1246 4044 Deo
1267 3978 1422 4066 protegi,
1453 4001 1518 4050 nec
1539 3977 1704 4054 humanis
1721 3987 1878 4058 consiliis
1892 3991 2044 4064 fonnem

45 4102 236 4172 progressus
259 4083 479 4173 recuperavit
501 4081 712 4175 Aegyptum.
774 4078 929 4170 Fugiens
951 4103 1017 4151 au.
1062 4076 1327 4168 gubernationis
1357 4101 1486 4149 novam
1518 4085 1803 4156 constituendam
1831 4111 1922 4176 csse,
1953 4093 2044 4167 sicut
2148 4080 2150 4086 ’

45 4191 105 4250 tcm
126 4183 348 4258 Nectanaboa
378 4183 418 4252 in
447 4177 697 4276 Aethiopiam,
728 4183 808 4253 exul
834 4183 887 4254 ibi
917 4205 1028 4252 mon,
1063 4175 1211 4248 Gedeon
1233 4178 1368 4272 inquit:
1400 4179 1483 4250 Non
1505 4184 1718 4257 dominabor
1738 4189 1864 4274 vestri,
1890 4213 1955 4261 nec
1976 4195 2043 4264 do-

45 4292 116 4354 tuut
131 4300 194 4361 cst.
895 4308 898 4318 ·
1060 4279 1255 4349 minabitur
1270 4283 1377 4352 vestri
1392 4283 1485 4352 filius
1502 4306 1620 4366 meus,
1645 4291 1705 4358 sed
1724 4289 1968 4362 dominabitur
1982 4319 2042 4366 vc·

131 4385 274 4466 Deinde
291 4395 371 4477 post
395 4393 508 4454 anuos
532 4383 609 4481 lece
628 4382 755 4474 viginti
776 4397 944 4482 occupata
962 4394 1014 4454 est
1039 4381 1125 4451 *stri
1160 4375 1361 4450 Dominus.
1435 4382 1496 4454 Sic
1532 4383 1705 4458 divinitus
1747 4406 1952 4464 conservata
1990 4409 2042 4468 cst

44 4476 213 4580 Aegyptus
235 4489 282 4558 ab
297 4485 521 4570 Alexandro,
545 4500 626 4577 post
650 4507 754 4579 quem
777 4486 853 4555 nati
875 4509 916 4554 ex
932 4484 1014 4554 llis-
1059 4475 1146 4551 haec
1169 4481 1402 4554 Aristocratia
1423 4505 1536 4556 annos
1558 4502 1638 4578 post
1660 4488 1764 4560 losue
1785 4504 1960 4565 trecentos
1983 4493 2040 4566 vi·¹

44 4588 201 4662 ccdonica
222 4589 332 4680 stirpe
352 4609 452 4677 reges
466 4584 618 4680 Aegypti
633 4588 795 4668 fuerunt,
821 4587 866 4657 de
882 4587 1029 4682 quibus,
1058 4583 1149 4673 gipti
1168 4583 1344 4678 quinque,
1370 4589 1546 4678 usquead
1570 4603 1720 4662 mortem
1741 4586 1813 4665 Eli.
1858 4584 2042 4669 ¹Excitavit

44 4679 125 4758 iuba
139 4691 297 4770 dicemus
312 4688 351 4760 in
367 4689 469 4760 tertia
485 4682 704 4759 monarchia.
1057 4698 1175 4756 autem
1199 4685 1298 4755 Deus
1321 4685 1408 4756 alias
1428 4687 1553 4758 exalia
1577 4689 1675 4762 tribu
1690 4691 1830 4762 ioelices
1852 4695 1977 4782 duces,
1998 4711 2040 4772 ut

133 4789 239 4864 Nunc
269 4803 427 4861 veterum
455 4811 578 4879 regum
601 4784 857 4883 Aegyptiorum
879 4785 1010 4858 catalo-
1056 4788 1275 4872 ostenderet,
1299 4787 1422 4857 diviua
1445 4790 1603 4879 potentia
1626 4791 1746 4884 colligi
1761 4807 1795 4864 et
1818 4797 1953 4868 servam
1966 4795 2037 4871 Ec-

44 4905 117 4972 ttm
145 4889 329 4974 contexui,
360 4903 402 4960 ut
428 4890 548 4983 aliquo
576 4891 684 4960 modo
709 4889 867 4981 conspici
887 4885 1010 4978 possit,
1056 4886 1215 4974 clesiam,
1249 4911 1315 4958 nec
1345 4889 1506 4960 foelicem
1529 4914 1604 4962 esse
1625 4893 1934 4984 gubernationem,
1965 4901 2038 4974 nisi

43 4993 210 5076 quomodo
225 4990 331 5061 series
346 5012 465 5060 rerum
483 4989 775 5086 Aegyptiacarum
796 4991 840 5060 ad
857 4987 1008 5082 primam
1054 4982 1140 5058 Deo
1161 4987 1313 5064 iuvante.
1364 4989 1482 5062 Simul
1505 5005 1622 5064 autem
1642 4994 1857 5068 defensionis
1881 4999 2036 5078 miracu·

44 5099 72 5155 ct
88 5093 273 5164 secundam
295 5084 561 5174 monarchiam,
589 5105 625 5163 et
645 5093 692 5162 ad
713 5089 875 5184 politiam
900 5086 1008 5161 lsrael
1053 5089 1088 5160 la
1102 5089 1302 5160 testimonia
1317 5091 1462 5163 fuerunt
1479 5093 1524 5162 de
1541 5094 1701 5167 doctrina
1717 5091 1801 5168 huic
1822 5091 1947 5192 pupuli
1962 5115 2035 5174 tra·

43 5205 215 5280 efflarunt.
268 5187 447 5264 Excelluit
471 5202 588 5260 autem
611 5187 793 5287 Aegyptus
817 5189 953 5264 artibus
972 5201 1008 5261 et
1052 5190 1146 5277 dita,
1178 5204 1214 5261 et
1242 5194 1472 5267 ostenderunt
1498 5192 1537 5264 iu
1569 5188 1636 5267 hoc
1659 5198 1794 5291 populo
1819 5222 1903 5271 rere
1926 5201 2034 5276 fuisse

42 5281 193 5378 tegibus,
214 5304 251 5364 et
270 5289 524 5387 aliquantisper
548 5291 713 5365 docmina
734 5285 862 5386 loseph
882 5287 1006 5362 Eccle-
1050 5285 1245 5365 Ecclesiam
1269 5288 1359 5373 Dei.
1391 5305 1427 5364 et
1449 5303 1667 5384 praesentem
1688 5299 1728 5371 iu
1751 5323 1791 5372 ea
1814 5319 1888 5372 este
1902 5297 2032 5377 Deum.

42 5385 119 5459 siam
145 5392 198 5463 ibi
224 5392 453 5486 plantaverat.
508 5387 579 5462 sed
607 5391 759 5490 reliquis
786 5391 1004 5486 temporibus
1049 5386 1104 5464 Ac
1117 5393 1224 5466 duces
1238 5407 1317 5487 poet
1332 5390 1435 5465 los'ua
1450 5396 1611 5471 iuemnt:
