4696 5820
211 297 286 374 ses
547 281 1896 372 nucuneconstnunsrtosucouromsuun.
2155 285 2241 376 ses

216 491 290 542 esse
306 463 476 539 omnibus
494 465 720 538 notissimum
739 479 803 552 est,
829 489 919 560 quae
936 463 1097 536 doctrina
1110 485 1200 534 aua·
1248 467 1438 562 sapientiae
1454 479 1489 538 et
1503 465 1671 539 iusticias.
1722 463 1793 540 Sed
1805 463 1945 541 'nultius
1958 461 2163 566 eloquentia
2180 491 2238 542 sa-
2340 457 2341 468 ¹

216 569 346 643 tomice
368 569 412 638 de
434 567 603 638 membris
626 580 806 640 eteorum
829 567 953 638 officiis
975 589 1094 638 carere
1124 587 1200 635 non
1248 571 1294 641 tis
1322 591 1497 662 exponere
1528 579 1659 660 potest,
1693 593 1799 664 quam
1827 569 1961 642 multae
1995 573 2240 643 commonefa-
2340 621 2341 626 κ

218 685 344 766 potest.
394 665 471 740 Hae
484 669 653 741 utilitates
669 682 837 742 moveant
851 671 962 742 bonas
980 680 1135 746 mentes,
1159 677 1213 740 ut,
1248 672 1382 743 stiones
1413 671 1453 738 in
1483 671 1682 763 aspectione
1709 671 1950 743 membrorum
1978 687 2241 767 proponantur,
2340 749 2341 758 ,

220 776 356 846 discant
369 765 462 842 hanc
478 771 697 857 doctrinam,
723 795 813 866 quae
828 771 858 840 si
874 770 994 840 minus
1016 779 1202 838 moverent
1250 795 1401 868 quarum
1431 771 1584 842 subinde
1612 771 1731 862 plures
1761 773 2045 847 animadvertent
2076 775 2243 856 studiosi,

220 871 400 961 homines,
433 885 551 944 tamen
574 887 719 966 propter
739 873 1043 943 confirmationem
1064 891 1203 940 asseve-
1250 897 1331 944 eum
1348 873 1387 941 in
1401 868 1494 944 hanc
1509 873 1709 944 doctrinam
1724 873 1871 964 ingressi
1887 875 2041 964 fuerint,
2066 879 2112 948 ad
2129 899 2240 970 quam
2340 889 2341 912 ¹

220 978 369 1050 rationis
382 977 427 1046 de
441 975 519 1048 Deo
535 989 568 1046 et
581 977 625 1046 de
642 973 875 1067 providentia,
888 970 1073 1044 fabricatio
1089 993 1204 1040 mem·
1251 975 1356 1047 ctiam
1367 974 1554 1044 dulcedine
1564 974 1777 1065 cognitionis
1787 975 1993 1050 invitemur.
2036 977 2242 1050 Iucundum

220 1083 368 1151 brorum
390 1077 591 1170 aspicienda
613 1090 710 1150 esset.
759 1073 841 1146 Non
870 1066 1203 1146 confluxisse·hanc
1251 1089 1304 1148 est
1330 1075 1451 1146 videre
1474 1075 1630 1147 aedificia
1652 1089 1745 1148 recte
1766 1077 1859 1148 facta
1880 1090 1915 1149 et
1935 1093 2015 1173 apte
2036 1080 2243 1164 distributa,
2340 1139 2341 1152 ,

224 1203 343 1252 rerum
359 1193 524 1251 naturam
541 1203 583 1250 ex
596 1176 790 1250 Democriti
812 1178 937 1248 atomis
957 1171 1203 1245 manifestissi-
1252 1189 1385 1274 quanto
1413 1175 1603 1248 iucundius
1630 1189 1683 1248 est
1709 1179 1941 1272 contemplari
1962 1181 2161 1252 aedificium
2185 1181 2243 1252 sui
2340 1173 2341 1196 ¹

223 1306 322 1354 mum
341 1295 410 1367 est,
434 1293 470 1353 et
483 1304 525 1351 ex
538 1280 694 1350 immotis
707 1278 867 1364 noticiis,
893 1301 983 1371 quae
999 1273 1205 1347 bominibus
1252 1277 1428 1371 corporis,
1453 1277 1492 1346 in
1508 1302 1579 1372 quo
1597 1278 1712 1364 vides,
1737 1291 1867 1373 quanta
1883 1295 1958 1354 arte
1973 1281 2112 1372 singula
2126 1305 2243 1351 mem·
2340 1287 2341 1340 ἒ

225 1375 1205 1476 fssssllflesussls,⁰le¹iss80nfid010te,quisequllur
1252 1381 1317 1452 bra
1343 1393 1379 1450 et
1397 1369 1547 1450 formata
1569 1392 1605 1452 et
1625 1381 1795 1451 collocata
1817 1382 1899 1452 sint.
1966 1379 2118 1453 Consilii
2140 1383 2243 1454 locus
2340 1377 2341 1442 l

225 1483 454 1557 violationem
477 1481 618 1552 illarum
644 1481 856 1552 noticiarum
885 1479 1012 1551 ordine
1038 1479 1206 1548 immuta·
1253 1480 1403 1552 velutin
1418 1479 1559 1573 specula
1577 1503 1734 1552 summus
1749 1495 1812 1557 est.
1862 1481 1905 1553 ln
1919 1483 2037 1554 medio
2052 1485 2245 1568 roburest,
2340 1519 2341 1556 t

225 1587 302 1656 bili.
352 1583 621 1654 Harumrerum
638 1583 789 1674 aspectio
806 1583 943 1652 illustre
963 1579 1205 1652 testimonium
1254 1581 1337 1677 quia
1359 1604 1421 1651 cur
1439 1581 1521 1651 fons
1538 1593 1591 1652 est
1607 1581 1735 1652 caloris
1752 1583 1882 1654 vivifici
1897 1598 1932 1655 et
1944 1583 2151 1666 affectuum,
2178 1587 2246 1677 qui
2340 1613 2341 1654 t

226 1701 278 1758 est
292 1687 335 1756 de
350 1667 427 1756 Deo
441 1698 476 1756 et
492 1685 536 1754 de
551 1684 792 1777 providentia,
819 1707 909 1778 quae
923 1697 1042 1754 tamen
1058 1681 1106 1750 ita
1121 1704 1207 1771 pro·
1253 1685 1328 1754 sive
1344 1681 1493 1753 consilio
1509 1684 1772 1775 obtemperant,
1799 1683 1874 1755 sive
1887 1699 1999 1756 ruunt
2011 1686 2105 1757 coeci
2121 1688 2160 1754 in
2175 1681 2247 1755 bac

227 1789 308 1880 pius
323 1785 558 1879 aspiciuntur,
575 1810 655 1855 cum
673 1786 748 1877 ipsa
763 1785 948 1855 fabricatio
965 1781 1206 1852 membrorum
1254 1785 1474 1875 languel'acta
1491 1798 1638 1868 natura,
1661 1798 1779 1854 tamen
1797 1799 1881 1856 sunt
1898 1788 2072 1860 acerrimi.
2123 1785 2247 1858 llabet
2340 1789 2341 1822 ³

227 1888 332 1960 etiam
347 1887 610 1958 consideratur.
663 1883 761 1975 Quid
791 1886 991 1956 mirabilius
1020 1897 1073 1954 est
1099 1905 1206 1977 quam
1255 1900 1373 1958 tamen
1393 1897 1535 1956 senatus
1554 1886 1737 1957 ministros
1753 1910 1899 1972 nervos,
1925 1887 1988 1980 qui
2002 1901 2166 1958 externos
2182 1909 2247 1977 ge·
2340 1911 2341 1986 j

227 1987 464 2074 in·cerebrum
482 2002 535 2060 tot
550 1987 697 2060 noticias
714 2000 787 2058 tam
802 1988 916 2057 varias
937 1986 1127 2056 multamm
1149 2005 1208 2052 at*
1255 2000 1329 2058 stus
1351 1998 1496 2076 regunt,
1526 1997 1562 2056 et
1585 1999 1741 2056 errantes
1760 1987 1877 2057 cordis
1899 1987 2053 2080 impetus
2073 1983 2254 2059 cohibere·
2340 2025 2341 2042 ι

227 2092 316 2162 tium
341 2104 375 2161 et
397 2113 517 2160 rerum
539 2089 676 2158 includi
702 2089 826 2181 posse?
865 2087 966 2157 Talis
989 2109 1101 2155 massa
1132 2084 1208 2153 sine
1255 2099 1448 2180 possuntt·
1476 2085 1573 2156 lmus
1597 2087 1696 2157 locus
1718 2087 1910 2158 attributus
1933 2101 1983 2158 est
2006 2089 2166 2168 culinae,
2201 2113 2247 2158 ex
2340 2095 2341 2102 ’

226 2205 348 2262 mente
368 2191 443 2262 fieri
465 2214 540 2260 non
561 2171 697 2282 potnit,
721 2189 804 2283 quia
828 2203 921 2260 certe
943 2209 1129 2281 nunqnam
1152 2207 1209 2256 sa·
1257 2211 1327 2280 qua
1353 2201 1473 2260 tamen
1501 2200 1577 2258 arte
1605 2189 1676 2259 cibi
1705 2189 1745 2256 in
1765 2201 1881 2260 totum
1902 2213 2029 2281 corpus
2049 2184 2247 2260 vehuntur.

226 2293 328 2383 piens
353 2304 479 2362 natura
504 2313 545 2360 ex
570 2292 682 2363 coecis
703 2292 829 2361 atomis
852 2289 939 2361 oriri
971 2303 1102 2382 potest,
1133 2308 1209 2356 non
1256 2289 1353 2360 Haec
1386 2284 1633 2360 machinarum
1668 2289 1872 2360 distributio
1909 2305 2002 2362 certe
2031 2291 2247 2383 sapientiam
2340 2311 2341 2354 z

228 2392 322 2464 enim
339 2405 453 2485 potest
467 2391 610 2464 effectus
626 2405 701 2462 toto
725 2414 851 2484 genere
873 2392 1109 2484 praestantior
1136 2409 1210 2457 esse
1258 2389 1454 2462 conditoris
1483 2391 1654 2476 ostendit,
1688 2411 1794 2483 quem
1823 2394 1915 2481 grati
1941 2393 2176 2471 celebremus,
2212 2407 2249 2461 et

229 2516 342 2566 causa.
391 2489 491 2562 Nihil
507 2495 552 2563 de
574 2488 719 2564 bomine
742 2493 937 2586 praedicari
952 2493 1065 2561 maius
1086 2501 1211 2580 potest,
1257 2515 1459 2585 precemur,
1480 2505 1522 2562 ut
1534 2515 1618 2578 nos,
1642 2492 1705 2586 qui
1718 2503 1752 2562 et
1763 2515 1869 2583 opera
1883 2493 1994 2585 ipsius
2010 2507 2045 2564 ct
2060 2491 2248 2564 domicilia
2340 2497 2341 2548 t

229 2617 335 2689 quam
358 2597 456 2688 quod
477 2609 513 2664 et
535 2619 603 2664 vox
624 2594 747 2663 divina
761 2617 864 2686 saepe
881 2593 1047 2663 affirmat:
1081 2589 1211 2661 Homi-
1259 2616 1399 2678 sumus,
1429 2607 1463 2664 et
1490 2594 1537 2662 ab
1564 2615 1605 2661 eo
1633 2605 1777 2684 propter
1805 2593 1918 2662 filium
1938 2595 2139 2684 diligimur,
2172 2595 2250 2664 ele·

227 2717 309 2765 nem
327 2719 400 2766 esse
417 2695 606 2785 imaginem
619 2691 704 2779 Dei3
733 2705 768 2764 et
783 2694 957 2785 sapientes
973 2715 1096 2764 omnes
1111 2693 1211 2762 dixe·
1259 2708 1397 2765 menter
1416 2705 1549 2774 servet,
1579 2695 1752 2784 gubernet
1772 2707 1807 2765 et
1829 2707 1998 2785 protegat.
2058 2693 2249 2782 Quantum
2340 2753 2341 2756 ,

227 2811 330 2882 runt,
354 2810 396 2868 ut
409 2797 447 2866 iu
459 2802 621 2889 poemate
634 2796 803 2888 scriptum
821 2809 887 2867 est:
1260 2797 1365 2867 etiam
1378 2797 1484 2880 decus
1499 2807 1550 2865 est
1563 2789 1738 2866 humanae
1752 2808 1911 2886 naturae,
1937 2795 2138 2890 quodDeus
2152 2789 2252 2866 banc
2340 2807 2341 2824 ¹

457 2893 460 2898 ’
1260 2899 1372 2989 ipsam
1388 2897 1536 2985 figuram
1552 2893 1673 2967 induit
1685 2899 1740 2990 τῷ
1756 2889 1874 2994 λόγῳ,
1903 2905 2009 2991 φῇ]
2024 2897 2147 2985 genuit
2162 2911 2257 2968 antc-

1260 2997 1387 3067 mundi
1406 2997 1696 3084 fabricationem,
1724 3010 1760 3068 et
1780 2999 1939 3088 proferre
1961 2999 2062 3070 iussit
2074 3019 2249 3070 arcanum

141 3127 146 3132 ·
228 3097 293 3173 Est
308 3115 423 3172 autem
440 3097 636 3169 similitudo
652 3096 880 3186 intelligenda
896 3097 935 3164 in
957 3095 1099 3165 noticiis
1118 3107 1211 3164 recta
1261 3100 1440 3168 decretum
1466 3100 1512 3168 de
1541 3096 1766 3168 restitutione
1794 3110 1960 3180 naturae,
1992 3099 2032 3168 in
2059 3121 2131 3193 qua
2160 3093 2254 3170 huic-

113 3251 118 3256 ·
229 3218 263 3274 et
276 3201 351 3271 n'on
368 3214 463 3272 recta
479 3199 778 3277 discernentibus,
803 3219 894 3290 quae
906 3209 990 3267 suut
1003 3197 1042 3264 in
1057 3197 1212 3283 cerebro,
1260 3199 1353 3283 filio,
1379 3199 1442 3293 qui
1454 3211 1505 3269 est
1515 3191 1709 3295 χαρακτὴρ
1724 3192 1961 3282 ὑποστάσεως
1973 3199 2109 3271 aeterni
2124 3201 2252 3290 patris,

230 3299 318 3374 etin
335 3302 379 3371 iis
396 3299 701 3383 motibuseordis,
726 3299 883 3392 quicum
899 3298 975 3370 Deo
998 3311 1212 3388 congruunt,
1259 3301 1392 3370 similes
1423 3301 1564 3376 erimus.
1628 3295 1719 3370 Cum
1750 3299 1859 3392 igitur
1883 3302 2008 3372 inserti
2029 3302 2141 3372 simus
2163 3315 2257 3372 tuae·

231 3407 293 3501 qui
308 3416 391 3474 stent
405 3403 533 3496 reliqui
548 3403 587 3471 in
603 3398 670 3471 hac
682 3423 885 3494 quanquam
900 3402 1089 3492 depravata
1106 3413 1211 3470 uatu—
1258 3425 1411 3488 massae,
1431 3403 1482 3472 fili
1497 3401 1565 3474 Dei
1578 3397 1734 3472 Domine
1750 3399 1830 3472 lesu
1846 3398 2008 3494 Christe,
2034 3415 2067 3474 te
2080 3401 2174 3484 veris
2185 3423 2251 3492 ge-

230 3531 289 3594 ra,
323 3499 479 3604 στοργαὶ
494 3519 526 3576 et
548 3503 670 3590 dolor,
703 3503 766 3596 qui
789 3503 919 3572 scelera
940 3502 1109 3595 seqnitur.
1161 3499 1211 3573 Ut
1259 3503 1407 3574 mitibus
1432 3526 1637 3596 precamur,
1668 3517 1710 3574 ut
1737 3525 1804 3572 nos
1828 3505 1989 3576 surculos
2012 3517 2093 3576 tuos
2117 3525 2250 3588 serves,

231 3605 347 3679 autem
363 3605 488 3697 ingens
500 3629 601 3678 amor
614 3617 664 3676 cst
679 3617 866 3695 parentum
879 3625 960 3694 erga
976 3603 1145 3686 sobolem,
1160 3602 1210 3673 ita
1260 3606 1435 3693 gubernes
1449 3617 1484 3676 et
1497 3618 1670 3698 protegas.
1721 3600 1818 3678 Dixi.
2275 3633 2277 3636 ·

230 3711 270 3777 in
284 3706 361 3779 Deo
375 3731 478 3779 verus
494 3719 545 3778 est
562 3731 662 3778 amor
677 3727 756 3794 erga
772 3705 905 3790 filium,
929 3718 963 3775 et
977 3727 1043 3774 nos
1056 3706 1120 3796 qui
1132 3702 1207 3774 lilio
1668 3715 1670 3720 '

231 3808 390 3880 adiuncti
406 3829 545 3894 sumus,
570 3806 846 3896 sieutscriptum
865 3820 933 3876 est:
958 3805 1210 3897 semesaque·

233 3906 417 4005 ριτομένοι
454 3908 494 3980 ἐν
520 3903 764 4006 ἠγαπημένῳ,
813 3919 848 3976 et
878 3906 956 3979 vult
988 3907 1094 3977 nobis
1123 3930 1210 3976 con·
1259 3961 1314 4031 No
1346 3958 1415 4030 ¹71
1476 3957 1481 3964 -
2062 3988 2098 4027 m
2136 3963 2251 4032 1559,

231 4011 327 4082 ditor
341 4031 397 4080 eas
413 4007 582 4108 ucopyde,
607 4031 693 4104 quas
708 4009 747 4076 in
762 4009 874 4078 nostri
888 4009 1210 4100 cordis'penetralia
1265 4007 1437 4085 ,ἐμὲ
2067 4015 2244 4086 ζων·

233 4112 379 4191 insevit,
413 4111 767 4183 commonefactiones
789 4131 882 4190 esse,
914 4111 959 4179 de
989 4132 1053 4180 suo
1075 4133 1209 4192 amore,
1571 4177 1580 4196 ‚
1786 4177 1794 4196 ,
1972 4178 1981 4198 ‚

235 4239 305 4308 quo
321 4235 388 4282 uos
403 4213 667 4303 complectitur,
689 4213 785 4305 quod
808 4209 954 4282 comsit
977 4210 1210 4296 verissimum,
1417 4173 1503 4261 Αἰ
1532 4185 1724 4261 ”filum
1750 4184 1845 4260 siml
1872 4172 2084 4262 habim?

232 4313 344 4435 (0ιῖῑῆ
368 4326 539 4407 q¹¹³¹¹l¹¹¹¹¹
561 4307 629 4384 ΒΜ
648 4315 716 4397 ⁸¹¹⁵
739 4314 836 4433 ‘19⁰⁶
856 4326 891 4382 ἴε
914 4313 965 4383 sie
985 4328 1080 4386 ‘¹¹¹¹‘st
1101 4312 1209 4430 D5⁰⁵2
1309 4365 1481 4434 separans,
1506 4363 1607 4438 ,roan
1633 4359 1745 4445 wisse.
1766 4361 1840 4416 1⁵⁵9.
1865 4363 1920 4419 vn.
1944 4365 2072 4421 sessus
2089 4369 2161 4436 ,stat
2180 4349 2258 4426 sat

231 4431 272 4488 ut
292 4429 346 4488 tur
368 4428 547 4507 parentes,
572 4429 607 4486 et
628 4416 784 4486 ostendit
803 4436 976 4499 amorem,
1001 4433 1080 4486 eum
1096 4415 1207 4484 filium
1361 4435 1485 4491 Nasso.
1522 4432 1623 4488 secun
1641 4449 1669 4484 ιη
1685 4429 1813 4486 onnon.
1831 4432 2095 4506 'ttv‚·p.117·qq.,
2119 4435 2252 4492 uictus.

233 4518 339 4603 misit,
354 4529 396 4587 ut
411 4517 560 4586 solveret
577 4509 693 4612 λύτρα
707 4540 773 4608 pro
787 4515 914 4606 nobis,
938 4517 1091 4588 ostendit
1104 4515 1209 4585 etiam
1363 4501 1396 4625 ἔ
1411 4503 1446 4562 ¹¹·
1488 4503 1616 4624 ·¹3⁰‘¹¹·3‘²
1635 4499 1872 4624 pndtthsqattur
1897 4501 2041 4571 ⁹⁰⁸⁸“¹'¹³⁸
2065 4523 2091 4575 Ρ·
2107 4504 2167 4562 ¹²⁴·
2203 4508 2249 4562 ⁰5·

232 4619 312 4688 aliis
325 4617 527 4708 ingentibus
540 4618 730 4688 beneficiis.
769 4613 823 4686 De
838 4611 894 4687 his
910 4620 1014 4688 rebus
1029 4641 1108 4686 eum
1124 4639 1211 4686 con·
1387 4592 1430 4644 et·
1482 4592 1516 4626 ε’
1552 4609 1559 4623 ’
1594 4589 1634 4626 '⁸
1682 4608 1690 4623 '
1743 4604 1752 4624 ⁸
1789 4585 1833 4638 ”l

232 4719 397 4790 ‘ldssfflll‘l
414 4719 657 4789 membmfflm
672 4711 847 4797 ll⁰ml⁰l⁸²
872 4732 907 4789 ‘l
924 4719 1148 4809 milliarum
1171 4716 1210 4785 ln
1263 4750 1393 4818 Orait’o
1422 4750 1473 4830 (de
1501 4751 1583 4812 dioto
1606 4747 1777 4812 Aristotelis
1808 4755 1931 4812 virtutes
1959 4775 2020 4814 esse
2048 4753 2170 4816 habitus
2193 4741 2248 4818 seu

126 4903 131 4911 .
232 4821 282 4888 eis
295 4819 474 4890 actionum
490 4843 556 4890 nos
571 4818 857 4904 commonefacit,
878 4822 1080 4912 quaerimus
1096 4818 1210 4903 etiam,
1260 4846 1361 4931 ἕξεις)
1376 4852 1537 4920 mnam
1553 4867 1578 4916 a
1602 4849 1649 4920 1⁰
1657 4843 1747 4915 lm„
1755 4867 1809 4916 ,ω
1834 4851 2121 4938 Hermanno,
2147 4858 2251 4924 mg,

233 4921 329 4992 un‘de'
345 4920 418 4989 sint
437 4921 476 4990 in
499 4915 566 4991 hac
586 4921 738 5011 imagine
764 4919 831 4989 Dei
854 4921 1050 4992 contrariae
1080 4920 1211 5004 sordes,
1258 4948 1357 5022 meg·
1374 4951 1504 5037 ΒΜ,
1531 4969 1617 5020 cum
1635 4945 1777 5042 modu,
1798 4943 2048 5022 doctorum„
2066 4960 2150 5024 am·
2168 4975 2250 5026 me.

277 2951 521 3040 Exemplumque
537 2949 597 3016 Dei
613 2955 739 3038 quisque
756 2964 799 3016 est
814 2954 847 3014 in
863 2955 994 3032 imagine
1007 2971 1108 3034 parre.

233 5043 298 5092 rur
318 5021 536 5091 conditorem
560 5017 646 5094 haec
669 5020 885 5114 languefacta
910 5035 1034 5092 natura
1055 5021 1209 5090 vicissim
1312 5049 1397 5124 ἀίω
1412 5049 1680 5122 decernerem,
1692 5049 1849 5120 pociori
1865 5050 2186 5144 Andreae-Rom,

234 5135 440 5241 nonnamet,
465 5133 500 5191 et
513 5124 666 5212 petimus
679 5138 721 5198 ut
742 5121 888 5196 detersis
907 5125 1072 5194 sordibus
1094 5123 1208 5210 imago
1385 5147 1693 5243 gamphoram
1708 5153 1876 5239 prmo,
1902 5149 1935 5226 3·
1951 5154 2120 5250 mum·

232 5235 448 5306 restrtuetur,
465 5243 554 5316 quac
567 5243 646 5294 eum
661 5250 734 5296 non
753 5224 798 5296 sit
813 5224 941 5292 frustra
959 5226 1112 5306 condita,
1128 5245 1209 5291 rur·
2232 5247 2236 5252 ·

232 5345 291 5394 sus
314 5324 382 5395 erit
404 5322 529 5392 similis
546 5319 736 5420 archetypo
752 5348 838 5415 pura
853 5339 887 5394 et
904 5325 1034 5414 nitida,
1060 5339 1094 5396 et
1114 5326 1151 5394 in
1168 5346 1207 5393 ea
1258 5305 1381 5390 Multa
1400 5333 1482 5390 sunt
1502 5317 1540 5385 iu
1558 5327 1683 5385 natura
1698 5337 1818 5385 rernm
1833 5313 1978 5404 vestigia
1995 5311 2063 5386 Dei
2080 5317 2247 5402 illustria,

229 5441 396 5520 tanquam
411 5427 450 5495 in
466 5424 608 5518 speculo
632 5429 724 5496 clare
746 5425 932 5515 fulgebunt
954 5428 1044 5500 radii
1066 5426 1208 5500 divinae
1229 5413 1234 5499 ξ
1258 5445 1346 5513 quae
1370 5434 1542 5494 testantur
1563 5412 1661 5488 hunc
1680 5417 1855 5532 mundum
1877 5437 1953 5486 nou
1976 5440 2077 5488 coeco
2100 5441 2183 5490 casn
2203 5443 2246 5487 ex
