4706 5818
127 264 204 338 aaa
791 232 850 348 'n
884 269 1466 358 ‘muontconoanrotus
2087 315 2163 392 aaa

131 436 220 509 velit
247 431 449 532 Aegyptum
477 441 633 533 quietam
664 463 758 533 etse,
803 442 879 539 ipse
908 468 950 518 eo
981 444 1117 520 bellum
1171 441 1400 524 Theodotum
1416 468 1496 545 post
1510 456 1648 553 aliquot
1664 485 1775 540 annos
1789 468 1944 564 Brutus,
1976 503 2056 552 cum
2074 502 2153 576 post

130 539 330 611 mussent,
746 607 752 616 ,
1169 547 1392 624 interfectum
1420 555 1605 630 Caesarem
1640 562 1769 640 Sardes
1796 595 2012 668 occupasset,
2055 591 2151 659 cruci

235 671 342 744 Missi
369 689 452 748 sunt
479 673 589 767 igitur
618 679 662 748 ad
693 677 978 753 interficiendum
1006 679 1115 755 Pom·
1166 651 1289 726 ὠή·
1350 719 1353 728 ·
1725 771 1729 778 .

129 775 251 868 petum
273 771 435 846 Achillas
458 791 493 849 et
516 778 708 871 Septimius
731 777 919 853 Tribunus
946 785 1115 869 militum,
1221 869 1227 882 g
1269 780 1347 854 Hoc
1372 786 1479 857 etiam
1504 794 1802 873 considerandum
1829 819 1898 888 est,
1936 809 2146 909 Pompeium

130 875 197 972 qui
226 876 313 946 0115,
340 876 456 949 suffit
489 881 650 952 centurio
683 880 722 952 in
752 883 909 955 exercitu
938 881 1114 979 Pompeii.
1165 907 1255 974 pene
1279 885 1317 958 in
1342 905 1530 979 conspectu
1549 892 1785 994 lerosolymae
1809 906 2031 986 interfectum
2059 945 2145 1009 esse,

126 975 199 1048 Hic
230 974 395 1050 Romana
429 979 552 1068 lingua
587 981 744 1072 primum
776 983 972 1078 alloquitur
1004 983 1114 1058 Pom-
1164 1009 1270 1078 quarn
1288 1003 1371 1058 ante
1394 1015 1507 1062 annos
1530 997 1733 1086 quindecim
1758 1025 1896 1098 ceperat
1921 1013 1960 1083 in
1981 1017 2057 1107 ipso
2076 1021 2144 1096 Pa-

126 1079 272 1172 peium,
304 1076 785 1168 deindeGraecaAchillas,
819 1085 944 1157 iubent
967 1111 1047 1157 eum
1069 1111 1112 1160 ex
1163 1082 1295 1159 achate.
1363 1085 1410 1162 Et
1434 1117 1637 1188 quanquam
1666 1126 1740 1173 non
1767 1111 1934 1198 spoliavit
1959 1122 2142 1212 templum,

127 1203 314 1264 manave,
339 1180 463 1275 inqua
481 1183 724 1272 cumcouiuge
745 1197 781 1257 et
799 1185 882 1257 filiis
904 1181 1112 1277 vehebatur,
1162 1199 1281 1260 tamen
1304 1183 1514 1266 dehortante
1537 1218 1675 1271 summo
1696 1212 1875 1281 sacerdote
1902 1215 1938 1283 in
1961 1213 2140 1294 Sanctum

126 1281 603 1372 egrediinoegiamnavem·
654 1281 846 1378 pompeius
864 1283 958 1360 „thil
980 1285 1110 1363 hostile
1163 1283 1385 1364 Sanctorum
1401 1294 1577 1384 ingressus
1593 1316 1653 1374 est.
1707 1303 1809 1378 Hanc
1833 1317 1956 1404 templi
1975 1321 2141 1397 violatio-

125 1394 289 1453 metoeus
305 1384 429 1454 transit
443 1384 481 1452 in
497 1385 602 1456 aliam
618 1409 745 1457 navem
769 1411 850 1458 cum
874 1389 1004 1462 liberto
1022 1387 1111 1464 Phi·
1161 1412 1244 1460 nem
1268 1406 1544 1486 sequutae-sunt
1567 1423 1718 1491 poenae,
1748 1412 1979 1488 consiliorum
2005 1445 2141 1498 errores

124 1483 239 1575 lippo.
289 1481 358 1554 Sed
376 1485 494 1556 exieus
510 1485 632 1558 recitat
646 1481 836 1580 Sophoclis
851 1513 988 1564 versus:
1161 1503 1195 1562 et
1212 1491 1421 1578 insolentia,
1447 1523 1517 1590 qua
1536 1502 1691 1589 pericula
1709 1531 1785 1580 uon
1807 1499 2010 1591 necessariis
2026 1529 2140 1600 causis

168 1595 259 1672 ,em
279 1599 315 1662 gg
335 1595 418 1680 πρὸς
438 1598 591 1682 capasiae
613 1598 628 1666 ὲ
652 1601 831 1686 πορεύεται,
897 1633 901 1642 ·
1068 1661 1072 1668 ,
1160 1595 1320 1681 attraxit,
1353 1609 1393 1666 ut
1414 1599 1459 1669 de
1481 1597 1758 1697 Bellerophonte
1782 1613 1930 1703 dicitur,
1970 1646 2051 1695 cum
2081 1652 2138 1700 res

167 1687 274 1748 eatena
295 1681 363 1748 ἔστι
386 1685 515 1762 δοῦλος,
538 1681 598 1750 κᾶν
635 1685 788 1786 trinepos
807 1685 900 1776 μόλῃ.
1159 1715 1304 1782 magnas
1324 1693 1456 1786 Pegaso
1470 1699 1627 1774 insidens
1644 1709 1822 1797 gessisset,
1846 1732 1966 1806 postea
1990 1747 2069 1797 cum
2096 1730 2137 1800 in

226 1789 397 1878 Agnoscit
418 1790 548 1860 deinde
571 1788 805 1882 Septimium,
842 1807 878 1865 et
900 1791 1107 1886 alloquitur.
1158 1794 1436 1886 coelumPtssaw
1453 1797 1533 1871 vehi
1552 1805 1668 1878 ‘'²¹¹²‘'
1699 1834 1862 1884 ⁰¹⁰⁰³³¹¹⁸
1881 1823 2005 1909 lle-‘¹¹³m
2023 1829 2136 1921 ffegll·

121 1885 286 1981 Cumque
307 1887 439 1978 legeret
461 1889 657 1960 orationem
675 1889 868 1976 Graecam,
899 1917 969 1989 qua
985 1891 1106 1966 Ptole·
1155 1890 1210 1964 Ac
1225 1910 1345 1968 nostra
1361 1911 1455 1971 aetas
1471 1902 1600 1976 similia
1615 1861 1773 2004 eximpla
1786 1916 1875 1986 vidit

120 2013 263 2106 maetam
281 1988 500 2060 allocutum
521 2004 612 2110 “als
637 1991 831 2111 S‘J’llffllffl
855 2018 874 2067 ³
900 2007 998 2088 ¹⁰¹8⁰
1023 2021 1102 2117 5⁰¹⁰
1258 2027 1425 2104 Coniunx
1441 2034 1603 2130 Pompeii
1621 2034 1796 2118 Cornelia
1812 2074 1893 2122 eum
1916 2004 2053 2148 ingenti
2069 2067 2136 2137 do·

119 2089 1105 2186 8131110ῑῑὸῃὸἷθᾶθῐθῑθθΡῑῙ»(Ῑθῑῦἆθιθῧθΰῑθᾞθὼΰῃῑ
1155 2128 1233 2200 lore
1250 2135 1438 2224 speetatrix
1460 2139 1528 2210 fuit
1551 2143 1648 2213 necis
1672 2150 1810 2237 mariti,
1842 2154 2069 2250 inaurare,
2094 2168 2133 2238 in

121 2185 282 2260 Achillas
299 2204 332 2261 et
347 2191 421 2264 alii.
476 2189 555 2284 lpse
577 2193 616 2263 in
640 2208 711 2265 tam
734 2196 825 2266 tristi
848 2197 947 2268 exitu
966 2196 1102 2269 nullam
1155 2255 1223 2323 qua
1250 2257 1330 2303 cum
1355 2235 1429 2327 ipsa
1455 2235 1646 2333 pompeius
1674 2264 1793 2322 vectus
1820 2255 1943 2328 suem·
2007 2261 2133 2340 Postea

119 2289 379 2363 deformitatem
402 2293 577 2379 ostendit,
602 2298 662 2364 sed
685 2297 852 2386 gemitum
873 2299 982 2368 edens
998 2314 1103 2388 caput
1152 2319 1155 2326 '

122 2394 133 2410 .
250 2392 258 2411 ³
374 2391 385 2410 ,
523 2393 532 2412 ‚
1154 2355 1336 2405 moxcum
1363 2337 1446 2409 filiis
1470 2341 1509 2408 in
1533 2341 1691 2438 Cyprum
1722 2355 1847 2440 rediit,
1887 2358 1971 2431 inde
2002 2387 2063 2437 eos
2093 2370 2132 2440 in

120 2394 405 2478 rnvolvrtvestr,
431 2396 667 2512 quarndutus
688 2413 772 2516 erat.
835 2396 961 2471 Postea
984 2413 1103 2472 trans·
1154 2428 1349 2523 Aphrpcam
1365 2439 1733 2537 misitadscipfonem
1752 2452 1975 2532 etCanum
2012 2464 2132 2542 Maior

116 2495 214 2566 fosso
230 2507 264 2564 et
278 2506 402 2566 necato
415 2497 588 2587 praecidit
601 2495 792 2590 Septrmrus
807 2516 923 2592 caput.

1152 2548 1240 2605 natu
1256 2535 1350 2608 filius
1366 2539 1631 2636 Cn.Pompcius
1647 2551 1685 2618 in
1702 2549 1874 2647 Hispania
1891 2583 1987 2631 anuo
2004 2587 2131 2660 quarto

221 2627 476 2702 Consideretur
492 2643 610 2701 autem
634 2633 805 2723 temporis
821 2632 996 2721 brevitas,
1028 2659 1101 2730 quo
1151 2649 1231 2725 post
1251 2661 1406 2730 pugnam
1425 2639 1665 2719 Pharsalicam
1693 2676 1820 2745 magno
1849 2663 1984 2750 praelio
2018 2669 2131 2742 victus

116 2729 186 2804 hae
209 2735 326 2804 tantae
348 2733 464 2802 resin
486 2727 600 2823 Epiro
622 2746 657 2804 et
679 2729 864 2804 Thessalia
887 2749 983 2808 actae
1005 2751 1100 2814 aunt.
1151 2751 1222 2818 est,
1256 2753 1291 2810 et
1320 2741 1458 2832 fugiens
1488 2761 1657 2822 retractus
1679 2776 1700 2822 a
1724 2753 1942 2832 Caesarianis
1963 2778 1996 2837 et
2018 2768 2130 2842 inter-

116 2835 247 2906 Caesar
261 2830 396 2904 Consul
416 2834 510 2904 veuit
536 2833 575 2902 in
597 2831 748 2925 Epirum
775 2860 894 2905 meuse
921 2835 1100 2916 lanuario.
1149 2837 1261 2910 fectus
1281 2853 1344 2910 est.
1396 2841 1496 2916 Vixit
1518 2849 2128 2941 diutiusaltcrfiliusSextusPom-

115 2933 243 3024 Pugna
255 2929 458 3008 Pharsalica
473 2959 516 3005 eo
533 2958 628 3005 anno
643 2935 683 3006 iu
698 2933 899 3026 Septembri
915 2951 976 3010 aut
991 2941 1097 3031 paulo
1149 2938 1266 3027 peius,
1307 2942 1369 3036 qui
1392 2937 1591 3034 Atrgustnm
1614 2967 1648 3023 et
1671 2953 1869 3029 Antonium
1891 2980 1970 3055 post
1994 2965 2126 3044 lulium

114 3051 199 3108 ante
221 3038 310 3106 facta
335 3049 396 3111 est.
462 3029 653 3127 Pompeius
684 3036 886 3109 interfectus
908 3053 960 3110 est
982 3041 1097 3130 primo
1148 3040 1371 3112 interfectum
1389 3065 1595 3123 annosocto
1611 3054 1717 3126 variis
1735 3059 1838 3130 bellis
1862 3068 2031 3154 exercuit,
2064 3099 2126 3144 ος.

114 3139 175 3210 die
198 3132 387 3223 Octobris,
427 3160 508 3208 cnm
538 3132 722 3210 inchoaret
744 3163 878 3210 annum
903 3165 1039 3212 nouum
1062 3157 1098 3217 et
1149 3143 1290 3234 cupavit
1310 3143 1486 3233 Siciliam,
1519 3155 1634 3225 tenuit
1655 3180 1771 3241 mare,
1806 3165 1911 3238 rediit
1933 3167 1978 3237 itf'
1995 3167 2125 3270 Bithy.

114 3237 458 3333 quinquagesimum.
525 3235 636 3308 Natus
670 3252 721 3308 est
747 3241 843 3309 enim
876 3241 934 3312 die
968 3242 1096 3315 ultimo
1147 3244 1263 3329 niam,
1288 3261 1322 3317 et
1335 3250 1520 3341 occupavit
1534 3249 1676 3326 Niceam
1696 3273 1731 3330 et
1747 3260 2004 3341 Nicomediam.
2054 3274 2126 3348 Sed

112 3339 344 3432 Septembris.
374 3385 378 3395 -
409 3335 479 3406 llic
504 3337 573 3408 fuit
593 3337 705 3410 exitus
728 3338 903 3430 Pompeii,
949 3343 1011 3436 qui
1040 3367 1096 3414 res
1147 3345 1312 3436 deceptus
1328 3369 1347 3416 a
1362 3346 1461 3420 Titio
1480 3353 1568 3423 duee
1583 3355 1734 3428 Antonii
1752 3377 1831 3432 cum
1853 3389 1890 3436 se
1911 3370 1943 3438 ei
1967 3373 2125 3448 dedidis-

111 3463 258 3532 magnas
272 3436 405 3532 patriae
423 3439 527 3510 utiles
542 3450 622 3508 ante
636 3439 770 3510 bellum
786 3441 890 3512 civile
916 3443 1037 3533 gessit,
1061 3457 1096 3516 et
1146 3458 1216 3524 set,
1243 3447 1388 3537 abipso
1412 3452 1596 3542 perfidiose
1619 3457 1822 3534 interfectus
1843 3481 1905 3540 est.
1964 3470 2033 3543 Hic
2056 3478 2125 3550 fuit

111 3543 284 3636 usquead
303 3541 338 3610 id
356 3553 493 3632 tempus
510 3540 616 3609 foelix
632 3556 666 3611 et
684 3541 787 3611 valde
804 3566 904 3614 carus
927 3545 1094 3615 omnibus
1145 3547 1258 3616 exitus
1276 3548 1427 3619 duorum
1446 3549 1599 3624 filiorum
1618 3553 1798 3651 Pompeii,
1823 3582 1975 3661 suntque
1998 3582 2122 3665 procul

111 3643 279 3734 gentibus
307 3642 439 3721 fuerat,
482 3641 521 3710 in
543 3635 611 3712 hoc
631 3655 785 3713 extremo
806 3658 886 3714 actu
910 3645 1094 3732 perfidiose
1144 3645 1277 3716 dissitis
1293 3649 1566 3726 locisinterfecti
1583 3672 1616 3730 et
1630 3663 1771 3750 sepulti,
1793 3679 1890 3756 pater
1904 3667 2121 3769 inAegypto‚

110 3758 256 3816 necatus
270 3757 352 3814 esta
369 3743 442 3811 filio
457 3743 532 3814 eins
549 3743 658 3832 regis,
681 3768 785 3836 quem
803 3745 876 3836 ipse
894 3745 931 3813 in
945 3768 1091 3836 regnam
1143 3748 1257 3818 maior
1278 3764 1362 3823 natu
1390 3753 1482 3824 filius
1503 3753 1541 3824 iu
1557 3755 1747 3850 Hispania,
1780 3765 1898 3837 minor
1921 3787 2006 3844 natu
2025 3777 2120 3849 filiu,

108 3845 320 3917 restitueret·
388 3839 451 3914 Est
481 3859 597 3914 antem
628 3843 720 3914 inter
745 3845 896 3930 insignia
923 3849 1091 3940 exempla,
1144 3847 1182 3916 in
1207 3843 1305 3925 Asia.
1370 3851 1466 3925 llaec
1494 3858 1607 3930 tristia
1630 3866 1791 3955 exempla
1811 3865 1990 3943 intuentes
2008 3877 2119 3950 simus

108 3970 201 4041 quae
214 3957 359 4016 monent
375 3968 448 4014 non
464 3945 578 4015 solum
594 3943 771 4015 fortunam
789 3946 989 4016 instabilem
1005 3972 1091 4033 esse,
1142 3974 1317 4021 memores
1330 3955 1490 4043 regulae,
1515 3981 1560 4028 ne
1586 3975 1681 4032 extra
1702 3981 1814 4038 metas
1834 3970 1943 4042 officii
1963 4000 2119 4066 ruamus,

107 4047 290 4117 sedetiam
310 4044 509 4138 sapientum
533 4067 658 4135 magna
680 4060 713 4116 et
734 4047 846 4118 tristia
870 4061 982 4117 errata
1006 4073 1090 4136 esse,
1142 4073 1207 4121 nec
1230 4075 1433 4125 moveamus
1449 4081 1522 4126 nou
1545 4067 1749 4156 necessaria.
1801 4065 1850 4140 Et
1864 4071 1953 4142 illud
1971 4074 2153 4172 Euripi-¹

108 4148 201 4218 sicut
227 4145 371 4216 dicitur:
414 4141 535 4228 οὐδεὶς
561 4137 780 4240 ἀνθρώπων
810 4144 910 4220 ἐστὶν
940 4145 1090 4224 ἅπαντα
1141 4153 1197 4221 dis
1211 4173 1312 4244 saepe
1328 4157 1536 4246 cogitemus:
1565 4159 1594 4232 a
1610 4187 1664 4244 τις
1676 4160 1724 4237 ἄν
1737 4162 1879 4264 μεγάλα
1900 4167 2048 4251 διώκων
2071 4181 2118 4255 τὰ

108 4244 237 4344 σοφὸς.
288 4246 360 4318 Nec
375 4245 506 4320 Caesar
517 4247 706 4340 quicquam
722 4249 879 4341 asperius
895 4251 927 4319 ei
951 4251 1090 4337 obiicit,
1139 4243 1310 4350 nuptiator
1328 4250 1412 4349 οὐχὶ
1426 4254 1546 4354 φέρει,
1570 4263 1810 4358 μαινομένων
1826 4266 1903 4343 οἵδε
1918 4269 2096 4370 τρόποι..

107 4374 216 4445 quam
234 4350 329 4443 quod
346 4348 451 4431 dicit,
477 4342 545 4417 hoc
562 4349 695 4417 bellum
712 4350 816 4420 abeo
832 4375 904 4419 non
929 4373 1089 4423 necessa·

106 4453 165 4522 rio
181 4463 314 4520 motum
331 4473 422 4534 esse,
443 4453 610 4520 ettamen
628 4448 738 4539 magis
763 4467 900 4522 accusat
923 4453 1089 4525 incitato·
1138 4481 1235 4556 Com

106 4575 165 4624 res
180 4575 285 4646 qnam
302 4551 429 4643 ipsum.

1241 4385 1332 4457 Cum
1351 4405 1466 4462 autem
1485 4407 1563 4484 post
1578 4391 1815 4470 Pharsalicam
1838 4429 1988 4494 pugnam
2008 4411 2119 4489 lulius

1237 4489 1274 4558 ul
1296 4513 1337 4559 eo
1360 4514 1456 4562 anno
1478 4519 1598 4566 mense
1614 4493 1766 4571 Octobri
1784 4499 2035 4582 Alexandriam
2058 4542 2118 4587 ve-

611 4643 613 4648 ,
1140 4587 1269 4672 nisset,
1300 4591 1454 4682 primum
1477 4595 1616 4666 ociosos
1640 4613 1680 4670 ut
1701 4598 1927 4677 scholasticus
1952 4611 1990 4679 in
2013 4609 2116 4690 turba

208 4685 333 4759 Statim
357 4700 474 4756 autem
496 4683 594 4755 Deus
614 4699 649 4755 et
670 4684 910 4758 interfectores
937 4688 1089 4779 punivit,
1139 4688 1310 4760 lectiones
1328 4692 1513 4764 doctorum
1531 4699 1677 4774 audivit.
1728 4701 1796 4774 Sed
1814 4706 1960 4780 insidias
1974 4714 2007 4782 ei
2023 4731 2116 4790 stru-

105 4815 187 4862 cum
203 4785 331 4858 Caesar
345 4811 464 4857 meuse
478 4782 631 4858 Octobri
648 4783 798 4856 venisset
820 4787 858 4855 in
874 4786 1088 4884 Aegyptum,
1138 4804 1265 4862 xerunt
1284 4791 1339 4861 illi
1353 4793 1441 4884 ipsi,
1466 4797 1743 4891 quiPompeium
1762 4805 2018 4888 interfecerant.
2058 4821 2116 4892 Ab

105 4907 142 4964 et
154 4889 221 4982 ipsi
238 4913 380 4983 quoque
395 4887 540 4958 insidias
557 4883 905 4960 struerentAchillas
919 4886 1086 4961 etPothi·
1140 4885 1197 4960 his
1227 4891 1497 4966 insidiatoribus
1528 4923 1608 4968 cum
1637 4904 1808 4976 exercitus
1834 4911 1922 4999 regii
1949 4917 2117 4994 adversus

103 5015 195 5079 nus,
220 4991 282 5083 qui
298 5004 338 5062 ut
356 4989 515 5070 videtur,
538 4985 631 5060 hauc
645 4987 791 5078 gloriam
808 4991 946 5061 anferre
964 4993 1089 5063 volue·
1140 5015 1221 5063 eum
1234 4995 1407 5066 contracti
1421 5013 1553 5084 esseut,
1579 5025 1702 5090 magna
1722 5006 1850 5077 virtute
1872 5026 1907 5082 et
1930 5016 2117 5094 faelicitate

106 5105 211 5175 runt,
236 5094 330 5187 quod
349 5093 439 5160 duos
461 5113 619 5161 summos
642 5092 747 5160 duces
763 5086 947 5162 Romanos
968 5106 1087 5164 sustu·
1138 5094 1186 5165 ab
1204 5095 1440 5186 eo-protligati
1455 5111 1551 5174 sunt.
1577 5097 1620 5170 ln
1638 5127 1679 5173 eo
1696 5105 1790 5176 bello
1807 5114 1959 5184 multum
1975 5121 2116 5194 adiutus

105 5197 254 5278 lissent,
279 5194 377 5264 iussit
398 5214 458 5260 eos
474 5190 636 5260 interfici.
687 5189 910 5262 Ptolemaeus
933 5193 1008 5284 ipse
1030 5194 1089 5264 fu·
1139 5209 1192 5265 est
1215 5189 1397 5288 Antipatri
1426 5197 1598 5291 principis
1622 5202 1780 5276 Idumaei
1803 5215 1959 5285 consiliis
1979 5232 2014 5289 et
2035 5222 2116 5310 fide,

103 5277 205 5386 giehs
221 5295 372 5366 obrutus
388 5293 553 5364 fluctibus
568 5289 605 5361 in
623 5297 713 5382 mori
728 5294 851 5383 periit,
872 5318 951 5366 cum
961 5292 1088 5366 Caesar
1139 5296 1202 5388 qui
1217 5297 1286 5367 fuit
1300 5297 1571 5388 paterHerodis.
1627 5301 1747 5392 Quare
1759 5311 1796 5379 ei
1810 5310 1937 5386 Caesar
1950 5314 2115 5394 iudaeam

103 5394 296 5470 exercitum
308 5393 520 5488 Aegyptium
535 5393 579 5464 ad
591 5388 843 5466 Alexandriam
859 5395 1088 5489 profligasset.
1139 5398 1329 5486 regendam
1346 5412 1383 5471 et
1396 5402 1583 5474 fruendam
1598 5408 1757 5482 tradidit.

1429 5496 1511 5576 67*
