4606 5822
16 263 119 379 'sos
241 329 249 347 x
374 245 381 252 ’
670 232 937 420 emulcet
976 287 1425 370 unnanrnonts.
1991 295 2069 371 eos

51 473 184 564 resipsa
199 465 366 570 mendis.
412 459 611 540 Damon
628 477 698 538 est:
723 461 1023 568 ffluueudltn
1174 461 1238 544 26.
1270 463 1349 539 Etsi
1369 479 1487 539 autem
1503 465 1567 541 itta
1582 466 1735 540 fanatica
1750 467 2064 564 grandiloqnentia

50 591 96 648 est
107 587 170 646 etc.
184 595 225 644 ee
241 570 425 642 docendae
439 579 526 640 sont
540 579 690 650 mentes,
710 580 754 640 ut
767 567 877 638 verbo
891 567 1025 660 scripto
1072 569 1194 640 turbat
1209 569 1363 658 multos,
1385 583 1504 642 tamen
1521 569 1671 640 sciamus
1690 569 1775 642 talia
1800 593 1939 664 semper
1957 573 2069 642 luisse

48 675 292 752 adsentiantur,
308 693 372 742 nec
386 669 465 742 sisse
478 669 590 740 serbo
602 667 736 760 scripto
752 683 926 764 quoerant
940 669 1027 740 alias
1062 681 1110 768 *et
1132 671 1210 741 lore
1229 671 1269 738 in
1293 666 1452 741 Ecclesia
1474 672 1687 754 certamina,
1724 685 1759 744 et
1782 695 1849 744 nos
1871 673 2067 764 perspicuis

48 773 335 854 illuminationes.
361 785 402 844 ut
418 766 683 856 Enthusisstae,
709 783 744 842 et
759 769 867 861 multi
882 770 1027 856 similes,
1075 771 1288 843 testimoniis
1308 769 1525 864 propheticis
1549 785 1584 844 et
1614 774 1818 864 apostolicis
1847 775 2063 862 muniamus,

48 895 77 952 et
96 901 215 950 recem
229 872 483 968 Anshaptislae
503 871 743 949 samiorum.
1075 875 1166 946 sicot
1181 875 1351 965 scriptum
1371 887 1441 946 est:
1465 874 1625 945 Lucerna
1638 877 1790 968 pedihus
1805 875 1893 946 meis
1913 878 2063 946 verbum

138 997 200 1072 20.
241 991 350 1065 Multi
374 1003 459 1064 sunt
480 983 680 1086 labyrinthi
705 990 744 1060 in
769 987 1027 1082 Ssonekeietdit
1073 990 1189 1048 soon.
1240 975 1381 1050 Deinde
1400 975 1611 1067 aspiciamus
1635 999 1704 1047 nos
1732 1001 1892 1072 quoque,
1916 977 2004 1073 quid
2026 978 2067 1046 in

49 1100 195 1191 seriptis,
228 1095 279 1167 pit
300 1095 420 1166 Deum
447 1115 484 1162 se
506 1115 582 1162 non
604 1093 689 1161 dm
713 1115 778 1184 per
797 1093 967 1177 verbum,
992 1101 1028 1162 et
1075 1099 1157 1148 Vm
1180 1077 1407 1148 invotilllom
1425 1091 1461 1150 el
1480 1078 1787 1150 lntcontolatione
1812 1081 1894 1154 fidis.
1953 1078 2067 1170 saepe

48 1217 156 1274 tamen
180 1198 230 1271 ait
251 1217 316 1290 per
339 1194 523 1264 ministros
543 1190 732 1283 Evangelii
755 1194 834 1264 dari
851 1193 1026 1286 spiritum
1076 1179 1211 1250 iactitat
1226 1177 1489 1252 Stenckleldius
1503 1201 1587 1250 snos
1604 1175 1892 1254 Enthusiasmos.
1917 1177 2066 1273 Hisop·

50 1317 218 1386 unctum,
260 1297 290 1368 ,ἱ
321 1310 438 1380 censen
483 1296 552 1388 ipsi
585 1290 765 1367 habebant
796 1291 1026 1392 Spiritum
1075 1303 1251 1374 ponamus
1267 1281 1579 1354 verosdoloresin
1600 1284 1834 1354 conversione
1855 1307 1916 1354 seu
1940 1283 2067 1373 poeni-

50 1419 210 1477 nnoson.
253 1395 301 1471 lis
317 1399 367 1470 sis
383 1399 573 1470 conciones
588 1397 751 1486 otiorum,
779 1401 929 1494 quinon
945 1407 1028 1468 sont
1076 1382 1198 1469 centn,
1223 1397 1260 1455 es
1274 1383 1660 1468 voss-consolationes,
1684 1385 1880 1478 qonoiuns
1895 1387 1975 1456 lda-
2017 1382 2068 1454 lli

49 1507 169 1591 uncti,
187 1502 296 1578 utiles
312 1522 398 1578 esse.
449 1497 547 1572 Haec
568 1499 780 1574 donatistica
805 1502 912 1572 ctiam
929 1497 1028 1568 reiici
1075 1499 1194 1558 melus
1220 1485 1299 1556 noti
1324 1499 1409 1556 sunt
1429 1485 1596 1556 omnihus
1620 1485 1706 1577 piis,
1739 1498 1774 1556 et
1797 1486 2002 1560 concionari
2022 1488 2068 1558 de

50 1619 254 1680 necessust.
1075 1587 1265 1660 sisenem
1282 1587 1440 1660 divinem
1455 1588 1682 1658 rnanilesmm
1697 1599 1761 1660 est.
2042 1601 2046 1610 ·

138 1729 200 1799 21.
236 1721 364 1794 Toties
385 1719 573 1794 contendit
594 1719 760 1791 nitorem
777 1711 970 1788 humanam
987 1715 1027 1784 in
1178 1721 1240 1795 26.
1272 1721 1522 1818 ‘Nequaquam
1555 1721 1682 1793 dicunt
1713 1715 1893 1792 Ecclesiae
1924 1735 2068 1793 nostrae

50 1821 181 1902 christo
200 1847 277 1896 non
295 1837 583 1895 eisetrealtmm
600 1834 720 1914 poili&
737 1817 1028 1922 tddltlnlfrpr'e·
1076 1828 1188 1898 iustos
1215 1825 1290 1895 esse
1319 1847 1400 1911 eos,
1441 1825 1503 1918 qni
1536 1823 1650 1894 securi
1676 1837 1711 1894 ct
1739 1823 1817 1894 sine
1847 1822 2068 1912 poenitentia
2215 1873 2218 1882 ,

50 1929 227 2012 urionem,
255 1949 291 1997 sc
306 1926 408 2020 loqui
424 1927 469 1996 de
482 1923 740 2015 glorificatione
755 1935 914 1996 naturae·
953 1917 1028 1990 Nos
1076 1929 1221 2020 vipunt,
1248 1927 1339 1997 ebrii
1361 1926 1601 2020 voluptatibus
1621 1938 1681 1996 eut
1702 1923 1864 2018 fascinati
1886 1920 2067 2019 hypocrisi

51 2031 186 2102 dicimus
202 2043 369 2101 naturam
384 2021 579 2096 humanam
593 2047 668 2096 non
681 2022 845 2095 amisum
862 2043 936 2093 0⁸³²
950 2021 1029 2112 8¹⁰·
1076 2019 1324 2116 stercoribus,
1348 2042 1409 2100 aut
1428 2029 1652 2118 indulgentes
1672 2026 1927 2118 cupiditatibus
1942 2033 2068 2098 contra

51 2133 256 2215 cilicatione,
278 2147 482 2224 quanquam
498 2127 641 2199 accessit
656 2125 831 2196 excellens
850 2138 884 2195 et
899 2123 1027 2194 ineffa'-
1075 2131 1338 2222 conscientiam.
1405 2127 1475 2202 Sed
1502 2130 1730 2200 adfirmamus
1760 2127 1799 2198 in
1828 2150 1915 2198 voce
1943 2127 2067 2199 divina
2138 2189 2144 2200 .

51 2235 123 2305 bill⁸
148 2231 282 2327 gloria,
317 2229 584 2314 immffllflllffl,
618 2239 826 2319 competitas
845 2225 1027 2309 ‚mentitae
1077 2233 1296 2304 severissima
1319 2232 1477 2325 praecipi
1498 2230 1767 2304 conversionem
1793 2251 1855 2300 seu
1879 2229 2068 2322 poeniten-

53 2336 250 2410 divinaret
281 2331 415 2403 laetitia
446 2353 617 2423 superant
645 2327 814 2402 omnium
842 2331 1026 2398 bealorum
1076 2337 1183 2421 tiam,
1205 2348 1239 2406 ct
1254 2334 1384 2405 scimus
1402 2335 1440 2402 in
1455 2335 1686 2404 conversione
1709 2327 1811 2402 veios
1832 2331 1973 2404 dolores
1994 2355 2068 2404 esse

50 2439 151 2524 dona,
181 2434 474 2528 impassibilitas,
507 2429 674 2522 Regnum
701 2444 737 2502 el
762 2429 1027 2506 Sacerdotium·
1076 2451 1260 2530 oportere,
1285 2449 1324 2507 ut
1348 2433 1479 2506 inloiil
1499 2435 1756 2526 scriptumest:
1783 2429 1945 2505 Scindite
1960 2437 2069 2505 corda

52 2540 123 2632 qnia
138 2535 223 2610 haec
238 2559 404 2629 persona,
418 2557 508 2630 quae
522 2547 576 2606 est
588 2531 684 2604 Deus
699 2545 734 2604 et
750 2527 873 2619 homo,
890 2527 1027 2620 colligit
1076 2553 1210 2626 cntra,
1246 2551 1282 2610 et
1303 2536 1554 2609 convertimini
1576 2537 1621 2608 ad
1646 2533 1842 2607 Dominum
1865 2532 1981 2606 Deum
2007 2559 2068 2607 ve-

53 2635 253 2724 llcclesiem,
278 2637 438 2710 defendit
460 2649 496 2708 et
518 2648 653 2723 servat,
681 2651 716 2707 et
738 2657 806 2726 pro
827 2657 868 2704 ca
890 2655 1028 2724 semper
1076 2657 1204 2714 suum,
1261 2637 1369 2712 Item:
1397 2638 1554 2731 Spiritus
1576 2637 1693 2728 arguit
1711 2635 1890 2708 ‘mundum
1914 2638 1960 2707 do
1984 2661 2067 2729 pec.

55 2743 243 2828 intercedit,
270 2739 419 2831 depellit
435 2733 610 2810 Diabolos
631 2749 667 2809 et
689 2735 826 2807 iudicat
839 2736 1028 2830 mundum,
1075 2756 1174 2828 esto,
1199 2743 1296 2836 quod
1314 2765 1388 2812 non
1403 2743 1552 2814 credunt
1567 2739 1606 2810 in
1622 2763 1693 2816 me.
1742 2735 1954 2808 Horrendus
1967 2751 2067 2810 tene-

56 2865 153 2938 nsque
167 2858 290 2917 tamen
305 2841 466 2912 facienda
483 2853 536 2911 est
550 2837 711 2910 consutio
726 2852 947 2924 naturarum,
961 2859 1026 2907 ne-
1076 2847 1161 2919 hree
1183 2843 1322 2916 suntin
1342 2865 1470 2933 genere
1491 2839 1670 2923 humano,
1694 2840 1846 2910 retinere
1863 2839 1980 2924 idola,
2004 2854 2069 2914 aul

55 2948 258 3037 queehiecto
280 2943 426 3016 alterins
448 2955 608 3015 naturae.
1075 2947 1256 3040 epicureos
1285 2944 1491 3035 opiniones,
1527 2959 1563 3017 rt
1591 2965 1666 3014 non
1693 2941 1784 3028 velle
1806 2941 1931 3014 audire
1953 2941 2068 3016 fitium
2134 2965 2142 2988 ‘

141 3067 207 3139 22.
253 3059 366 3136 Recte
400 3063 503 3132 docet
532 3057 700 3157 Synodns
721 3053 923 3152 Ephesios,
951 3059 1028 3130 nna
1075 3047 1142 3122 Dei
1177 3062 1243 3121 etc.
1305 3043 1433 3120 Esaiae
1461 3046 1607 3118 niuno:
1658 3041 1716 3116 Ad
1740 3067 1849 3138 quem
1871 3043 2069 3135 respiciam,

55 3163 157 3239 Leiria
182 3163 346 3237 invocari
369 3159 556 3234 dominum
587 3175 750 3234 nostrum
777 3161 894 3233 lesum
916 3157 1025 3233 Chri·
1075 3151 1146 3224 nisi
1170 3151 1215 3222 ad
1238 3150 1431 3222 contritum
1456 3148 1586 3272 spiritu
1608 3159 1643 3220 et
1664 3158 1873 3220 metuentem
1888 3165 2069 3218 sermones

55 3281 131 3339 stum
147 3265 264 3340 Deum
284 3279 318 3338 et
341 3260 545 3350 hominem,
571 3264 632 3358 qui
656 3266 803 3336 adsidue
818 3288 883 3357 pro
899 3261 1027 3335 Eccle-
1075 3275 1185 3328 meos.
1219 3293 1223 3304 =

56 3371 96 3442 ⁸1²
115 3369 319 3456 {mimimo
345 3383 380 3440 0¹
404 3390 481 3437 ‘³¹¹¹
505 3365 659 3458 ⁰⁰¹¹38sts
689 3367 863 3458 Pffii‘diia
896 3377 1026 3450 ”flata
1176 3385 1240 3458 22¹
1271 3383 1379 3457 Tales
1399 3385 1437 3454 in
1455 3385 1585 3480 quibus
1600 3396 1683 3454 sunt
1700 3381 1801 3455 initia
1819 3379 2070 3474 poenilentiae,

56 3473 256 3544 etsalvahit.
1075 3487 1313 3560 iustificantur
1335 3487 1408 3558 sota
1431 3485 1500 3556 fide
1522 3487 1559 3554 in
1576 3481 1780 3570 Christum,
1804 3481 1849 3552 'id
1872 3497 1944 3565 est,
1975 3483 2068 3553 acci&
2182 3573 2186 3580 ι

140 3591 199 3664 25.
242 3581 491 3682 Reprehendis
516 3582 781 3658 Stcnlrelcldius
807 3599 842 3657 et
874 3580 944 3656 hoc
968 3585 1025 3655 di·
1075 3590 1179 3684 piunt
1192 3589 1438 3660 remissionem
1454 3599 1676 3679 peccatorum
1691 3599 1725 3657 et
1738 3583 2067 3654 reconciliationem

57 3702 135 3762 ctum
149 3691 187 3762 in
203 3687 531 3782 Ecclesiisnostcis,
551 3691 648 3783 quod
663 3687 943 3782 impossibilesit
959 3683 1026 3757 ho·
1075 3717 1137 3764 seu
1170 3692 1440 3784 imputationem
1471 3688 1648 3772 iusticias,
1686 3701 1722 3758 et
1751 3683 1977 3756 vivificantur
2002 3707 2067 3780 per

57 3789 153 3865 mines
173 3796 212 3864 in
236 3787 306 3865 hac
326 3791 399 3866 vile
430 3789 593 3878 mortali,
626 3791 696 3881 legi
719 3791 785 3862 Dei
815 3789 1024 3862 satisfacere.
1075 3795 1188 3866 lilium
1211 3789 1298 3878 Dei,
1330 3806 1365 3864 et
1387 3795 1568 3862 donantur
1592 3785 1731 3881 Spiritu
1753 3799 1891 3868 sancto,
1917 3803 1952 3860 et
1975 3789 2067 3860 liunt
2177 3854 2180 3864 ,

56 3886 120 3966 lloc
150 3896 284 3970 dictum
316 3915 476 3988 expresse
504 3894 677 3966 traditum
711 3903 763 3965 est
794 3885 900 3964 Rom.
927 3891 964 3963 8.
990 3905 1026 3964 et
1075 3891 1246 3967 haeredes
1264 3895 1358 3966 vitae
1373 3907 1534 3964 aeternae
1556 3890 1664 3983 gratis
1686 3905 1831 3982 propter
1852 3887 1967 3960 lilium
1983 3886 2066 3976 Dei,

58 3991 89 4064 iu
111 4000 228 4074 multis
248 3997 329 4070 aliis
350 3995 558 4083 sententiis,
582 4013 618 4070 et
638 4007 745 4067 notae
766 4010 850 4069 sunt
870 3995 1025 4088 explica·
1076 4021 1150 4069 non
1163 4011 1309 4092 propter
1323 3995 1502 4090 propriam
1519 3992 1741 4105 dignitatemr

58 4093 191 4172 tissimae
223 4113 258 4172 ct
287 4097 513 4219 planissimae
540 4098 787 4222 distinctiones
809 4111 950 4170 nostrae
979 4100 1023 4168 de
1079 4142 1081 4151 ·
1145 4127 1244 4212 ω.
1277 4131 1354 4206 Hac
1368 4133 1438 4204 fid,
1454 4133 1492 4202 31,
1508 4144 1628 4202 mente
1644 4141 1853 4221 ,gnoscpme
1870 4129 1983 4198 finum
1998 4121 2067 4196 Dei

59 4193 151 4362 ἴοις..
176 4199 259 4274 Non
282 4216 398 4272 renau
422 4213 572 4293 possunt
600 4201 723 4322 ahquo
746 4203 1024 4321 modo-externe
1074 4225 1354 4308 misfficordpam·
1385 4235 1594 4329 prompmm
1619 4245 1764 4326 propper
1790 4231 1905 4324 ipsum
1931 4221 2067 4298 aceedit

70 4320 256 4425 epsqopera
275 4305 414 4424 lacero·
455 4299 648 4422 lourenatrs
672 4315 834 4420 verolest
857 4297 1024 4374 snchoata
1076 4361 1138 4410 cor
1163 4339 1207 4410 ,d
1232 4337 1368 4421 Deum,
1409 4351 1443 4408 e,
1472 4332 1661 4431 acquiescit
1684 4357 1724 4404 ὃς
1745 4333 1897 4403 laetatur
1917 4331 1955 4399 in
1977 4325 2066 4410 Deo,

59 4399 240 4477 Milium
270 4420 375 4492 ‘iiim
403 4418 564 4480 ¹¹³¹⁰¹¹⁰¹3
615 4403 685 4478 sed
715 4427 938 4498 ”eqfflquam
972 4417 1025 4476 ‘⁸²
1074 4439 1165 4512 sicul
1195 4442 1366 4534 scriptum
1396 4452 1449 4509 est
1471 4435 1578 4510 Rom.
1605 4429 1750 4527 capsa
1785 4429 1967 4504 iustificati
1997 4429 2066 4502 fide

59 4503 190 4666 accinta
210 4507 300 4628 legis
315 4506 496 4628 impletio.
516 4599 520 4607 ³
547 4505 634 4579 ldeo
650 4506 783 4578 dicitnr
807 4505 1023 4628 inl’salmos
1075 4566 1195 4636 pacem
1219 4538 1390 4613 babeam,
1412 4541 1507 4634 ,pud
1523 4535 1660 4622 Deum,
1692 4559 1754 4628 pe„
1770 4533 1966 4606 Dominum
1996 4555 2063 4600 no-

85 4627 125 4674 on
142 4607 388 4682 tusttficahrtur
403 4633 442 4678 m
459 4623 649 4702 conspectu
669 4621 732 4680 tuo
756 4631 874 4678 omncs
888 4633 1024 4683 varens.

96 4785 101 4794 .
142 4743 201 4818 24.
224 4742 526 4817 Cumulatetalia
545 4744 633 4816 laisa
647 4743 936 4834 criminamulta,
961 4749 1023 4818 scd
1074 4769 1154 4820 mus
1183 4747 1253 4817 lide
1280 4747 1320 4816 in
1347 4744 1498 4837 gratiam
1530 4735 1658 4816 hanc:
1694 4735 1742 4812 Et
1762 4731 1893 4830 tiphos.
1912 4737 1962 4805 n:
1998 4731 2067 4805 Per

60 4843 224 4940 manifesta
245 4847 425 4918 calumnia
448 4861 517 4933 est,
556 4847 654 4944 quod
674 4847 907 4933 vociferatur,
926 4850 929 4862 '
947 4873 1021 4920 non
1074 4872 1180 4944 quem
1210 4851 1383 4920 audemus
1411 4847 1576 4917 accedere
1601 4841 1835 4924 confidenter,
1878 4837 2067 4930 perfidem

61 4937 160 5014 doceri
180 4951 379 5022 doctrinam
402 4950 449 5019 de
472 4973 565 5020 nova
589 4949 793 5022 ohedientia
821 4950 860 5020 in
892 4953 1023 5024 nostris
1074 4952 1159 5024 eins.
1213 4947 1310 5021 ldem
1332 4973 1478 5043 prorsus
1497 4949 1623 5020 docent
1639 4935 1838 5034 Prophetae
1856 4937 1996 5010 Psalmo
2014 4938 2066 5010 6.:

60 5030 217 5125 Ecclesiis.
266 5051 444 5124 Dissentit
460 5065 579 5124 anum
594 5055 640 5126 de
655 5051 915 5140 iustificatione,
938 5055 1022 5148 quia
1073 5049 1206 5126 Anima
1239 5077 1316 5123 mea
1345 5053 1487 5126 turbata
1523 5061 1574 5121 est
1603 5047 1718 5115 valde.
1777 5037 1826 5114 Et
1849 5056 1888 5113 tu
1910 5039 2067 5112 Domine

61 5151 220 5258 aantcndit
234 5147 400 5225 homines
415 5153 527 5226 iustos
542 5179 616 5226 esse
629 5167 775 5248 propter
789 5177 919 5226 novam
934 5157 1022 5227 ohe-
1072 5155 1285 5250 usquequo?
1316 5153 1463 5228 Salvum
1485 5175 1540 5220 me
1556 5151 1611 5219 lac
1625 5143 1774 5239 propter
1786 5145 2067 5215 misericordiam

61 5238 220 5337 dannan,
244 5277 335 5352 quse
350 5257 389 5328 in
405 5249 672 5340 eisinchoatur,
698 5259 756 5328 cui
772 5257 1018 5332 tribuitetiam
1071 5271 1182 5330 tuom.
1244 5254 1292 5330 Et
1314 5254 1443 5328 Daniel
1474 5251 1609 5346 inquit:
1647 5249 1728 5320 Non
1758 5249 1798 5318 in
1829 5245 1969 5316 inscicia
1999 5267 2097 5316 no-.

1074 4658 1187 4715 strum
1203 4641 1319 4715 Iesum
1334 4636 1536 4728 Christum,
1563 4661 1743 4734 perquem
1763 4657 1938 4706 accessum
1955 4627 2067 4724 habe·
2135 4725 2139 4732 ἱ

24 5367 35 5382 ’
62 5333 218 5426 Osisnder
238 5379 377 5430 nomen
391 5358 550 5430 iusticiae
571 5359 768 5433 essentialis
793 5374 828 5434 et
848 5359 940 5436 alias
954 5383 1021 5432 en·
1069 5371 1160 5446 stra,
1185 5359 1248 5428 sed
1264 5355 1508 5430 misericordia
1534 5367 1592 5427 tua
1616 5357 1762 5448 propter
1783 5347 1980 5421 Dominam
2007 5367 2067 5414 ex·
2179 5419 2182 5430 ,

409 5443 419 5454 s

61 5433 255 5572 thusiastim
268 5461 534 5558 adpetistiones.
1068 5461 1153 5535 audi
1170 5480 1247 5535 noe
1314 5486 1320 5512 ·
