4604 5804
45 3837 53 3852 ,
127 3757 128 3760 ’
248 3761 322 3828 lere
357 3763 579 3832 contractus,
620 3744 702 3838 quia
731 3739 828 3812 Deus
859 3737 1032 3830 approbat
1063 3736 1235 3809 iudicium

230 305 350 381 aar.
489 231 493 238 ⁸
1002 287 1493 369 orsrurarrouus
1595 247 1604 262 '
1736 327 1739 334 -
2168 297 2226 378 03,

233 481 305 562 tio,
336 471 441 548 etiam
466 469 497 541 si
518 493 594 542 non
615 467 726 554 fallit,
754 479 874 537 tamen
898 486 973 536 nou
995 453 1103 536 liabet
1124 465 1224 539 testi·
1274 466 1396 535 narrdo
1425 475 1500 534 non
1518 475 1693 558 repugnat
1714 477 1864 536 naturae
1890 464 2059 552 dominii,
2093 479 2130 540 ut
2147 467 2226 544 docet

233 577 397 651 monium
419 569 500 644 Dei·
1274 565 1443 638 saetosus
1457 565 1499 636 L.
1516 567 1564 636 ua
1580 565 1681 662 quo,
1705 567 1751 637 ae
1765 550 1956 638 versorum
1971 569 2226 659 serapoeum.
2272 579 2273 584 ‘

339 676 496 767 Quidam
513 669 590 770 sine
605 669 676 739 line
697 667 912 761 disputavit,
936 665 1000 762 qui
1023 677 1225 739 contractos
1376 663 1447 736 Hic
1462 668 1662 741 contractus
1676 666 1859 740 dissimilis
1881 682 1932 740 est
1952 681 2091 757 mutuo,
2111 672 2181 766 quia
2197 673 2226 741 in

236 786 309 856 sint
324 774 512 872 probandi.
550 769 674 864 Neque
688 769 770 841 finis
785 770 880 840 ullus
893 782 946 842 est
958 768 1086 840 talium
1101 769 1227 862 dispu-
1274 780 1401 841 mutuo
1432 767 1516 840 licet
1543 770 1642 840 danti
1670 782 1797 841 mutuo
1826 783 1987 862 repetere
2008 785 2149 858 sortem,
2182 768 2226 842 hic

236 883 432 966 tatianum,
471 876 502 948 si
524 873 768 946 consideretur
791 895 865 942 non
890 871 967 958 lex,
1004 871 1067 941 sed
1097 883 1225 942 natura
1273 869 1428 962 emptori
1445 893 1519 939 non
1535 871 1619 942 lieet
1634 871 1820 961 pecuniam
1836 886 2006 962 repetere.

238 984 370 1081 operis·
750 1059 758 1074 .
1193 975 1198 986 ⁴
1377 969 1469 1042 Tres
1482 971 1613 1064 speeies
1629 994 1803 1065 ponemus
1824 967 1934 1042 huius
1955 987 2160 1062 contractus,
2182 991 2228 1046 aut

341 1085 401 1158 Sic
434 1082 472 1150 in
502 1078 581 1152 aliis
611 1076 733 1147 multis
764 1071 920 1167 negociis
954 1073 1121 1167 pleraque
1150 1071 1226 1164 lege
1274 1070 1406 1144 emitur
1427 1086 1543 1143 certus
1565 1073 1718 1162 fundus,
1742 1087 1803 1144 aut
1825 1072 1912 1144 certi
1932 1075 2066 1148 fruetus
2082 1075 2118 1145 in
2138 1079 2228 1149 londo

238 1191 331 1262 iusta
347 1198 451 1269 sunt,
477 1177 614 1252 etiamsi
629 1177 720 1248 ratio
733 1178 777 1246 de
791 1188 917 1246 natura
934 1173 1128 1267 praesentis
1141 1199 1227 1266 ope·
1274 1187 1371 1245 certo
1387 1196 1452 1264 pro
1466 1175 1709 1266 proportione.

239 1293 291 1362 ris
316 1287 419 1360 aliter
441 1283 593 1366 iudicet,
625 1293 686 1366 ut,
716 1278 813 1372 quod
836 1277 1102 1368 suspenduntur
1121 1277 1228 1362 iures,
1378 1271 1498 1346 Facile
1509 1275 1661 1348 iudicari
1676 1287 1812 1370 potest,
1834 1276 1875 1346 in
1891 1272 1948 1347 his
1967 1279 2103 1349 duabus
2123 1279 2230 1372 speeie·
2273 1284 2274 1366 l

235 1394 274 1464 ‚si
290 1389 407 1483 operis
429 1399 555 1456 natura
570 1394 806 1474 spectaretur,
831 1377 990 1447 infinitae
1007 1377 1228 1472 quaestiones
1275 1379 1343 1449 bus
1360 1398 1505 1469 prorsus
1519 1373 1612 1446 nihil
1627 1399 1700 1448 esse
1711 1378 1814 1464 vicii,
1839 1401 1921 1448 cum
1935 1394 2031 1451 reete
2047 1393 2231 1452 concurrant
2273 1369 2274 1435 l

241 1495 441 1565 existerent.
497 1485 601 1556 Nunc
624 1481 735 1552 iudici
755 1479 839 1550 satis
866 1490 938 1559 est,
978 1477 1092 1570 legem
1115 1477 1229 1574 sequi,
1278 1481 1419 1564 omnia,
1467 1502 1557 1572 quae
1591 1479 1826 1572 requiruntur
1852 1479 1891 1548 in
1920 1482 2112 1573 emptione,
2154 1503 2231 1550 mers
2273 1529 2274 1532 ,

242 1596 324 1690 quia
341 1591 439 1666 Deus
453 1586 627 1681 approbat
641 1583 763 1654 civiles
776 1580 1033 1653 ordinationes.
1278 1594 1390 1664 certa,
1414 1592 1550 1650 eertum
1565 1582 1742 1672 precium,
1768 1601 1973 1654 consensus.
2273 1561 2274 1590 ¹

345 1691 426 1765 Hoc
454 1710 569 1760 unum
599 1685 752 1780 pertinet
783 1684 828 1751 ed
851 1675 1097 1770 Theologum,
1132 1681 1229 1774 quod
1380 1679 1502 1751 Tertia
1528 1681 1659 1771 species
1683 1693 1753 1763 est,
1792 1705 1873 1751 cum
1902 1683 2034 1753 emitur
2060 1683 2183 1753 reditus
2202 1683 2231 1748 io

122 1878 130 1894 ·
243 1799 314 1868 iam
343 1789 615 1870 admonuimus,
655 1785 841 1858 ostendere
870 1783 967 1875 quod
993 1779 1229 1873 Evangelium
1278 1781 1455 1853 universis
1468 1783 1570 1852 bonis
1585 1782 1734 1852 alicuius
1749 1781 1924 1868 civitatis,
1949 1783 2012 1854 ubi
2029 1784 2144 1856 civitas
2158 1783 2232 1854 obli·

241 1897 417 1992 approbet
446 1903 646 1964 eontractus
669 1883 928 1958 eonsentientes
951 1881 1106 1973 legibus,
1147 1884 1230 1978 quia
1280 1897 1358 1974 gata
1375 1896 1426 1953 est
1448 1885 1587 1956 actione
1606 1883 1805 1976 personali,
1836 1885 1968 1970 etius,
2002 1887 2096 1978 quod
2115 1898 2233 1954 vomere

241 2001 414 2094 approbat
426 1990 558 2096 'civiles
579 1989 842 2070 ordinationes,
875 1985 966 2056 sicut
989 1987 1033 2053 de
1055 1985 1231 2055 medicina
1280 1979 1340 2055 hic
1355 2007 1471 2069 mern,
1497 2007 1571 2054 non
1589 1985 1730 2055 videtur
1744 1983 1784 2053 in
1800 1996 1895 2055 certo
1912 2008 2061 2077 corpore
2075 2007 2152 2056 esse.

242 2105 431 2185 admonet,
456 2093 553 2190 quod
577 2092 681 2162 liceat
703 2089 758 2162 uti
781 2085 946 2158 remediis
973 2086 1066 2158 sicut
1089 2086 1168 2157 cibo
1191 2107 1231 2157 ac
1382 2083 1656 2156 Panormitanus
1687 2099 1806 2156 tamen
1836 2099 1871 2156 et
1902 2079 1995 2156 hanc
2017 2087 2153 2158 tertium
2173 2107 2233 2176 spe-

244 2217 342 2301 potu.
399 2264 403 2270 .
623 2210 626 2220 ’
1280 2185 1404 2256 clema
1454 2189 1569 2268 robat,
1585 2210 1666 2257 cum
1680 2185 1815 2280 inquit:
1840 2185 1941 2258 Sicut
1956 2209 2040 2276 ergo
2055 2189 2130 2281 quis
2143 2199 2234 2279 potest
2274 2219 2275 2252 l

347 2300 481 2390 Quales
500 2287 748 2368 debeant'esse
772 2299 990 2373 contractus,
1022 2286 1232 2379 non·magis
1281 2310 1396 2358 emere
1434 2289 1530 2359 ibere
1550 2302 1660 2359 totam
1682 2289 1937 2380 possessiouem
1961 2289 2001 2357 in
2025 2282 2232 2383 ἐμφύτευσιν,

243 2407 289 2478 ad
312 2399 539 2490 Theologum
566 2395 736 2489 pertinet,
772 2414 879 2486 quam
903 2388 1022 2486 qualia
1043 2385 1231 2482 pharmaca
1281 2389 1338 2459 vel
1365 2411 1481 2460 emere
1505 2413 1664 2458 annuum
1688 2389 1844 2460 reditum
1869 2389 1940 2458 iam
1961 2390 2181 2460 constitutum
2199 2388 2233 2454 ab

246 2509 397 2579 debeant
412 2504 449 2573 in
465 2498 614 2590 singulis
628 2495 762 2567 morbis
778 2493 869 2566 dari·
1238 2559 1244 2570 ,
1280 2491 1449 2584 antiquo,
1489 2491 1537 2559 ita
1557 2489 1695 2560 licitum
1718 2501 1769 2560 est
1791 2490 1836 2558 de
1860 2513 1956 2560 novo
1987 2489 2187 2561 constituere
2209 2499 2235 2554 et

348 2603 471 2700 ltaque
510 2625 586 2670 nou
626 2612 677 2669 est
716 2593 982 2667 eoncedendum
1022 2591 1233 2662 docentibus
1281 2615 1408 2666 emere.
1459 2588 1513 2661 De
1528 2591 1645 2661 usuris
1658 2593 1733 2683 cap.
1749 2591 1788 2659 iu
1805 2590 1957 2666 civitate.

245 2707 504 2800 Evangelium‚
527 2713 704 2774 utcontra
721 2698 870 2769 usitatos
885 2705 1086 2764 contractus
1102 2693 1146 2762 ad
1168 2715 1233 2785 po-
1383 2687 1431 2765 Et
1452 2717 1532 2763 curu
1548 2694 1604 2762 ius
1622 2703 1783 2785 oporteat
1804 2691 1843 2760 in
1866 2691 1988 2785 aliquo
2014 2713 2154 2786 corpore
2173 2705 2236 2768 esse,

246 2813 373 2906 pulum
400 2807 660 2887 vociferentur,
705 2801 765 2870 sed
797 2795 1015 2867 admonendi
1045 2807 1148 2878 sunt,
1192 2806 1234 2864 ut
1282 2807 1333 2868 est
1350 2807 1385 2865 et
1400 2789 1458 2864 hic
1473 2795 1528 2865 ius
1543 2794 1581 2862 in
1598 2817 1755 2886 corpore.

244 2907 354 2984 huius
368 2909 422 2980 rei
437 2906 611 2979 iudicium
636 2903 681 2974 ad
703 2899 929 2991 magistratus
949 2910 984 2967 et
1007 2897 1126 2968 lorum
1148 2896 1253 2995 reli-p
1383 2893 1433 2968 Ut
1447 2895 1477 2966 si
1492 2895 1572 2988 quis
1589 2910 1682 2964 eruat
1705 2895 1744 2964 in
1767 2895 1913 2968 alterius
1932 2895 2049 2966 bouis
2063 2893 2237 2965 servitutem
2275 2914 2276 2990 l

245 3015 352 3088 ciant.
1282 2996 1409 3087 agendi
1427 2997 1563 3066 itineris
1580 3017 1798 3088 peregrum,
1823 2996 1874 3067 ita
1895 2997 1936 3066 in
1959 2999 2069 3069 rebus
2087 2995 2166 3065 ratis
2180 2993 2237 3060 lru·
2275 2995 2276 3066 l

350 3123 534 3200 Praeclare
575 3117 664 3188 dixit
696 3111 976 3195 Cameracensis,
1025 3108 1233 3182 Cavendum
1283 3099 1433 3168 etifieare
1448 3109 1561 3188 potest
1574 3097 1743 3168 constitui
1755 3097 1920 3184 servitus,
1936 3111 1976 3168 ut
1991 3121 2073 3190 pars
2087 3097 2238 3166 fructuum
2275 3083 2276 3096 ¹

247 3254 341 3311 esse,
366 3251 412 3296 ne
439 3223 543 3295 facile
567 3217 825 3312 pronunciatur
845 3211 1027 3284 usurarios
1050 3233 1124 3280 esse
1147 3235 1234 3281 con·
1283 3201 1405 3269 redeat
1436 3200 1482 3269 ed
1514 3199 1680 3290 aliquem.
1740 3195 1788 3270 Et
1807 3194 1915 3269 huius
1939 3197 2119 3270 servitutis
2137 3211 2238 3283 eorpus

221 3319 406 3415 tractus,
439 3325 523 3420 quia
553 3321 645 3390 varii
670 3329 871 3390 contractus
890 3316 930 3383 in
951 3314 1024 3385 vita
1048 3312 1234 3384 necessarii
1283 3299 1452 3406 ίῡῐὶδῑξῑυὶ
1482 3313 1631 3392 potsunt
1660 3299 1781 3370 omnia
1811 3300 1906 3370 bona
1928 3297 2080 3371 alicuius
2098 3311 2239 3390 personat

247 3447 355 3519 sunt,
381 3453 462 3501 curn
478 3427 550 3498 sint
566 3421 655 3492 iuris
670 3420 841 3510 gentium.
1285 3415 1345 3474 aut
1360 3401 1652 3475 communitatis.

351 3551 423 3623 Sed
449 3543 559 3618 huius
582 3540 669 3613 dicti
691 3541 783 3610 ratio
806 3535 958 3609 tenenda
978 3547 1048 3620 est,
1080 3557 1126 3604 ne
1149 3558 1236 3604 con·
1387 3501 1545 3592 Quidam
1567 3499 1785 3588 defenduut,
1810 3517 1845 3573 et
1867 3503 1905 3572 in
1929 3523 2081 3594 persona
2101 3485 2240 3569 constitui

403 3629 409 3642 ’
909 3636 917 3654 ·
982 3635 991 3652 ’
1072 3635 1082 3652 ·
1285 3625 1386 3698 posse
1416 3605 1581 3675 reditum.
1639 3601 1746 3692 Quod
1771 3604 1834 3674 etsi
1860 3603 2041 3675 subtiliter
2060 3603 2240 3693 disputetur,

249 3655 393 3727 scientia
417 3650 641 3740 relinquatur
664 3641 852 3731 ambigua,
884 3637 1049 3709 vrdelrcet
1070 3637 1150 3706 rdeo
1175 3657 1238 3706 va·
1845 3705 1854 3724 ,
2213 3693 2220 3709 ,

1286 3721 1404 3778 tamen
1421 3707 1536 3799 placet
1556 3702 1642 3790 hoc,
1667 3706 1764 3798 quod
1780 3703 2031 3778 Iurisconsulti
2052 3707 2187 3780 docent,
2212 3713 2240 3759 ¹1¹

1287 3809 1393 3880 rebus
1408 3807 1697 3878 constituendum
1712 3829 1785 3876 esse
1798 3806 1965 3890 reditum,
1991 3821 2033 3878 ut
2046 3801 2198 3875 videlieet
2209 3792 2242 3862 sit

1287 3910 1405 4004 aliqua
1422 3921 1515 3980 certa
1532 3933 1653 3993 merx,
1678 3909 1782 3979 etius
1799 3908 1845 3980 sit
1859 3909 1899 3978 iu
1917 3907 2040 4002 aliquo
2054 3924 2199 3996 corpore.

1388 4009 1517 4104 ltaque
1535 4033 1615 4080 cum
1629 4022 1664 4080 et
1678 4004 1738 4079 hic
1753 4011 1798 4082 sit
1817 4033 1935 4096 merx,
1965 4009 2130 4078 videlieet
2147 4004 2196 4072 ius
2212 4017 2242 4062 tt

1289 4111 1416 4183 alienis
1428 4113 1534 4182 bonis
1548 4112 1765 4204 percipiendi
1781 4111 1916 4183 fructus
1931 4112 2108 4201 precium,
2132 4115 2164 4174 et
2177 4119 2243 4170 eon·

1289 4238 1430 4293 sensus,
1455 4213 1640 4304 probanda
1657 4225 1708 4283 est
1722 4228 1757 4285 et
1770 4206 1857 4283 haec
1873 4212 2133 4304 tertia'speries.

1390 4314 1575 4386 Praeclare
1599 4315 1718 4407 inquit
1741 4313 1892 4398 Baldus,
1932 4309 2029 4384 hunc
2053 4314 2243 4384 contractum

1290 4417 1428 4488 licitum
1447 4439 1538 4502 esse,
1564 4417 1594 4487 si
1616 4412 1744 4487 habeat
1767 4417 1955 4510 aequitatis
1975 4400 2243 4504 recompensatio·

250 3857 475 3948 magistratus
492 3873 532 3920 ac
548 3848 642 3938 leges
659 3847 702 3916 de
718 3837 1058 3930 civilibusnegotiis.
1095 3847 1097 3854 ’

233 4059 237 4066 ,
269 4053 276 4060 ,
353 3969 586 4061 Magistratus
619 3975 738 4035 autem
768 3983 845 4031 uon
866 3970 1005 4031 tantum
1030 3979 1140 4028 unam
1162 3955 1238 4026 for-

251 4099 346 4148 mam
363 4083 563 4146 contractus
581 4068 620 4138 iu
641 4063 775 4158 specie,
810 4072 872 4132 aut
893 4059 1051 4130 medium
1073 4057 1239 4128 indivisi-

252 4179 326 4252 bile
353 4172 549 4247 constituit.
615 4167 686 4239 Sed
717 4163 825 4236 sumit
854 4161 1014 4232 medium
1044 4158 1085 4231 ἐν
1111 4153 1239 4231 πλάτει

252 4280 349 4352 iuxta
363 4271 567 4370 probabiles
586 4269 760 4352 rationes,
785 4263 883 4360 quod
903 4264 949 4333 ad
975 4282 1095 4354 pacem
1121 4275 1156 4333 et
1179 4285 1239 4332 so·

252 4381 412 4453 rietatem
442 4374 630 4448 hominum
661 4368 824 4464 quadrat.
891 4363 1028 4436 Verum
1060 4375 1112 4434 est
1142 4363 1238 4434 enim

252 4483 362 4569 illud,
387 4499 565 4552 summurn
580 4475 656 4558 ius,
681 4493 817 4541 summa
833 4467 976 4540 iniuria.
1585 4519 1593 4536 .
2035 4517 2044 4534 ,

354 4593 501 4691 Emptio
528 4615 603 4662 non
633 4587 785 4658 viciam!
813 4608 877 4677 per
905 4594 1050 4680 paetum
1073 4581 1118 4652 de
1143 4584 1240 4655 redi·
1289 4534 1820 4692 ⁰⁰m},P¹⁰P⁰fl¹⁰Q⁸mv‚‚⁰³P·
1840 4513 2187 4636 adelmannum.
2213 4601 2244 4668 da

1421 4635 1492 4690 scut
1507 4633 1616 4711 rgrtur
1632 4647 1669 4690 m
1686 4621 1765 4690 alus
1779 4621 2018 4690 contractibus
2033 4627 2209 4688 conservari

254 4702 396 4772 mend&
448 4685 1063 4788 L·⁵.lf¹¹¹¹d¹¹m⁰⁰d·d‘p²⁰·{¹¹¹³
1083 4697 1240 4777 ΜΡΝ
1290 4737 1341 4794 est
1359 4721 1531 4815 aequitas,
1564 4723 1612 4793 ita
1637 4723 1676 4792 in
1697 4717 1766 4792 hoc
1789 4735 1971 4792 contractu
1995 4717 2181 4789 videndum
2201 4711 2246 4778 etl

254 4802 389 4874 vendit·
706 4908 717 4929 ι
823 4904 861 4924 ..
1202 4906 1212 4926 ο
1291 4838 1331 4896 ut
1359 4825 1514 4917 pericula
1543 4823 1677 4915 pariter
1705 4837 1996 4915 compensentur,
2035 4815 2191 4889 videlicet
2213 4821 2245 4872 112

356 4915 447 4989 Cum
469 4927 587 4987 autem
610 4923 741 5004 emptio
765 4908 944 4996 legrtrmus
964 4915 1164 4976 contractus
1184 4919 1242 4992 sit,
1292 4925 1608 5015 cen3030113211,r‚
1633 4925 1664 4997 ,i
1679 4925 1784 5016 periit
1800 4947 1942 5017 corpus,

256 5019 434 5115 sequitur,
459 5032 494 5132 et
507 5012 605 5087 bunc
621 5023 840 5127 contractum
863 5005 1062 5126 legitimum
1084 5029 1174 5102 esse5
1202 5009 1241 5078 in
1391 5023 1439 5098 Eg
1456 5039 1573 5098 gamen
1590 5029 1628 5096 ᾗ,
1643 5021 1700 5096 his
1716 5027 1854 5098 omibus
1870 5047 2010 5121 quoqu„
2033 5034 2074 5093 ,η
2096 5021 2132 5088 ῑῃ
2154 5003 2246 5083 omni·

256 5148 328 5221 (1¹¹⁰
361 5121 454 5190 3⁰²⁵¹
474 5130 626 5211 Pactum
653 5115 924 5204 ffllffll’lfflnss·
990 5105 1031 5180 ⁸²
1052 5121 1171 5180 lmen
1195 5110 1241 5181 ⁵5²
1291 5130 1358 5200 bus
1385 5131 1623 5200 contractibus
1655 5129 1731 5198 beri
1762 5131 1885 5215 debet,
1925 5125 2083 5197 medium
2106 5119 2200 5190 debet
2218 5103 2246 5176 ἓν

256 5249 339 5298 Vim
360 5219 505 5313 ‘mistim
1184 5297 1186 5302 .
1292 5222 1418 5303 πλάτει
1433 5231 1537 5306 sumi.

239 5397 243 5404 .
361 5337 409 5414 Ee
424 5339 467 5422 ir,
493 5333 556 5428 qui
573 5329 670 5416 eruit,
694 5327 893 5402 dominium
910 5329 1150 5424 consequitur,
1177 5333 1242 5403 etsi
1393 5333 1436 5402 ln
1454 5353 1610 5413 summa,
1637 5326 1774 5403 cumbi
1792 5341 1993 5403 contractus
2005 5324 2076 5414 legi
2093 5319 2169 5392 iusti
2185 5312 2247 5418 sint

259 5443 416 5518 alienare
446 5459 521 5508 110ss
549 5442 684 5526 Ρῠῑθθῑ,
716 5431 799 5523 quia
824 5444 965 5524 pactum
992 5432 1134 5504 deuon
1157 5432 1244 5505 elie-
1293 5447 1328 5506 et
1350 5429 1547 5508 Christiani
1576 5443 1653 5506 tuto
1682 5433 1819 5524 legibus
1851 5445 1885 5504 et
1916 5427 2072 5524 politicis
2092 5423 2190 5495 rebus
2208 5421 2247 5480 11¹¹
