4726 5828
220 305 292 384 143
766 275 928 352 DECL.
960 272 1035 348 nt:
1069 269 1317 348 lUDlCllS
1349 267 1689 348 ECCLESIAE.
2076 279 2082 292 '
2165 263 2238 339 144

217 477 325 548 nibus
354 466 454 540 meis.
513 456 617 528 lubet
650 453 754 524 etiam
788 447 947 538 singulos
975 446 1111 520 interea
1142 467 1200 514 re-
1257 467 1384 514 narum
1401 443 1559 536 exempla
1573 443 1707 516 vident.
1758 439 1829 514 Sed
1841 463 1916 512 non
1930 439 2161 534 spectandum
2176 449 2240 520 est,

160 631 165 644 .
219 595 377 750 pugnare
394 561 572 638 erroribus
590 549 1039 634 etrectefacereofficium,
1066 544 1204 620 etiamsi
1258 545 1345 639 quid
1360 546 1440 629 fiat,
1466 546 1526 614 sed
1549 544 1636 637 quid
1653 543 1728 614 lieri
1742 544 1875 614 debeat.
2344 551 2345 564 ¹

247 671 387 748 umanis
412 661 570 736 consiliis
592 671 625 726 et
646 653 849 738 laboribus,
874 674 989 742 neque
1006 646 1202 730 mandaria,
1359 658 1437 732 Etsi
1460 673 1575 730 autem
1597 656 1705 730 huju,
1731 673 1872 730 nomae
1894 655 2089 727 sententiae
2111 654 2244 724 verim

221 797 337 868 neque
366 759 657 838 dissidia‘omnia
687 757 726 825 in
754 750 820 824 hac
846 749 972 822 mundi
999 749 1205 864 confusione
1259 763 1443 855 manifesta
1460 777 1522 846 231,
1548 775 1665 830 gamen
1681 762 1783 831 mum
1802 761 1864 852 qui
1879 756 2138 828 gibilicenfigm
2156 778 2244 824 con·-
2345 751 2346 810 J

223 875 302 949 utu
325 881 482 965 possunt.
532 861 604 958 Nec
626 874 745 930 tamen
772 877 914 948 prorsus
935 865 1040 922 erunt
1061 850 1206 943 snorum
1260 861 2063 952 ceatvotuneuununantonenseneo,
2086 857 2245 934 utlibet.

222 978 363 1072 piorum
386 965 590 1040 certamina.
1138 1044 1141 1052 ,
1260 978 1448 1058 opponunt
1471 965 1593 1034 varias*
1613 963 1865 1034 cavillationes.
1923 959 2084 1032 Primum
2106 959 2247 1041 dicunt,
2346 1039 2347 1046 ἵ

322 1103 408 1178 Dixi
431 1103 476 1171 de
502 1095 645 1168 iudiciis
669 1089 846 1162 Ecclesiae
871 1085 1089 1157 brevissima.
1138 1081 1208 1151 Hie
1259 1067 1500 1156 magistratum
1522 1089 1596 1134 non
1611 1087 1712 1154 posse
1727 1065 1855 1154 punire
1866 1059 2249 1174 cogitationesutentis,
2345 1060 2348 1164 l

223 1224 340 1284 sutem
373 1207 418 1274 de
451 1201 568 1272 officio
599 1194 732 1288 politici
764 1190 986 1278 magistratus
1017 1181 1073 1253 his
1104 1183 1210 1254 annis
1262 1167 1464 1258 praesertim
1482 1190 1560 1234 cum
1583 1189 1647 1235 nec
1664 1168 1746 1234 dare
1770 1165 2014 1235 adsensionem
2032 1161 2160 1254 possit,
2187 1182 2248 1227 cur
2347 1183 2348 1212 1

225 1333 327 1402 saepe
343 1294 501 1400 quaestio
517 1312 611 1368 mota
628 1307 691 1367 est.
742 1290 917 1364 Rectene
939 1283 1210 1358 feceruntCon.
1262 1280 1565 1358 argumentarere
1581 1267 1630 1335 sic
1647 1268 1934 1356 respondendum
1951 1275 2012 1336 cst.
2095 1265 2097 1274 ’

225 1409 403 1486 stantinus
418 1418 453 1474 et
470 1396 712 1476 Theodosius,
736 1378 830 1484 duod
848 1389 1027 1462 idolorum
1041 1385 1209 1456 sacrificis
1364 1382 1591 1474 Magistratus
1608 1395 1750 1452 esterna
1767 1383 1893 1452 delicta
1918 1381 2062 1470 puniat,
2087 1392 2129 1449 ut
2144 1379 2251 1448 adul-

229 1502 516 1606 peohibuerunt?
565 1497 675 1568 Recte
691 1517 737 1562 ne
757 1492 839 1562 fecit
864 1505 1005 1560 senatus
1020 1487 1211 1558 Geneven-
1263 1485 1370 1570 teria,
1395 1508 1469 1552 non
1492 1483 1660 1553 interiora
1679 1483 1853 1552 incendia.
1905 1481 1964 1553 Sic
1989 1483 2131 1552 ctdicta
2152 1479 2252 1549 blas-

230 1615 297 1698 sis,
322 1610 416 1704 quod
442 1604 624 1674 Servetum
643 1595 770 1665 ultimo
793 1591 964 1681 supplicio
986 1591 1123 1673 affecit,
1149 1585 1212 1679 qui
1264 1583 1410 1678 pbema,
1435 1607 1509 1654 non
1523 1585 1644 1655 tacitas
1661 1584 1771 1654 animi
1786 1584 2025 1674 cogitationes.

228 1726 381 1784 veterem
398 1699 617 1779 Samosalffll
640 1694 853 1816 lfflll’lelfl‘m
868 1689 1070 1772 ‘0¹¹⁰V2Vlls
1097 1701 1130 1758 ⁸1
1149 1710 1212 1804 ”i'
1366 1701 1415 1777 At
1431 1728 1536 1774 nemo
1553 1717 1667 1796 potest
1683 1704 1839 1776 iudicare
1855 1729 1895 1774 ca
1911 1729 2003 1798 quae
2017 1727 2092 1772 non
2114 1701 2253 1772 intelli-

228 1813 324 1907 gavit
339 1802 452 1909 λόγον
468 1826 540 1874 esse
553 1797 820 1898 ὖφιστᾳμενον,
842 1808 875 1863 et
890 1791 1002 1860 tilium
1012 1787 1079 1860 Dei
1094 1811 1212 1859 omm-
1264 1808 1332 1897 gig,
1356 1819 1397 1876 ug
1413 1829 1494 1876 vm
1511 1806 1662 1875 dicim„

229 1926 408 2010 potentem
431 1903 527 1977 csse?
576 1897 625 1969 Et
649 1909 771 1966 contra
787 1894 987 1963 universam
1001 1892 1211 1980 scripturam
1369 1917 1522 2001 μηδέποτε
1543 1918 1653 2000 „opum
1674 1912 1855 1998 ggapmc
1875 1914 1993 2001 ἄνδρας
2014 1912 2124 1990 Mam·

227 2007 472 2108 propheticam
490 2015 524 2073 et
538 1997 763 2091 apostolicam
781 1992 920 2084 negavit
945 1991 1058 2062 lilium
1072 1988 1141 2060 Dei
1156 1989 1213 2057 in·
1265 2019 1313 2092 E,
1335 2017 1403 2092 hoe
1426 2023 1503 2114 5930
1529 2033 1686 2111 ,empore
1702 2020 1826 2090 dicun,
1849 2020 1979 2089 armari
2001 2031 2035 2089 e,
2058 2019 2137 2087 ,cui
2158 2019 2255 2088 mg„
2351 1977 2352 1992 ¹

229 2114 430 2187 V⁰⁰³¹¹d¹¹¹¹¹
454 2126 539 2176 ⁹⁵⁵⁸·
1266 2124 1355 2192 ciam
1379 2137 1634 2217 tyrannorum,
1660 2121 1722 2213 qui
1747 2133 1830 2190 sunt
1853 2115 1971 2190 hostes
1990 2115 2196 2210 Evangelii,
2220 2119 2256 2188 si

330 2245 384 2320 De
397 2237 454 2310 his
468 2231 733 2330 quaestiouibus
756 2229 859 2321 plane
881 2240 915 2297 et
930 2227 1007 2296 sine
1021 2225 1094 2295 ulla
1109 2223 1216 2294 dubi·
1267 2221 1414 2294 audiant
1429 2222 1535 2293 armis
1551 2223 1719 2292 tuendam
1738 2243 1811 2289 esse
1828 2221 2038 2296 doctrinam.
2352 2205 2353 2226 ¹

230 2349 373 2423 tatione.
402 2337 616 2431 respondeo,
653 2330 894 2417 magistratum
926 2327 1110 2419 politicum
1140 2347 1215 2394 11011
1368 2339 1442 2410 Nos
1461 2363 1543 2408 vero
1567 2352 1678 2427 metas
1700 2361 1779 2407 suas
1795 2360 1897 2407 nosse
1919 2351 1954 2408 et
1975 2337 2153 2408 custodire
2176 2359 2257 2408 ma-

231 2438 598 2522 castrametandum,
627 2447 662 2504 ‘l
684 2444 822 2501 lanium
853 2453 973 2518 Pacem
997 2441 1031 2496 ‘l
1057 2425 1215 2515 ίΟΨ)ὡ
1267 2443 1450 2532 gistratum
1486 2440 1668 2522 volumus,
1701 2452 1744 2509 ut
1769 2439 1808 2506 in
1833 2439 1977 2510 caeteris
2006 2438 2120 2506 causis
2148 2461 2257 2507 nemo

232 2554 326 2623 bona
340 2541 603 2621 tueri'debere,
619 2535 710 2604 sicut
727 2532 830 2602 multi
854 2529 987 2598 insulse
1008 2527 1217 2620 loquuntur,
1269 2545 1344 2630 sine
1366 2541 1523 2634 legitima
1545 2541 1746 2628 cognitione
1771 2541 1974 2629 puniendus
1990 2551 2060 2623 est,
2084 2539 2133 2608 its
2150 2561 2259 2628 prae-

232 2653 295 2725 sed
320 2641 617 2717 essemlnlslfflm
642 2635 728 2724 Dela
755 2623 1217 2743 ⁰ldl505P¹1¹¹³⁰⁰1¹⁸²⁰d²f1¹
1269 2643 1371 2734 cipue
1395 2655 1493 2710 curet
1513 2641 1735 2729 magistratus
1756 2641 1796 2708 in
1810 2665 1848 2711 re
1868 2654 1966 2712 tanta
1982 2639 2151 2710 constitui
2166 2640 2259 2730 legi·
2354 2664 2355 2700 t

235 2755 332 2822 iuxta
347 2729 881 2833 ugrgnquedecalogitabulam.
932 2727 1219 2845 Sicustlllfffflln
1270 2745 1355 2814 tima
1370 2737 1547 2811 Ecclesiae
1564 2742 1706 2812 iudicia.
1740 2739 1991 2812 Convoceutur
2005 2740 2154 2835 Synodi,
2180 2766 2259 2812 non

235 2849 393 2948 qualibet
416 2854 491 2912 arte
509 2838 660 2930 primam
677 2843 816 2925 oportet
838 2853 958 2900 curam
974 2852 1047 2898 esse
1063 2827 1218 2944 artificrs,
1270 2843 1384 2937 quali,
1407 2856 1458 2913 ,gg
1488 2844 1548 2914 {112
1572 2840 1717 2913 Cleonis
1745 2844 1838 2932 apud
1864 2838 2157 2931 AriggophfflgQ
2191 2844 2261 2912 ubi

235 2966 277 3022 at
303 2959 414 3018 erlem
439 2964 544 3036 quam
574 2950 708 3006 efflei
739 2932 931 3022 inlelllsslls
964 2931 1014 3000 ⁵5⁶
1037 2931 1151 3022 Prima
1173 2940 1220 2997 ⁵¹²
1270 2943 1428 3015 considet
1444 2943 1563 3010 ovium
1579 2943 1721 3026 concio,
1747 2957 1781 3012 et
1796 2944 1943 3014 balaena
1957 2944 2132 3034 praesidet
2144 2965 2260 3032 grum

235 3074 320 3123 eura
341 3045 585 3136 magistratus.
609 3051 649 3107 ul
668 3036 779 3123 legem
796 3034 900 3116 “lala
927 3044 961 3100 θῑ
978 3031 1063 3098 ⁵⁶3³st
1077 3051 1150 3144 ²⁵⁵}
1164 3049 1221 3095 ⁵³·
1271 3045 1388 3115 nitum
1410 3045 1517 3112 edens
1538 3044 1655 3133 porci,
1681 3056 1717 3114 et
1739 3058 1863 3116 tenens
1884 3045 2055 3116 trutinam
2070 3067 2111 3114 ac
2131 3067 2260 3136 preco-

237 3149 408 3248 pientiam
422 3143 488 3213 Dei
505 3143 549 3210 ad
572 3133 639 3206 lroc
659 3135 775 3225 ipsum
793 3133 998 3222 patefactam
1016 3153 1134 3218 gencrr
1152 3124 1221 3196 ltu·
1272 3167 1353 3214 nem
1377 3139 1571 3227 adhibens,
1598 3145 1659 3237 qui
1684 3159 1788 3236 caput
1807 3141 1915 3216 habet
1934 3139 2112 3237 κόρακος,
2139 3168 2201 3216 seu
2215 3161 2262 3218 ut

237 3275 367 3332 mano,
391 3259 432 3316 ut
452 3243 497 3311 sit
520 3235 761 3311 testimonium
784 3233 828 3301 de
847 3230 943 3316 De03
980 3231 1066 3300 sciat
1089 3242 1122 3299 et
1144 3221 1224 3312 hoc,
1272 3244 1475 3316 Alcibiades
1491 3246 1647 3346 dicebat,
1669 3241 1899 3340 φαυλίζων,
1924 3239 2089 3326 κόλακος,

238 3377 313 3424 sese
327 3370 447 3418 vocem
463 3340 529 3413 Dei
548 3337 680 3454 esseio
696 3337 779 3453 lege·
793 3333 1041 3425 proponenda,
1068 3344 1101 3400 et
1118 3328 1223 3398 disei—
1374 3357 1471 3431 ΗΜ
1494 3363 1711 3434 conveniunt
1732 3364 1775 3431 ad
1800 3361 2047 3434 Tridentium
2071 3361 2263 3459 synodum

239 3453 375 3566 Pilum,
391 3459 534 3539 imples
550 3442 697 3530 3¹⁰¹¹³¹¹¹
713 3432 780 3505 ΒΗ
796 3435 964 3506 luendam
980 3455 1065 3502 ²⁵⁵²·
1101 3427 1223 3547 {illm
1273 3463 1412 3545 omnia,
1437 3487 1544 3554 quam
1565 3462 1728 3532 Pontifex
1751 3463 1898 3532 balaena
1920 3467 2082 3554 regebat,
2107 3465 2264 3554 grunni-

239 3576 324 3626 cura
347 3563 412 3633 stt,
437 3558 477 3616 ut
500 3562 646 3660 copppra
669 3538 847 3652 defendat.
895 3532 985 3650 'ldeo
1007 3553 1225 3646 severissime
1275 3578 1351 3635 ,um
1373 3564 1470 3654 porci
1494 3564 1620 3647 edens,
1652 3576 1685 3633 et
1707 3586 1898 3654 praecones
1925 3579 2025 3635 mm
2047 3556 2201 3658 κόρακες
2224 3582 2265 3638 et

239 3649 412 3771 Plifcll'll
432 3646 489 3715 ¹⁰¹
518 3646 640 3713 d¹v¹¹¹³
663 3640 708 3707 de
731 3636 923 3729 P⁰¹¹¹²¹¹d¹³
953 3625 1169 3722 bl³⁵ph²¹¹¹¹⁸
1192 3639 1227 3699 εἰ
1275 3657 1428 3744 κόλακες
1443 3658 1607 3733 monachi
1627 3676 1661 3734 et
1678 3677 1918 3737 assentatores.
1969 3664 2051 3734 Non
2073 3667 2145 3738 sint
2162 3667 2265 3736 iudi-

241 3773 404 3849 Penus*
1276 3787 1331 3836 ees
1347 3765 1480 3833 indocti
1497 3763 1659 3833 fascinati
1675 3764 1773 3834 falsis
1787 3765 2036 3856 opinionibus,
2061 3789 2184 3856 regum
2201 3783 2267 3840 aut

341 3883 416 3956 Nec
448 3881 509 3950 ille
539 3873 722 3948 barbarica
753 3868 932 3940 excusatio
958 3865 1135 3939 audienda
1166 3877 1228 3948 est,
1278 3864 1374 3955 vulgi
1391 3856 1559 3948 κόλακες,
1586 3887 1660 3934 non
1682 3867 1857 3936 sudantur
1873 3868 2012 3939 decreta
2028 3867 2065 3936 in
2081 3869 2266 3939 centauri-

243 3992 337 4077 leges
350 3985 429 4054 illss
444 3979 618 4070 pertinere
631 3977 676 4046 ad
691 3971 851 4064 politiam
867 3968 1073 4048 Messinm,
1092 3966 1226 4038 nonad
1277 3968 1326 4036 cis
1351 3965 1523 4036 conviviis
1544 3977 1606 4034 aut
1627 3966 1665 4035 in
1694 3967 1874 4059 gyneceis,
1906 3968 1967 4037 sed
1999 3968 2141 4057 regulae
2168 3971 2266 4058 regis

242 4103 392 4160 nostras.
439 4079 488 4152 Ut
501 4077 687 4166 decalogus
702 4076 776 4165 ipse
792 4073 836 4140 ad
853 4093 975 4140 omnes
990 4069 1154 4160 pertinet,
1177 4066 1227 4137 ita
1278 4062 1443 4157 losapbat
1459 4065 1733 4155 obtemperetur.
1783 4067 1875 4138 Sunt
1890 4067 1934 4160 'in
1958 4069 2136 4139 iudicibus
2152 4069 2267 4142 timor

243 4192 351 4262 iudex
379 4182 512 4276 ubique
541 4171 661 4250 omnia
689 4173 848 4264 decalogi
870 4171 984 4242 officia
1014 4170 1053 4236 in
1087 4181 1229 4240 externa
1278 4168 1355 4253 Dei,
1379 4166 1524 4256 scientia
1540 4179 1574 4235 et
1588 4166 1770 4256 diligentia
1788 4169 1825 4238 in
1842 4171 2052 4257 cognitione.
2090 4169 2145 4241 Sit
2158 4171 2266 4241 ctiam

245 4285 433 4381 disciplina
449 4295 599 4354 tueatur.
651 4275 745 4348 Sunt
759 4287 875 4346 autem
897 4264 1138 4363 blasphemiae
1154 4291 1229 4338 ma·
1278 4271 1352 4360 ipse
1380 4269 1603 4357 magistratus
1632 4271 1830 4340 membrum
1860 4267 2058 4350 Ecclesiae,
2089 4271 2267 4362 intelligat

244 4392 371 4464 nifesta
394 4381 572 4456 invocatio
596 4377 795 4458 idolorum,
818 4372 988 4465 professio
1012 4372 1230 4462 dogmatum,
1278 4369 1491 4453 doctrinam,
1513 4384 1605 4440 amet
1619 4370 1814 4453 veritatem,
1840 4371 1978 4441 intersit
1993 4373 2200 4460 cognitioni,
2223 4389 2267 4446 ut

247 4515 337 4588 quae
358 4488 545 4559 adfirmant
564 4479 699 4574 aliquid
725 4472 946 4560 esseDeum,
971 4474 1067 4568 quod
1090 4481 1232 4541 nonest
1279 4471 1471 4542 adfuerunt
1486 4467 1760 4556 Constantinus,
1785 4468 2028 4552 Theodosius,
2052 4473 2268 4561 Martianus,

247 4583 365 4676 Deus,
389 4598 452 4658 aut
473 4606 564 4678 quae
577 4573 771 4650 detrabunt
784 4575 1010 4647 autoritatem
1036 4573 1090 4643 illi
1109 4595 1232 4663 perso·
1280 4572 1366 4642 sciat
1388 4595 1425 4641 se
1449 4559 1646 4662 praesidere
1667 4596 1738 4642 non
1762 4585 1802 4642 ut
1826 4574 2028 4658 balaenam,
2055 4575 2115 4644 sed
2139 4588 2180 4645 ut
2196 4575 2266 4647 Dei

249 4717 334 4773 nae,
363 4712 452 4784 quae
468 4698 520 4755 est
536 4696 662 4753 natura
677 4677 785 4764 Deus,
808 4689 850 4747 ut
865 4690 947 4746 sum
964 4671 1143 4763 Epicurei,
1170 4686 1231 4742 aut
1281 4673 1502 4752 ministrum,
1529 4685 1562 4741 et
1575 4673 1725 4761 gloriam
1740 4671 1806 4744 Ilei
1821 4673 1989 4746 omnibus
2007 4675 2113 4744 rebus
2130 4678 2278 4748 antefe-

248 4787 439 4888 Pyrrbonii
457 4787 613 4863 furores,
635 4793 696 4850 aut
709 4775 950 4860 samosateni,
974 4767 1232 4845 autManichei
1281 4786 1352 4860 rat,
1378 4773 1507 4843 audiat
1530 4773 1707 4857 eruditos,
1739 4776 1839 4846 cedat
1867 4800 1950 4847 vera
1973 4776 2192 4862 dicentibus,
2224 4801 2266 4850 ac

250 4895 489 4964 deliramenta.
536 4883 582 4956 Ut
596 4881 705 4971 igitur
719 4878 773 4948 lex
786 4878 883 4948 iubet
899 4873 1001 4946 irasci
1018 4875 1159 4958 talibus,
1183 4873 1233 4946 ita
1281 4874 1438 4964 regulam
1456 4887 1638 4966 sequatur:
1677 4870 1811 4963 Omnia
1827 4877 1991 4968 probate,
2018 4879 2113 4972 quod
2130 4879 2266 4950 bonum

250 4995 473 5086 magistratus
496 4986 541 5054 sit
558 4983 638 5051 viva
656 4980 730 5062 lex,
755 5000 835 5046 vere
850 4978 969 5048 doleat
993 4987 1133 5066 propter
1154 4974 1232 5062 glo·
1284 4991 1335 5046 est
1357 4987 1484 5048 tenete.

250 5097 339 5168 riam
361 5089 450 5174 Dei,
475 5111 516 5156 ac
538 5081 678 5154 ardenti
698 5075 838 5150 Nemesi
860 5078 1070 5150 accendatur
1089 5078 1132 5143 ad
1161 5075 1231 5143 tol·
1383 5073 1475 5146 Cum
1508 5076 1615 5165 igitur
1642 5090 1725 5145 ante
1746 5099 1895 5167 poenam
1925 5079 2062 5149 institui
2085 5103 2204 5150 veram
2233 5095 2269 5154 et

251 5192 431 5278 lendailla
447 5180 682 5264 catharmats‚
707 5203 795 5272 quae
810 5174 926 5249 Deum
941 5175 1136 5247 manifestis
1149 5196 1234 5244 con·
1284 5175 1379 5267 piam
1396 5175 1633 5266 cognitionem
1657 5189 1692 5244 et
1712 5179 1990 5248 admonitionem
2005 5179 2166 5265 velimus,
2191 5205 2268 5252 non

252 5294 408 5367 tumeliis
432 5287 604 5360 alliciunt.
654 5278 780 5352 Minus
810 5293 998 5348 moventur
1028 5271 1096 5345 boc
1127 5296 1233 5362 argu-
1285 5279 1410 5346 damus
1438 5299 1534 5346 arma
1565 5275 1708 5348 iniustis
1734 5269 2012 5370 magistratibus,
2045 5282 2106 5348 sed
2137 5305 2196 5350 eos
2222 5286 2268 5354 de

252 5408 371 5468 mento
395 5412 493 5484 reges
513 5401 549 5460 et
568 5381 765 5481 principes,
788 5379 871 5474 quia
886 5401 997 5472 pauca
1012 5375 1136 5448 talium
1150 5396 1235 5466 poc-
1286 5377 1412 5448 ordine
1426 5374 1640 5450 iudiciorum
1657 5391 1692 5449 ct
1706 5403 1901 5473 poenarum
1916 5382 2259 5460 commonefacimus.
2342 5413 2347 5426 ·
