4604 5804
44 305 113 382 rsa
260 263 263 268 ’
719 303 750 382 1.
794 267 1366 378 cursoruuoucsnrours.
1990 335 2068 410 794

47 475 190 552 honestis
204 475 436 566 mulieribus,
462 489 497 550 et
512 475 745 550 attrectabant
763 459 874 551 sinus.
924 471 1022 546 Haec
1173 467 1290 546 Aiunt
1318 485 1401 548 ante
1425 473 1536 552 aciem
1559 481 1738 558 terribiles
1765 485 1904 571 sdnitus
1924 505 2067 587 auditos
2115 507 2124 518 '

44 603 115 652 com
153 580 245 652 iuste
283 577 388 672 aa'gre
426 580 561 651 ferrent
603 591 705 670 pater
744 573 936 672 Amyntas,
986 589 1021 647 et
1074 592 1170 660 esse,
1203 586 1238 647 et
1270 573 1345 647 visa
1374 592 1529 670 spectra,
1563 609 1654 679 qnae
1679 583 1917 674 Athenienses
1945 624 2066 698 postea

44 683 127 753 ilios
147 671 369 767 Alexander,
401 680 497 752 lilius
523 693 659 772 patrem
681 673 875 770 hortatur,
907 690 951 749 ut
979 699 1022 748 ex
1071 675 1239 748 dixemnt
1255 675 1364 750 fuisse
1379 681 1529 772 speciem
1551 681 1688 777 Panos,
1714 695 1777 789 qui
1794 711 1968 778 terrorem
1983 725 2064 786 tan.

43 783 194 854 convivio
210 781 616 854 discedatdormiturus.
669 778 844 870 Quicum
866 780 1022 866 abiisset,
1072 792 1148 850 turn
1173 776 1291 850 Persis
1316 779 1521 870 incusserit,
1563 801 1604 862 ut
1636 790 1811 886 lugerent.
1876 801 1968 882 lude
1993 811 2064 888 Pa-

42 883 218 964 simulabat
249 879 466 956 hilaritatem
496 878 720 966 Alexander,
754 905 795 951 ac
826 881 1022 976 aliquando
1071 880 1144 949 nici
1159 893 1313 952 terrores
1326 897 1446 974 postea
1461 883 1547 959 dicti
1565 908 1669 981 sunt,
1694 899 1739 969 de
1759 901 1888 976 subitis
1904 927 2063 990 consecr.

41 1001 110 1080 post
133 981 313 1072 hortatur,
345 1000 386 1058 ot
410 985 607 1057 concedant
627 983 858 1069 mulieribus,
890 996 932 1055 ut
952 983 1020 1053 ali·
1071 981 1291 1054 nationibus.

42 1087 234 1180 quantisper
263 1099 431 1176 surgant,
470 1098 507 1157 et
534 1085 585 1156 ait
613 1107 695 1155 mos
731 1085 909 1157 redituras
936 1106 1021 1156 esse.
1171 1079 1345 1176 Hippiam
1359 1081 1537 1162 Pisistrati
1562 1093 1675 1168 lilium
1692 1097 2060 1194 interiectumessein

42 1189 170 1277 Quibus
198 1187 356 1260 dimissis
378 1188 480 1260 iubet
501 1185 743 1262 adolescentes
770 1185 910 1256 nobiles
934 1185 1021 1258 toti·
1072 1209 1114 1256 eo
1130 1185 1266 1278 praelio
1281 1183 1441 1262 scribunt
1458 1187 1583 1266 Cicero
1604 1199 1650 1268 ad
1664 1195 1823 1277 Atticum
1840 1223 1877 1282 et
1890 1208 2060 1300 lustinus.

42 1291 113 1360 dem
142 1291 293 1361 induere
324 1308 448 1361 aarum
478 1301 610 1375 restes,
642 1299 678 1360 et
706 1287 844 1379 gladios
867 1310 1021 1374 sumere,
1072 1286 1115 1358 ln
1137 1285 1250 1359 Suida
1277 1311 1362 1360 vero
1390 1289 1536 1382 legitur,
1568 1298 1808 1398 undecunque
1837 1334 1877 1384 ea
1900 1325 2060 1396 narratio

41 1389 165 1462 abditos
185 1391 255 1462 sub
277 1392 453 1478 resume,
479 1403 515 1464 et
529 1413 611 1460 curn
626 1386 755 1462 Persae
775 1411 835 1460 eos
854 1399 1021 1462 attrecta·
1071 1403 1212 1480 sumpta
1243 1401 1313 1470 est,
1341 1393 1540 1485 profligato
1574 1401 1729 1475 exemto
1758 1403 1900 1486 Persico
1928 1418 2059 1512 fugisse

42 1506 125 1576 rent,
150 1493 249 1586 ipsos
272 1493 477 1565 confodere.
536 1487 635 1561 Haec
662 1490 712 1561 ita
739 1489 954 1576 factasunt,
985 1502 1021 1561 et
1069 1485 1240 1582 Hippiam
1254 1491 1293 1558 in
1308 1488 1494 1582 Lemnum,
1520 1509 1555 1568 et
1569 1497 1621 1572 ibi
1633 1503 1762 1578 morbo
1778 1512 1971 1592 extinctum
1984 1548 2059 1598 esse

42 1593 189 1664 lasciviae
204 1617 246 1664 ac
261 1591 478 1685 petulantiae
491 1607 624 1685 poenas
638 1589 762 1681 Legati
781 1591 892 1663 iustas
909 1591 1019 1662 dede-
1070 1591 1165 1662 inter
1181 1612 1328 1684 magnos
1351 1595 1546 1686 eruciatus,
1570 1624 1651 1674 cum
1673 1605 1847 1687 amisisset
1864 1617 1997 1711 visum,
2023 1643 2058 1701 et

42 1709 123 1766 runt.
169 1693 327 1790 Fuitqoe
349 1689 410 1765 hic
424 1692 629 1766 Alexander
650 1715 805 1786 proavus
821 1687 1019 1764 Alexandri
1068 1691 1182 1785 ruptis
1207 1693 1306 1763 renis
1333 1697 1476 1784 sanguis
1505 1703 1647 1794 copiose
1677 1729 1742 1798 per
1769 1716 1892 1788 oeulos
1919 1721 2055 1802 flueret,

43 1793 162 1887 Magni,
776 1871 778 1876 ι
1067 1791 1257 1866 Perierunt
1270 1815 1352 1885 ergo
1368 1799 1473 1868 ambo
1488 1801 1554 1872 lilii
1575 1801 1751 1880 Pisistrati
1773 1803 1914 1908 tragicis
1938 1848 2055 1900 exem.

125 1895 324 1990 Aliquanto
340 1909 421 1988 post
439 1905 474 1968 et
491 1891 656 1984 lonicum
674 1893 809 1966 bellom
826 1907 1017 1990 sequutum
1068 1895 1156 1988 plis,
1181 1895 1246 1968 etsi
1264 1893 1463 1989 Hipparchi
1487 1903 1695 1995 sapientiam
1717 1911 1840 1990 laudat
1858 1918 1980 2012 Plato,
2001 1931 2055 2000 ci.

43 2013 92 2068 est.
148 1993 363 2070 Deiecerant
391 1989 488 2066 enim
519 1993 674 2066 aDario
705 1992 809 2066 lones
833 1995 873 2065 in
896 1997 1018 2068 littore
1068 2008 1147 2068 tans
1162 1996 1395 2083 eiusversus,
1418 2001 1607 2098 inscriptus
1623 2012 1747 2084 statuis
1762 2013 2053 2102 Mercurialibus:

43 2097 147 2183 Asiae,
170 2111 209 2169 et
220 2099 460 2169 incenderant
475 2095 617 2180 Sardis,
643 2117 712 2190 qua
728 2097 767 2166 in
782 2119 821 2167 re
836 2111 870 2169 et
885 2097 1016 2170 auxilia
1066 2101 1198 2192 μνῆμα
1228 2091 1312 2170 ao'd’
1343 2095 1552 2197 ἱππάρχους
1584 2105 1703 2205 στείχε
1730 2109 1858 2192 δίκαια
1887 2135 2054 2222 φρονῶν,

44 2195 302 2270 Atheniensium
319 2194 531 2272 habuerant.
575 2195 661 2269 Fuit
674 2211 792 2268 autem
806 2197 1017 2270 delectionis
1068 2197 1174 2272 ltem:
1201 2203 1334 2292 μνῆμα
1347 2195 1430 2272 τόδ’
1453 2201 1661 2304 ἱππάρχους
1685 2211 1739 2312 μὴ
1755 2213 1868 2314 φίλον
1881 2225 2055 2309 treucas.

43 2302 234 2392 praecipuus
250 2321 373 2372 suasor
389 2299 555 2384 lstiaeus,
580 2297 643 2394 qui
660 2321 741 2369 eum
758 2309 857 2370 esset·
870 2299 910 2368 in
929 2295 1016 2370 Per·
1170 2299 1347 2372 Miltiadis
1369 2325 1453 2374 vcro
1469 2305 1634 2383 interitus
1659 2321 1858 2415 exemplum
1876 2335 2055 2406 estusita-
2196 2338 2200 2346 '

44 2401 116 2470 siam
135 2417 300 2487 vocatus,
323 2402 374 2471 ibi
391 2398 564 2473 intellexit
580 2397 729 2470 Barium
746 2399 838 2470 velle
855 2397 961 2471 lonas
977 2399 1017 2470 in
1067 2414 1123 2473 tae
1146 2401 1412 2492 ingratitudinis
1434 2401 1633 2485 hominum.
1684 2414 1777 2489 Cum
1800 2427 1897 2501 enim
1919 2439 2056 2524 praeci.

44 2497 247 2575 Phoenicum
269 2503 449 2594 regionem
471 2502 678 2586 transferre,
711 2513 746 2574 et
759 2495 958 2573 Phoenices
977 2501 1017 2571 in
1068 2527 1136 2595 pue
1158 2503 1269 2596 ipsius
1292 2503 1441 2576 consilio
1461 2524 1496 2581 et
1514 2513 1724 2588 fortitudine
1737 2517 1900 2598 Persicus
1921 2540 2055 2608 exerci-

46 2599 166 2674 loniam
181 2605 369 2680 collocare.
421 2599 472 2676 lJt
484 2603 594 2693 igitur
606 2615 684 2675 tuto
699 2601 912 2692 signiticaret
925 2599 1018 2674 broc
1067 2619 1126 2678 tus
1142 2603 1479 2723 profligatusjesset,
1504 2635 1656 2710 cumque
1677 2613 1852 2696 Lemnum
1869 2631 2091 2726 adiecisset,

44 2727 197 2778 remsuae
211 2706 322 2800 genti,
344 2700 414 2775 hoc
429 2704 579 2776 consilio
593 2717 760 2776 ususest:
782 2701 1017 2775 Nuncioradi
1067 2707 1112 2777 ad
1134 2700 1276 2778 Atticae
1298 2707 1451 2778 civetatis
1467 2711 1666 2806 ¹imperium
1694 2735 1815 2812 postea
1830 2730 2054 2812 'infoeliciter

46 2807 172 2896 capillos
187 2807 313 2900 capitis
328 2805 450 2890 iussit,
475 2805 606 2877 deinde
622 2805 760 2890 literas,
785 2829 873 2899 quas
891 2805 1017 2891 voluit,
1068 2818 1201 2880 tentata
1218 2829 1321 2900 pace,
1346 2808 1394 2880 ab
1414 2809 1548 2884 invidis
1564 2833 1745 2894 acmsatus
1766 2837 1834 2914 est,
1860 2843 1894 2904 et
1910 2835 2054 2927 publice

47 2906 194 2992 incussit,
227 2908 469 3000 significantes
485 2905 732 2999 Aristagorae,
755 2903 952 2999 capitaneo
969 2907 1016 3004 ‘in
1068 2910 1274 2997 damnatus,
1307 2919 1350 2980 nt
1367 2909 1627 3008 quinquaginta
1649 2923 1798 3016 talenta,
1824 2927 1956 3021 idest,
1986 2939 2053 3011 tri.
2091 2951 2093 2956 ·

45 3003 130 3089 Asia,
162 3025 202 3082 ut
224 2995 362 3082 bellum
382 3021 551 3084 moveret.
609 3005 774 3102 Cumque
798 3029 922 3080 rursus
937 3026 1026 3088 cre-¹,
1067 3008 1292 3102 gintamillia
1307 3025 1557 3086 coronatorum
1573 3025 1751 3111 penderet.
1802 3025 1857 3103 Ac
1873 3035 1999 3113 ductus
2013 3042 2053 3115 in

46 3107 159 3182 issem
176 3111 335 3206 capilli,
369 3108 482 3182 mittit
505 3133 588 3182 eum
615 3107 951 3202 sd‘Aristagoram‚
982 3122 1019 3183 et
1067 3133 1264 3193 carcerem,
1287 3109 1340 3182 ibi
1354 3111 1538 3209 aliquanto
1555 3136 1810 3213 posttnortuus
1825 3150 1889 3209 aar.

46 3207 127 3282 iubet
147 3213 224 3284 radi
250 3211 398 3305 capillos
419 3209 565 3305 cepitis,
598 3224 633 3283 et
651 3210 762 3303 aspiu'
786 3225 903 3304 caput.
955 3207 1017 3282 ln·
1168 3210 1352 3284 Postremo
1376 3215 1419 3286 de
1438 3215 1547 3291 Dario
1570 3223 1644 3296 filt'o
1665 3222 1842 3327 Hiataspia
1858 3233 1927 3313 hoc
1948 3247 2052 3321 addo.

45 3310 165 3386 tellecto
186 3314 298 3406 igitur
318 3313 469 3384 consilio
489 3313 602 3384 movit
625 3313 760 3382 bellum
782 3311 1018 3403 Aristagoras,
1067 3309 1137 3382 Hic
1169 3312 1299 3384 Darius
1330 3315 1425 3385 lilius
1453 3315 1628 3416 Histaspis
1653 3342 1705 3401 est
1732 3335 1881 3410 maritus
1908 3339 2053 3436 Esther,

47 3415 95 3482 sed
109 3439 273 3512 oppressa
287 3412 599 3502 seditionemagna
615 3435 695 3482 cum
712 3408 1018 3487 difficultateAri-
1067 3434 1174 3506 quam
1208 3407 1357 3486 historia
1389 3439 1486 3489 sacra
1514 3427 1678 3500 nominat
1704 3423 1913 3528 Assrernm,
1953 3448 2053 3525 cuius

46 3525 181 3604 stagores
205 3517 412 3590 interiectus
440 3525 510 3601 est,
544 3525 580 3586 et
603 3525 724 3606 postea
746 3509 896 3589 latiaeus
919 3511 1018 3586 cruci
1067 3526 1226 3606 tempore
1242 3516 1385 3608 quantis
1401 3518 1440 3586 in
1461 3521 1627 3611 periculis
1644 3544 1678 3602 et
1691 3533 1843 3607 miseriis
1858 3542 1965 3620 fuerit
1980 3543 2053 3619 Ec·
2088 3614 2090 3624 ,

47 3615 164 3691 affixus,
529 3665 533 3673 .
1067 3615 1173 3692 clasis
1191 3616 1420 3706 cogitandum
1444 3635 1507 3696 est.
1557 3621 1648 3700 Nam
1669 3633 1765 3704 etin
1782 3633 1911 3714 Iudaea
1935 3643 2052 3721 adhuc

131 3717 217 3794 Erat
232 3716 302 3792 hoc
317 3733 477 3809 tempore
491 3717 573 3788 exul
587 3717 682 3809 apud
699 3713 849 3788 Darium
863 3713 1017 3809 Hippias
1069 3730 1143 3787 erat
1166 3715 1335 3810 impedita
1365 3722 1561 3796 aedificatio
1588 3733 1728 3822 templi,
1762 3751 1795 3808 et
1818 3738 1959 3818 Haman
1988 3777 2053 3844 per

47 3811 204 3894 Pisistrati
221 3821 335 3904 filins,
360 3820 424 3914 qui
437 3813 588 3890 Athenis
605 3819 832 3912 tyrannidem
847 3830 1018 3890 tenuerat.
1068 3818 1280 3889 calumniam
1295 3819 1543 3912 impetraverat
1558 3831 1713 3905 edictum
1729 3839 1774 3908 de
1790 3854 1862 3916 tota
1875 3865 1979 3936 gente
1991 3851 2052 3924 lu-

47 3909 172 3993 Etcum
187 3915 533 4014 iraterHipparchus
548 3921 753 3993 interfectus
767 3932 857 3991 esset
870 3932 1018 4012 propter
1068 3921 1237 3990 dacorum
1252 3917 1415 3994 delenda.
1467 3925 1537 3997 Sed
1552 3932 1765 4010 mirabiliter
1785 3941 1884 4016 Deus
1900 3958 2052 4041 protexit

48 4015 219 4114 libidines,
252 4038 287 4097 et
314 4035 435 4116 postea
455 4017 608 4113 Hippias
634 4021 820 4093 saeviciam
851 4021 891 4090 in
923 4021 1018 4091 cives
1068 4017 1263 4092 Ecclesiam
1288 4025 1471 4115 patefactis
1495 4031 1682 4108 calumniis
1706 4053 1742 4113 et
1765 4047 1954 4123 sceleribus
1977 4053 2051 4127 Ha-

49 4139 222 4214 eserreret‚
255 4127 378 4222 pulsus
403 4135 455 4194 cst
475 4119 638 4198 Athenis.
696 4121 879 4195 Proiectus
909 4123 1020 4214 igitur
1068 4145 1163 4192 maa.
1195 4121 1334 4194 Nomen
1343 4120 1656 4220 Esthersignificat
1668 4141 1923 4230 absconditam.
1961 4153 2052 4226 For.

49 4223 84 4286 sd
102 4225 241 4298 Darium
261 4227 389 4320 petivit
411 4246 449 4294 se
464 4223 503 4293 in
520 4225 669 4316 patriam
694 4226 829 4297 reduci.
881 4219 937 4295 Eo
953 4248 1018 4295 an·
1068 4225 1168 4295 tassis
1182 4223 1232 4294 sic
1250 4226 1432 4300 nominata
1448 4243 1520 4318 est,
1542 4237 1625 4328 quia
1640 4263 1713 4312 nou
1726 4249 1861 4335 prodiit
1875 4252 1914 4322 in
1931 4257 2052 4345 publi.
2194 4267 2199 4284 ¹

49 4331 106 4392 tem
133 4329 270 4401 facilius
298 4325 501 4420 impetrarit
528 4325 739 4410 exercitum,
777 4325 861 4421 quia
886 4321 1018 4396 Darius
1068 4347 1170 4408 cum,
1203 4347 1249 4396 ne
1278 4326 1413 4400 lormae
1436 4343 1658 4409 struerentur
1678 4343 1848 4435 insidiae,
1883 4369 1946 4426 aut
1967 4360 2050 4452 quia

49 4419 143 4498 iratus
158 4445 230 4502 erat
246 4425 526 4502 Atheniensibus
542 4441 687 4519 propter
702 4425 903 4499 societatem
919 4423 1017 4497 loni·
1068 4423 1226 4497 Ecclesia
1243 4440 1320 4498 tum
1343 4431 1481 4502 duriter
1502 4455 1667 4529 oppressa
1681 4447 1759 4521 suit.
1810 4445 1919 4543 Apud
1934 4455 2050 4530 Hero-

13 4542 122 4595 'eam
172 4532 293 4622 Quare
305 4529 402 4602 misit
416 4527 546 4600 Darius
561 4541 702 4598 rentum
715 4526 829 4600 millia
846 4527 1017 4620 peditum,
1067 4528 1191 4599 dotum
1215 4528 1324 4600 altera
1346 4532 1502 4605 coniunx
1517 4535 1618 4609 Darii
1637 4549 1965 4640 praecipuedilecta
1982 4583 2049 4632 no·

49 4637 77 4693 tt
98 4630 141 4698 to
164 4635 276 4704 millia
299 4633 478 4727 equitum,
510 4629 573 4724 qui
597 4648 676 4699 cum
701 4633 747 4700 ab
762 4624 915 4701 Athenis
941 4651 1016 4699 non
1068 4629 1227 4700 minatur
1258 4626 1460 4719 Artistona,
1499 4642 1596 4732 quod
1632 4648 1775 4719 videtur
1806 4677 1880 4726 esse
1917 4683 2049 4734 nomen

51 4724 264 4810 plusdoobus
278 4736 409 4806 nostris
422 4731 624 4802 miliaribus
638 4729 1016 4803 abessentdeliberatio
1067 4723 1215 4814 Esther,
1246 4730 1338 4803 sicut
1357 4756 1489 4808 nomen
1513 4738 1613 4814 Vasti
1634 4761 1684 4818 est
1708 4747 1848 4831 Atussa.

50 4842 113 4897 crat
134 4834 170 4903 in
193 4837 299 4921 orbe,
332 4851 379 4906 an
400 4834 539 4904 obsidio
559 4833 742 4904 toleranda
758 4846 848 4905 esset
864 4833 902 4903 in
918 4831 1018 4918 urbe,
1170 4824 1276 4902 Philo
1299 4827 1484 4908 historiam
1507 4838 1627 4917 ludith
1646 4850 1750 4922 etiam
1769 4855 1876 4932 refert
1892 4859 1936 4928 ad
1960 4875 2050 4932 tem-

51 4945 88 4994 an
102 4933 335 5010 dimicandum
352 4937 426 5006 acie
441 4959 519 5007 cum
537 4930 707 5006 hostibus.
758 4932 892 5007 Suadet
909 4935 1018 5025 igitur
1069 4943 1134 5024 pus
1149 4928 1250 5003 Darii
1265 4931 1330 5004 lilii
1347 4933 1539 5032 Histapsis,
1564 4959 1597 5016 et
1614 4965 1734 5023 narrat
1749 4948 1845 5030 hunc
1861 4957 2053 5054 Arphaehe

51 5019 233 5123 Miltiades,
271 5051 313 5111 nt
340 5037 545 5120 dimicetur,
573 5038 647 5131 qui
675 5035 866 5107 examitum
895 5031 1016 5106 decem
1068 5035 1131 5102 sad
1149 5055 1211 5105 seu
1224 5030 1388 5110 Arbacen
1404 5041 1511 5112 fuisse
1521 5041 1746 5140 Assyriorum
1763 5057 1888 5132 ducem
1904 5087 1944 5132 eo
1961 5078 2052 5136 tem-t
2191 5117 2198 5124 -

51 5129 187 5208 millium
217 5142 347 5213 civium
381 5149 427 5232 et
444 5139 543 5208 mille
580 5137 781 5212 Platecnses
810 5137 949 5220 educit,
982 5151 1018 5210 ct
1068 5157 1172 5229 pore,
1198 5160 1270 5230 quo
1292 5162 1312 5209 a
1335 5138 1430 5236 Cyro
1451 5145 1614 5236 absente,
1639 5177 1718 5224 cum
1743 5157 1930 5258 aTomyri
1951 5189 2053 5237 eser-³

52 5247 163 5320 magno
179 5241 311 5337 impetu
324 5243 471 5328 adortus
488 5235 626 5326 hostes,
650 5263 691 5312 ac
704 5239 827 5314 moltis
846 5238 963 5312 Persis
977 5238 1016 5310 in
1069 5237 1159 5310 citus
1179 5238 1255 5308 cius
1277 5243 1474 5316 trucidatus
1493 5262 1598 5337 esset,
1625 5269 1659 5326 et
1675 5252 1847 5334 Chaldaei
1862 5277 1896 5334 et
1911 5259 2052 5362 Assyrii

52 5333 149 5416 prima
164 5343 234 5414 acie
250 5345 445 5438 trucidatis,
468 5340 642 5434 reliquam
657 5339 1017 5418 multitudinemPcr-
1067 5339 1284 5411 deiecissent.
1334 5341 1413 5415 Etsi
1436 5359 1550 5420 erstem
1573 5354 1617 5424 de
1633 5369 1790 5450 tempore
1804 5357 1972 5437 historiae
1987 5365 2053 5442 lu-

53 5427 145 5508 ricam
158 5443 273 5535 fugere
286 5449 391 5537 00th
1069 5437 1147 5513 dish
1171 5437 1500 5536 disputare'noliru,
1533 5468 1650 5527 temen
1670 5459 1830 5532 existimo
1854 5487 1930 5535 eam
1951 5486 2051 5545 ante.
2183 5443 2185 5451 Α

96 5537 262 5618 Marassa.
284 5552 489 5624 Oreas.Vor..
504 5549 584 5620 Xll.
837 5559 839 5564 '
1459 5547 1506 5622 51
1791 5573 1795 5580 '

1972 5757 2023 5766 ...-
