4706 5818
221 274 296 350 oor
464 264 675 348 scauro
700 265 778 344 ru.
803 261 923 347 trun.
948 263 1016 343 an
1041 265 1171 350 ntsr.
1195 263 1341 346 enon.
1365 258 1434 342 ur
1459 261 1652 344 runos
1678 237 2001 349 senosanam.
2170 278 2254 353 soa

228 461 286 532 ut,
312 466 392 516 eum
413 439 541 514 Franci
567 441 636 512 late
661 441 949 524 dominarentur,
977 465 1102 534 magna
1126 463 1206 534 pars
1358 442 1472 510 nouas
1487 445 1700 528 Herminium,
1724 449 1809 514 nudo
1832 454 1883 514 oni
1896 453 2106 520 verumtaten

231 543 444 620 Germaniae
462 557 496 614 et
511 540 651 612 Galliae
669 535 838 612 Francia
854 545 1030 614 dictaest.
1358 545 1525 629 Caesaries,
1552 551 1686 634 nudique
1698 551 1836 634 humeri,
1862 576 1917 618 nee
1931 559 2056 620 vulnera
2069 569 2195 620 terrent.

325 642 461 714 Heneti
483 642 652 715 aVistula
665 645 710 713 ad
729 645 851 714 Albim
870 647 1118 733 procedentes,
1145 645 1207 714 de·
1358 647 1476 738 'septus
1489 656 1522 712 in
1537 671 1620 714 arma
1642 666 1752 735 patet..

232 753 361 819 derunt
381 769 490 816 novas
504 745 758 837 appellationes
775 744 912 816 Silesiis
928 759 962 815 et
979 747 1102 816 multis
1118 745 1208 814 vici·
1256 741 1354 814 Haec
1379 746 1423 815 de
1440 739 1605 840 Augusti
1627 748 1847 840 temporibus
1869 767 2060 826 annotasse
2078 753 2165 824 satis
2184 754 2244 838 sit,

32 939 42 952 .
133 890 136 896 ·
232 851 305 934 nis,
338 850 401 917 etsi
427 869 491 936 ego
523 845 666 939 quidem
690 845 871 931 existimo,
911 845 1068 918 Henetus
1100 846 1206 916 etiarn
1256 847 1301 914 de
1327 869 1396 938 qua
1422 847 1618 937 cogitantes
1648 851 1882 942 praesentiam
1904 847 1985 922 Dei
2015 853 2054 922 in
2077 853 2243 945 imperiis

233 965 313 1020 atate
346 944 514 1019 Gottbica
547 961 704 1038 tempora
743 947 871 1018 mixtos
903 949 1011 1017 fuisse
1043 947 1207 1038 gentibus
1255 969 1497 1035 agnoscamus.
1548 945 1640 1020 Cum
1662 963 1756 1022 totus
1780 950 1878 1022 orbis
1892 965 2066 1023 terrarum
2084 956 2246 1026 extincto
2344 991 2345 998 .

232 1049 457 1134 Teutonicis,
493 1047 575 1139 quia
595 1045 694 1118 Dion
719 1071 877 1138 expresse
910 1049 1049 1134 scribit,
1084 1047 1208 1120 Albim
1257 1045 1370 1134 lulio,
1404 1048 1570 1121 civilibus
1589 1051 1693 1120 bellis
1715 1053 1872 1137 arderet,
1903 1049 2000 1123 Deus
2023 1049 2120 1126 hunc
2141 1057 2247 1125 iuve-

144 1195 149 1208 .
225 1152 319 1221 ,oriri
336 1152 373 1218 in
392 1149 572 1218 montibus
582 1146 796 1218 Vandalicis.
1256 1172 1359 1233 nem,
1395 1148 1457 1242 qui
1481 1173 1556 1220 non
1577 1163 1653 1222 erat
1680 1152 1889 1244 praeliator,
1920 1154 2132 1226 mirabiliter
2156 1158 2247 1226 texit

332 1251 439 1343 Apud
458 1247 622 1319 Tacitum
639 1261 721 1321 sunt
735 1246 885 1345 Elysii,
913 1249 1076 1320 videlicet
1088 1248 1206 1321 Silesii
1257 1261 1291 1319 et
1306 1249 1462 1335 adiuvit,
1488 1262 1521 1321 et
1535 1274 1600 1342 per
1613 1275 1694 1321 eum
1709 1253 1864 1324 restitnit
1878 1255 1916 1322 in
1942 1255 2093 1348 imperio
2109 1280 2247 1348 pacem,
2288 1321 2293 1332 ,

233 1365 293 1423 aut
306 1350 443 1422 Lusatii
454 1403 465 1434 ,
491 1362 622 1421 mutata
640 1373 725 1420 voce
743 1352 782 1420 in
798 1377 924 1422 sonum
942 1351 1207 1440 elegantiorem.
1256 1350 1368 1439 leges,
1402 1350 1552 1435 iudicia,
1592 1365 1632 1434 et
1656 1355 1923 1441 gubernationis
1952 1355 2135 1438 ordinem,
2168 1382 2244 1450 quo

333 1451 409 1522 llac
424 1451 524 1521 brevi
535 1451 721 1521 nominum
734 1454 1014 1546 explicationein
1029 1451 1096 1522 hoc
1111 1475 1207 1522 com·
1256 1451 1353 1521 stetit
1378 1451 1635 1544 aliquantisper
1657 1456 1702 1522 ad
1727 1468 1882 1544 posteros
1905 1449 1991 1526 haec
2020 1453 2245 1530 monarchia.

231 1553 362 1644 pendio
378 1551 536 1621 contenti
549 1551 670 1623 simus.
777 1589 786 1604 ν
1256 1549 1321 1622 Est
1336 1550 1445 1642 igitur
1462 1552 1642 1642 Augustus
1658 1553 1751 1625 inter
1765 1556 1958 1647 sapientes,
1981 1559 2097 1627 bonos
2119 1571 2153 1631 et
2167 1558 2245 1630 uti·

331 1647 467 1746 Pugna
481 1648 680 1722 Harminii
690 1654 780 1723 lacta
797 1669 847 1726 est
862 1654 1110 1727 inWestvalia
1131 1675 1206 1723 non
1255 1651 1306 1720 les
1322 1653 1442 1742 generi
1459 1647 1615 1734 humano
1633 1655 1812 1748 principes
1829 1661 2083 1752 numerandus,
2101 1673 2136 1728 et
2152 1683 2242 1728 con-

232 1756 389 1846 procula
408 1753 606 1839 Padeborn‚
632 1754 726 1824 inter
741 1755 870 1824 fluvios
880 1754 1044 1848 Lippiam
1060 1768 1093 1825 et
1104 1755 1208 1826 Ami·
1256 1753 1485 1822 siderandum
1510 1770 1578 1839 est,
1620 1777 1784 1846 magnam
1809 1758 2030 1850 sequentium
2053 1758 2242 1830 dissimili-

233 1858 332 1928 siam.
385 1853 445 1926 Sic
471 1855 567 1924 enim
588 1853 733 1925 Tacitus
761 1877 920 1946 expresse
942 1857 1074 1950 inquit:
1107 1854 1208 1944 Qua·
1256 1855 1417 1924 tudinem
1433 1877 1526 1939 esse,
1550 1867 1589 1926 nt
1613 1857 1710 1928 oona
1724 1857 1789 1930 Dei
1814 1859 2056 1948 discernamus
2082 1880 2102 1928 a
2129 1860 2242 1952 pesti·

232 1979 371 2048 cunque
396 1967 567 2025 vastatum
590 1949 684 2026 haud
702 1958 824 2048 procul
839 1955 1122 2046 Teutoburgensi
1137 1957 1207 2026 sal·
1256 1955 1323 2027 bus
1337 1956 1476 2046 generis
1490 1951 1652 2032 humani.

232 2073 293 2137 tu,
319 2057 357 2124 in
375 2081 445 2148 quo
453 2056 632 2148 'reliquiae
643 2053 730 2127 Vari
743 2057 943 2149 legionum,
966 2083 1096 2151 eaeque
1113 2059 1206 2128 inse·

232 2159 352 2250 pultae
377 2157 598 2227 dicebantur.
664 2153 719 2226 Ibi
742 2155 952 2230 Herminius
977 2153 1208 2232 durr'Cheru·
1357 2157 1464 2228 Anno
1489 2157 1616 2228 mundi
1643 2173 1697 2230 ter
1723 2157 1931 2246 millesimo,
1968 2163 2239 2252 nongentesimo

232 2283 371 2330 ssorum
385 2258 759 2346 etLongobardorum,
782 2259 989 2330 utVelleius
1005 2274 1142 2344 narrat,
1168 2261 1207 2328 id
1257 2259 1512 2350 septuagesimo
1537 2282 1646 2329 nono.

186 2398 192 2409 .
233 2374 301 2444 est,
326 2354 452 2428 barrum
467 2358 651 2448 regionum
670 2359 898 2430 interAlbim
915 2375 949 2432 et
964 2363 1097 2456 sylvam
1113 2359 1208 2430 Har·
1358 2359 1467 2430 Anno
1483 2384 1502 2428 a
1520 2359 1662 2431 condita
1677 2355 1795 2431 Roma
1816 2360 2125 2452 septingentesimo
2139 2385 2240 2434 sexa·

233 2461 383 2544 siniam,
408 2483 497 2552 quae
514 2483 610 2529 nunc
623 2462 765 2552 proprie
781 2486 911 2532 nornen
933 2459 1066 2533 habent
1082 2457 1207 2531 Saxo-
1255 2459 1388 2551 gesimo
1405 2460 1566 2553 septimo.

234 2558 341 2644 niae,
366 2582 427 2656 seu
449 2561 603 2650 regionis
618 2561 942 2653 Meideburgensis‚
970 2561 1208 2633 Goslariensis
1358 2562 1467 2633 Anno
1493 2586 1514 2633 a
1541 2575 1625 2634 nato
1648 2550 1802 2632 Christo
1832 2583 1872 2630 err
1902 2560 2041 2654 virgine
2065 2564 2239 2655 septimo-

235 2676 268 2731 et
285 2659 573 2742 Brunsvicensis‚
600 2663 731 2733 delevit
753 2677 824 2734 tres
838 2661 1020 2736 Romanas
1041 2664 1208 2753 legiones,
1256 2661 1406 2734 decimo.

234 2756 396 2858 Quintil.
415 2757 460 2836 V
456 2786 546 2832 orus
562 2763 631 2832 sibi
649 2763 715 2856 ipsi
733 2779 878 2848 mortem
901 2766 1080 2838 conscivit.
1131 2760 1208 2836 Ro·
1357 2759 1395 2832 T
1396 2759 1532 2833 iberius
1565 2759 1764 2858 imperator
1792 2761 1959 2834 successit
1982 2757 2171 2856 Augusto,
2203 2781 2239 2836 et

232 2887 310 2932 mae
339 2863 419 2934 ideo
450 2877 547 2935 tanta
579 2867 814 2935 consternatio
838 2867 926 2951 luit,
967 2879 1008 2936 ut
1029 2867 1208 2955 Augustus
1257 2864 1375 2934 statim
1398 2864 1502 2935 initio
1522 2862 1674 2934 Senatus
1695 2864 1732 2932 in
1759 2863 1833 2934 eius
1850 2877 1926 2935 acta
1942 2864 2087 2936 iuravit.
2141 2865 2238 2936 Fue·

235 2987 337 3056 saepe
361 2965 585 3034 exclamaret:
621 2963 777 3053 Quintili
797 2969 904 3036 redde
926 2969 1100 3057 legiones,
1125 2966 1208 3059 quia
1257 2977 1312 3035 rat
1328 2979 1445 3036 autem
1460 2967 1646 3057 adoptatus
1658 2965 1703 3033 ab
1720 2965 1891 3054 Augusto,
1912 2989 1991 3034 cum
2010 2981 2099 3037 esset
2111 2965 2239 3037 Liviae

234 3066 437 3154 metuebant
456 3064 683 3135 Herminium
706 3081 799 3138 recta
821 3071 859 3136 in
878 3067 1016 3138 ltaliam
1039 3067 1210 3137 transitu·
1258 3067 1373 3156 lilius,
1399 3080 1432 3136 et
1447 3065 1671 3158 prudentiam
1687 3087 1726 3134 ac
1743 3065 2090 3156 circumspectionem
2107 3067 2184 3137 eius
2199 3069 2239 3137 in

236 3190 315 3235 rum
332 3189 423 3249 esse,
446 3179 488 3234 ut
503 3167 589 3234 olim
605 3164 743 3236 Cimbri
759 3167 924 3239 fecerant.
978 3167 1047 3238 Sed
1062 3181 1135 3236 arte
1152 3190 1211 3235 re·
1259 3166 1420 3256 regendis
1435 3165 1644 3236 exercitibus
1658 3164 1838 3254 Augustus
1856 3167 2049 3258 probasset.
2101 3167 2239 3239 Tenuit

235 3287 375 3357 pressus
389 3278 439 3335 est
455 3264 684 3352 Harminius,
710 3267 794 3360 quia
818 3271 985 3337 adversus
1002 3292 1081 3340 eum
1099 3267 1210 3336 vicini
1260 3267 1448 3358 imperium
1465 3286 1578 3337 annos
1594 3264 1722 3354 viginti
1738 3279 1817 3336 tres.
1865 3265 1986 3336 Mores
2001 3269 2130 3358 privati
2147 3294 2238 3362 qua·

236 3367 402 3437 conducti
416 3380 499 3437 sunt
509 3420 519 3454 ,
542 3369 587 3437 ab
602 3366 710 3438 altera
735 3384 833 3460 parte
848 3369 1007 3456 Boiemi,
1032 3371 1077 3440 ab
1101 3371 1211 3440 altera
1259 3369 1310 3438 les
1325 3369 1476 3455 fuerint,
1502 3367 1739 3457 significanter
1753 3365 1908 3437 ostendit
1923 3368 2113 3460 descriptio
2129 3369 2239 3439 Prae-

234 3467 353 3538 Suevi.
1260 3470 1430 3559 ceptoris,
1469 3493 1549 3538 cum
1577 3466 1778 3539 nominavit
1808 3491 1889 3536 eum
1919 3469 2035 3539 lutum
2064 3471 2239 3560 sanguine

337 3565 404 3638 His
428 3564 591 3641 hostibus
604 3569 748 3639 domitis
765 3570 873 3640 crevit
888 3569 1068 3640 Harminii
1084 3583 1210 3660 poten·
1260 3582 1487 3642 maceratum.
1537 3567 1622 3638 Fuit
1638 3567 1733 3638 enim
1748 3581 1872 3638 natura
1890 3567 2065 3654 insuavis,
2092 3570 2240 3654 ironica,

236 3670 297 3754 tia,
318 3693 398 3738 cum
414 3670 483 3739 iam
500 3683 634 3741 teneret
648 3667 710 3740 bas
726 3671 885 3760 regiones
899 3673 1095 3756 continuas,
1120 3695 1211 3764 quae
1261 3683 1295 3740 et
1310 3670 1496 3740 saeviciam
1512 3669 1768 3762 aliquantisper
1781 3668 1971 3754 occultans,
1985 3683 2020 3742 et
2035 3683 2155 3740 tamen
2171 3673 2240 3740 im-

236 3793 333 3842 nunc
349 3771 582 3842 nominantur
601 3770 817 3856 Westvalia,
841 3769 1021 3854 Barcinis,
1046 3770 1212 3856 Saxonia,
1262 3793 1372 3862 pura,
1397 3795 1499 3841 saeva
1520 3795 1560 3839 ac
1578 3770 1712 3862 lupina.

236 3865 419 3956 Marchia,
444 3870 587 3965 Mysnia
607 3885 640 3940 et
664 3867 857 3956 Bohemia,
892 3897 1062 3966 quarum,
1088 3871 1117 3940 si
1139 3873 1210 3941 sint
1362 3872 1469 3942 Anno
1491 3870 1756 3966 quintodecimo
1780 3867 1919 3940 Tiberii
1943 3861 2120 3941 Chrr'stns
2142 3896 2238 3943 anno

238 3971 446 4040 coniunctae
459 3985 493 4041 et
507 3973 708 4058 concordes,
733 3973 902 4061 magnum
919 3976 1029 4044 robur
1045 3995 1118 4043 esse
1134 3997 1211 4043 ma·
1260 3971 1436 4043 tricesimo
1469 3971 1593 4044 aetatis
1624 3994 1707 4041 suae
1733 3971 1926 4059 baptisatus
1956 3985 2009 4043 est
2030 3995 2051 4041 a
2073 3969 2238 4044 Iohanne

238 4073 402 4142 nilestum
423 4084 484 4144 est.
1260 4072 1429 4164 Baptista.
1481 4071 1643 4163 Suntque
1666 4069 1818 4141 illustria
1842 4071 2044 4142 testimonia
2060 4073 2240 4164 baptismo

339 4169 430 4244 Curn
463 4184 578 4243 autern
612 4195 725 4244 annos
757 4174 945 4244 duodecim
978 4188 1056 4265 post
1079 4175 1210 4245 deletas
1261 4175 1401 4258 addita,
1434 4174 1472 4243 in
1500 4173 1630 4268 quibus
1661 4195 1698 4242 se
1726 4171 1822 4242 Deus
1850 4173 2034 4243 manifeste
2064 4175 2242 4264 patefecit,

240 4270 409 4360 Quintilii
434 4275 587 4363 legiones
607 4275 757 4366 patriam
778 4289 812 4344 et
836 4275 968 4344 vicinas
981 4276 1139 4366 regiones
1154 4275 1210 4344 vi·
1261 4299 1350 4369 quae
1367 4275 1550 4365 cogitanda
1565 4285 1647 4344 sunt
1662 4273 1821 4367 quotidie
1838 4270 1876 4341 in
1892 4273 2136 4357 invocatione,
2158 4299 2240 4344 curn

240 4387 315 4443 ctor
330 4375 507 4465 tenuisset,
532 4387 563 4444 et
580 4399 653 4445 non
673 4377 787 4446 solum
802 4376 915 4446 virtus
933 4375 1018 4461 eius,
1042 4378 1102 4447 sed
1116 4388 1210 4448 aetas
1262 4376 1495 4447 discernimus
1527 4387 1684 4445 nostram
1717 4374 1978 4444 invocationem
2012 4375 2058 4445 ab
2088 4370 2242 4461 ethnica,

240 4476 342 4545 etiam
366 4476 600 4546 formidabilis
625 4489 732 4563 esset,
759 4478 842 4547 dolo
859 4477 997 4548 Tiberii
1019 4477 1210 4569 imperato-
1261 4491 1486 4567 agnoscentes
1509 4489 1690 4547 aeternum
1713 4487 1867 4568 patrem,
1904 4474 2018 4544 filium
2041 4472 2241 4546 Dominum

240 4577 289 4646 ris
311 4578 450 4668 cognati
473 4578 582 4667 ipsius
607 4579 772 4649 conducti
780 4632 792 4663 ‚
817 4579 1008 4650 domicum
1026 4579 1210 4649 intersece-
1260 4593 1422 4650 nostrum
1442 4576 1558 4649 lesum
1582 4571 1784 4662 Christum,
1811 4587 1846 4645 et
1870 4573 2046 4668 Spiritum
2068 4589 2242 4662 sanctum,

240 4693 333 4747 runt.
386 4676 433 4749 Et
452 4692 572 4750 narrat
595 4678 740 4751 Tacitus
762 4681 982 4749 interfectum
1012 4703 1084 4749 esse
1113 4705 1208 4752 anno
1262 4693 1297 4752 et
1320 4681 1512 4771 cogitantes
1538 4701 1602 4749 cur
1623 4679 1759 4751 miserit
1775 4688 1937 4747 aeternus
1956 4689 2056 4770 pater
2074 4677 2188 4747 filium
2204 4693 2242 4748 et

241 4780 361 4847 aetatis
377 4803 458 4850 snae
473 4781 650 4852 tricesimo
665 4781 825 4872 septimo.
864 4779 948 4851 Fuit
964 4781 1073 4870 igitur
1087 4781 1209 4872 singu·
1262 4780 1436 4872 Spiritum
1460 4793 1629 4855 sanctum.
1681 4777 1751 4850 Hic
1770 4799 1893 4848 rursus
1916 4779 2134 4848 admonendi
2155 4793 2241 4849 sunt

239 4876 324 4948 laris
346 4893 491 4951 naturae
514 4883 745 4974 praestantia,
772 4905 851 4950 cum
873 4881 1011 4952 iuvenis
1026 4895 1210 4953 restantas
1262 4882 1421 4954 iuniores
1449 4883 1493 4953 de
1524 4881 1765 4972 praedictione
1786 4876 1966 4964 Danielis,
1999 4877 2101 4950 euius
2130 4881 2240 4950 verba

238 4980 392 5069 gesserit.
444 4981 602 5054 Tantum
627 4982 723 5052 eninr
750 4982 904 5054 triennio
929 4985 1109 5077 superavit
1122 4983 1210 5056 Ale·
1262 5008 1341 5054 curn
1363 4985 1408 5056 de
1428 4983 1549 5056 multis
1570 4982 1707 5072 magnis
1727 4982 1833 5053 rebus
1856 5001 1923 5052 nos
1938 4981 2090 5052 doceant
2104 4993 2138 5052 et
2151 5004 2241 5050 con-

237 5080 363 5152 xandri
380 5093 539 5155 aetatem.
1261 5085 1420 5170 firment,
1452 5107 1552 5176 saepe
1583 5083 1769 5173 cogitanda
1798 5095 1893 5157 sunt.
1943 5077 2241 5172 Compleetuntur

332 5177 507 5251 Existimo
523 5182 712 5272 Virgilium
737 5185 780 5254 ad
803 5179 898 5254 hunc
910 5181 1139 5257 Harminium
1156 5187 1209 5256 al·
1263 5187 1358 5257 enim
1372 5179 1557 5276 Evangelii
1571 5205 1765 5266 summam,
1787 5198 1823 5256 et
1846 5183 1954 5254 simul
1972 5183 2134 5254 indicant
2148 5196 2242 5252 tem·

237 5279 368 5366 ludere,
382 5305 461 5353 cum
478 5282 588 5351 alium
599 5288 774 5374 quendam
791 5281 859 5355 hoc
873 5285 1017 5357 nomine
1028 5288 1208 5366 describit.
1261 5311 1346 5379 pus,
1379 5312 1449 5382 quo
1469 5284 1680 5358 Messias⁷et
1710 5284 1984 5357 concionaturus
2015 5299 2050 5356 et
2071 5306 2240 5377 passurus

234 5377 319 5454 Fuit
339 5381 432 5454 enim
449 5377 646 5454 Cheruscos
663 5383 872 5458 Harminius
885 5385 1022 5462 Romae
1037 5391 1154 5462 obses:
1238 5397 1239 5400 ’
1261 5404 1346 5478 erat,
1368 5402 1480 5461 stante
1495 5382 1611 5462 adhuc
1627 5385 1861 5486 lerosolyma‚
1884 5400 1920 5459 et
1936 5386 2127 5460 adfirmant
2141 5387 2241 5456 lutu-
