4604 5804
122 3626 129 3636 ’
245 3653 420 3712 summam
444 3625 685 3707 autoritatem,
717 3637 751 3693 et
774 3618 927 3690 removit
949 3613 1140 3700 Oratores,
1172 3637 1235 3708 qur

900 1118 926 1144 ··
1009 1090 1518 1177 clinomcort.

241 1375 430 1480 Degerunt
443 1377 608 1455 historias
634 1381 802 1456 omnibus
823 1384 997 1456 aetatibus
1019 1381 1125 1458 etiam
1139 1379 1233 1456 Eth-
1284 1383 1466 1465 tum‚.scd
1484 1384 1598 1458 multo
1611 1381 1790 1475 magis'ad
1814 1387 2127 1478 praemonitionem
2148 1389 2183 1461 ie
2201 1415 2244 1461 ee.

242 1493 334 1580 nici,
357 1506 391 1563 et
409 1487 492 1582 quia
509 1485 664 1574 cognitio
688 1510 753 1578 per
773 1508 845 1557 sese
869 1488 1061 1577 expetitur,
1093 1500 1127 1557 et
1150 1486 1232 1580 quia
1283 1482 1408 1552 vendis
1425 1487 1539 1558 causis
1561 1479 1791 1556 horribilium
1816 1487 2053 1561 mutationum
2075 1506 2109 1563 et
2127 1493 2244 1562 calani-

241 1594 281 1662 in
303 1591 470 1684 exemplis
486 1587 700 1680 multiplices
720 1589 1076 1659 commonefa'ctiones
1098 1611 1231 1679 propo·
1282 1594 1415 1670 tatum,
1439 1610 1521 1658 cum
1535 1587 1657 1676 regula
1670 1588 1884 1659 universalis
1896 1589 1959 1661 eir:
1985 1587 2130 1663 Aemeia
2145 1593 2245 1662 delict,

241 1709 395 1779 nuntur,
419 1705 496 1763 turn
518 1691 562 1758 dc
574 1689 731 1782 privatae
747 1689 840 1761 vitae
857 1690 1001 1778 officiis,
1027 1702 1061 1763 et
1082 1692 1127 1759 de
1149 1713 1232 1758 cau·
1284 1685 1484 1776 puniuntur
1499 1689 1678 1759 atrocibus
1691 1689 1815 1781 poenis
1832 1691 1870 1759 in
1885 1685 1953 1763 hac
1967 1693 2050 1768 vita.
2107 1691 2245 1764 Recitant

242 1801 290 1870 sis
321 1794 580 1877 calamitatum,
614 1798 690 1862 tum
712 1815 796 1861 vero
822 1793 867 1862 de
890 1792 1048 1862 consiliis
1070 1791 1232 1881 publicae
1282 1781 1450 1858 historiae
1468 1790 1629 1860 omnium
1652 1804 1853 1881 temporum
1876 1794 2055 1885 exempla,
2086 1796 2129 1865 dc
2148 1795 2246 1886 poenis

131 1929 137 1941 “
240 1893 527 1994 gubernationis,
551 1893 645 1965 et'de
660 1894 773 1964 causis
792 1893 985 1964 multarum
1002 1889 1231 1962 horribilium
1282 1883 1601 1978 blasphemiarum,
1634 1891 1894 1984 periuriorum,
1926 1896 2245 1987 tyrannicaecrude·

239 2001 477 2076 mutationum
498 1995 537 2064 in
559 1995 737 2088 imperiis,
775 1994 864 2066 sicut
893 1995 1098 2084 gravissime
1123 1991 1232 2086 Poly·
1283 1988 1414 2075 litatis,
1450 1993 1685 2078 seditionum,
1718 1992 1974 2084 flagitiosamos
1997 1996 2196 2082 libidinum,
2222 2007 2246 2064 et

240 2108 323 2180 hius
350 2099 489 2194 inquit:
529 2095 710 2170 Historiae
737 2097 976 2188 cognitionem
997 2117 1070 2166 esse
1092 2093 1233 2166 verissi-
1283 2091 1509 2182 rapinarum,
1545 2117 1797 2188 quaelpoenae
1822 2095 2025 2166 testimonia
2047 2114 2127 2168 sunt
2150 2095 2246 2192 prosi·

240 2215 336 2280 mam
351 2201 613 2274 institutionem
633 2214 667 2270 et
681 2199 986 2296 praeparationem
1008 2200 1052 2267 ad
1077 2197 1232 2296 actiones
1284 2189 1425 2262 dentiae
1457 2205 1491 2263 et
1522 2193 1645 2264 indicii
1673 2191 1807 2282 divini,
1848 2209 1882 2265 et
1904 2191 2035 2268 harum
2056 2199 2246 2289 regolamn:

241 2307 423 2408 politicas,
447 2318 482 2376 et
502 2303 674 2373 illustrem
696 2302 897 2390 magistram
923 2302 966 2369 ad
988 2297 1233 2390 perferrendas
1283 2289 1365 2362 Non
1382 2288 1633 2366 habehitDeus
1647 2296 1837 2380 insontem,
1851 2297 2057 2391 quicunque
2070 2321 2246 2392 vaneusur7

242 2408 525 2484 fortunaevices.
577 2399 655 2474 Etsi
671 2416 787 2472 autem
803 2403 846 2472 de
863 2402 1004 2495 Polybii
1027 2402 1121 2470 dicto
1136 2421 1233 2468 rrunc
1285 2406 1346 2484 pat
1367 2419 1496 2466 nomen
1518 2397 1604 2469 eius.
1664 2393 1770 2466 Item:
1811 2393 1884 2485 Qui
1909 2398 2070 2486 gladium
2095 2399 2247 2492 acceperit,

241 2537 318 2590 non
333 2511 492 2604 disputo:
517 2521 635 2578 tamen
652 2505 876 2573 manifestum
891 2515 954 2582 est,
976 2501 1132 2592 exempla
1146 2521 1233 2569 con·
1283 2495 1401 2584 gladio
1418 2497 1559 2587 peribit.
1612 2493 1699 2568 ltem
1718 2498 2010 2586 delibidinihuss
2045 2498 2167 2572 Omnis
2185 2499 2247 2568 ani-

241 2617 404 2694 siliomm
430 2612 469 2680 in
499 2607 756 2702 gubernatione
780 2605 932 2674 multum
951 2605 1127 2693 prodesse.
1185 2597 1235 2670 Ut
1284 2618 1362 2680 ma,
1401 2620 1490 2689 quae
1509 2597 1633 2667 feccrit
1652 2597 1936 2670 abominationes
1966 2596 2051 2688 has,
2089 2602 2246 2674 delebitur.

241 2721 328 2794 urbs
342 2715 461 2790 Roma
480 2707 686 2806 praecipuas
709 2709 819 2796 leges,
845 2719 880 2776 ct
901 2703 1116 2798 indiciorum
1135 2699 1235 2771 o'rdi-
1285 2695 1390 2768 Item:
1417 2693 1497 2772 Veh
1514 2699 1574 2792 qui
1590 2698 1730 2792 spolias,
1747 2699 1829 2793 quia
1845 2699 2069 2792 spoliaberis.
2100 2699 2144 2774 Et
2159 2711 2247 2794 potest
2277 2693 2278 2720 ³

241 2845 326 2895 nem
341 2813 474 2906 accepit
491 2837 510 2885 a
528 2812 668 2884 civitate
684 2806 812 2880 Attica.
863 2805 975 2899 Saepe
990 2804 1235 2904 etiamsingu·
1286 2823 1351 2870 ceu
1373 2823 1561 2870 commune
1584 2814 1829 2888 argumentum
1854 2800 2003 2876 inscribi
2029 2805 2186 2878 omnihus
2205 2799 2248 2872 hi·
2277 2797 2278 2850 ἒ

241 2919 331 2996 laria
356 2918 514 3007 exempla
538 2913 636 2983 illins
658 2909 892 3002 Reipublicae
923 2908 1059 2979 imitata
1082 2919 1164 3004 est,
1191 2917 1233 2974 ut
1285 2899 1419 2972 storiis:
1446 2898 1578 2976 Discite
1596 2899 1771 2972 iusticiam
1792 2901 1939 2988 moniti,
1966 2915 2001 2976 et
2026 2931 2101 2980 non
2120 2922 2247 2980 temnere

243 3051 325 3100 cum
357 3041 547 3094 usurarum
582 3013 789 3102 magnitudo
823 3010 986 3100 praebuit
1014 3009 1233 3078 occasionem
1285 2999 1408 3077 Divos.

244 3121 497 3202 seditionibus,
523 3115 711 3189 consilium
728 3111 871 3184 Solonis
890 3123 1006 3179 secuta
1025 3121 1076 3178 cst
1094 3110 1139 3178 de
1163 3127 1234 3178 σει·
1313 3123 1316 3130 ’

170 3279 178 3294 .
245 3220 427 3322 negrisia,
451 3235 486 3292 et
500 3217 634 3306 redegit
654 3237 778 3288 usuras
801 3214 847 3282 ad
869 3211 1085 3285 centesimas.
1145 3206 1234 3278 Item

245 3353 325 3404 cum
350 3325 536 3396 interfecto
555 3317 672 3403 lulio,
700 3315 815 3387 sanxit
836 3313 987 3386 Senatus
1011 3305 1234 3406 ἀμνηστίαν,

243 3447 286 3505 ut
305 3432 436 3501 fecerat
452 3419 604 3496 Athenis
616 3415 876 3513 Thrasybulus.
927 3411 976 3486 Dt
994 3427 1035 3484 ut
1049 3413 1235 3508 Lysander

244 3527 442 3608 inGraecia
457 3523 640 3596 constituit
652 3513 881 3620 ὀλιγαρχίαν,
903 3539 942 3586 ac
957 3516 1090 3608 populo
1104 3513 1236 3630 ademit
1286 3561 1421 3630 dictum
1447 3571 1498 3629 est
1528 3555 1799 3648 mmmmm
1839 3557 1950 3658 ὕβρις
1976 3561 2044 3636 καὶ
2069 3558 2251 3662 Μάγνητας

1388 3149 1528 3222 Deinde
1544 3155 1589 3226 de
1605 3157 1727 3228 multis
1742 3153 1978 3247 peculiaribus
1993 3161 2148 3252 negociis
2160 3155 2248 3228 histo·

1286 3255 1339 3325 ria
1354 3267 1487 3327 monet.
1527 3253 1640 3348 Saepe
1653 3257 1799 3330 fuerunt
1812 3259 1968 3332 infelicia
1984 3263 2146 3344 foedera,
2169 3280 2249 3352 prae·

1285 3357 1408 3427 sertim
1424 3355 1628 3443 dissimilia,
1660 3371 1696 3430 et
1719 3359 1801 3452 quia
1825 3359 1953 3430 fiducia
1974 3364 2189 3455 propriarum
2209 3357 2251 3424 si-

1285 3459 1379 3530 rium
1395 3470 1446 3527 est
1459 3457 1616 3528 insolens
1629 3472 1664 3528 et
1677 3460 1812 3530 infelix.
1855 3459 1959 3532 Unde
1975 3465 2150 3557 sequitur,
2174 3459 2249 3554 qood

518 3725 534 3744 ..
722 3723 731 3740 .
1108 3716 1144 3734 ..
1209 3714 1219 3730 .
1287 3651 1469 3748 ἀπώλεσε,
1491 3655 1554 3730 καὶ
1568 3663 1790 3757 Κολοφῶνα.
1842 3661 1891 3736 Et
1911 3667 2049 3738 accedit
2073 3663 2153 3752 hoc,
2175 3660 2249 3756 quod

245 3736 419 3832 populum
437 3727 676 3800 concitabant:
703 3744 752 3794 src
768 3719 906 3794 Romae
919 3717 1017 3813 Sylla
1037 3717 1235 3786 debilitavit
1286 3783 1409 3834 mum
1425 3759 1614 3834 dissimiles
1635 3747 1740 3848 amp
1765 3765 1828 3835 ubi
1851 3767 1966 3838 multi·
1980 3767 2165 3841 diuimsses
2184 3785 2250 3834 con·-

245 3833 471 3911 lribunffiim
492 3839 708 3920 ll⁰ie⁸i³²⁰¹ffi
763 3820 890 3892 P⁰⁵¹⁶³
914 3815 1095 3910 ‘iugum'
1120 3828 1233 3888 mmm
1286 3863 1400 3934 iuncti
1420 3876 1516 3933 sunt.
1566 3862 1635 3951 Ut,
1663 3859 1938 3937 Atheniensium
1963 3883 1998 3939 et
2022 3867 2251 3964 Corcyreorum

247 3941 306 4011 ius
336 3930 546 4008 tribunitiae
575 3923 758 4018 potestatis
780 3924 825 3991 ad
850 3943 887 3990 sc
908 3944 1020 3991 unum
1042 3917 1235 3996 transtulit,
1285 3966 1410 4035 foedus
1434 3961 1596 4057 utrisque
1616 3965 1756 4035 exitiale
1779 3967 1863 4051 fuit,
1897 3991 1977 4039 cum
1999 3967 2111 4042 Attici
2134 3977 2252 4062 propter

247 4023 991 4138 tguitsslfl’issiililff¹¹²²¹¹¹¹²Tffi³¹¹¹¹i¹¹¹¹)ae
1009 4021 1235 4138 ⁸²d⁵¹i⁰⁰im
1286 4064 1575 4135 coniunctionem
1599 4089 1678 4136 cum
1699 4061 1902 4161 Corcyrcis,
1937 4093 2044 4162 quam
2064 4072 2208 4141 fecerant
2223 4063 2251 4130 in

247 4143 334 4216 Ideo
355 4150 472 4208 amem
488 4129 668 4220 A⁰g⁰⁸¹¹¹⁸
684 4127 728 4196 ad
750 4149 823 4195 ⁸⁰⁸⁰
845 4123 1043 4205 ”mulin
1069 4134 1107 4191 ω
1130 4134 1236 4189 ‘mm
1286 4188 1391 4238 causa
1409 4164 1538 4250 dubia,
1561 4165 1755 4239 movissent
1776 4170 1911 4239 bellum
1927 4167 2252 4264 Peloponnesiacum·

248 4231 682 4432 {limittit
697 4221 1237 4423 sustentatus?:21
1287 4266 1669 4441 {tergggssffla
1689 4268 1814 4440 sugg
1830 4293 1910 4440 ις’
1926 4267 2168 4444 iserge
2182 4263 2253 4432 ag

249 4449 351 4541 gulae
374 4441 454 4511 illae
474 4437 622 4510 tutiores
638 4445 736 4502 sunt:
762 4428 830 4502 οὐκ
849 4427 1001 4526 ἄγαθον
1017 4427 1237 4518 πολυκοιρα-
1289 4393 1415 4543 :sande
1442 4387 2254 4568 dia,milibgissffidegffi'sszmffihmiyffim

247 4547 323 4646 75⁷1·
375 4542 484 4625 Μ’
514 4533 769 4652 ‘apieniiisime
793 4530 1003 4650 i⁰i¹⁵¹i¹¹¹²⁰i
1026 4536 1239 4646 “timui
1289 4573 1383 4644 libro
1398 4570 1520 4643 tertio:
1541 4566 1604 4644 Ἐν
1618 4575 1673 4642 τῶ
1694 4564 1951 4646 διαλλάττοντι
1970 4581 2126 4674 γνωμῆς
2145 4569 2254 4662 traps

249 4636 728 4724 ElectorumioGermanra,
754 4657 817 4726 qur
833 4654 902 4701 ram
919 4636 1238 4721 annrsqumgentrs
1289 4670 1352 4771 ραὶ
1379 4671 1500 4770 ἔργων
1526 4641 1798 4760 'effidima'
1834 4675 1873 4744 id
1904 4689 1973 4747 m:
2013 4671 2276 4748 Dissidentibup

251 4773 381 4824 nervus
395 4744 464 4816 luit
478 4737 684 4812 Germanici
699 4734 867 4852 imperii..
906 4729 986 4806 Etsi
1004 4743 1120 4846 aretem
1136 4739 1238 4797 auto-
1289 4773 1521 4846 oinionibus
1536 4788 1572 4847 et
1587 4775 1986 4848 voluntatibmfiumd·
2074 4777 2088 4788 ⁸
2153 4796 2212 4846 em

249 4877 307 4927 res
320 4846 428 4921 huius
438 4841 579 4917 consilii
587 4839 684 4913 Deus
699 4835 1102 4951 singularrmodopexrt:
1120 4841 1238 4899 tamen
1313 4800 1337 4890 Ρ,
1975 4800 2092 4850 'vem
2106 4801 2152 4869 op

227 4961 229 4964 ’
251 4951 411 5044 exempla
423 4947 542 5039 aliqua
557 4940 796 5014 considerasse
810 4960 870 5006 cos
886 4937 1158 5004 consentaneum
1177 4939 1238 5002 est.
1388 4919 1503 4994 Docet
1517 4920 1621 5009 item,
1645 4935 1785 4994 tantum
1799 4926 1995 4999 necessaria
2016 4927 2172 5003 facienda
2191 4941 2256 5000 esse,

250 5055 299 5134 Et
313 5073 403 5147 pene
415 5046 566 5118 similem
581 5053 788 5132 potestatem
803 5037 840 5107 in
855 5035 1118 5107 Lacedaemone
1133 5030 1240 5125 qnin-
1290 5049 1355 5096 nec
1367 5023 1562 5096 movendas
1584 5045 1658 5094 esse
1677 5045 1733 5094 res
1755 5049 1829 5096 non
1852 5030 2063 5103 necessarias
2086 5029 2188 5103 stulta
2207 5044 2256 5096 ato·

251 5185 321 5256 que
329 5146 468 5247 Ephori
483 5142 698 5230 habuerunt,
722 5139 900 5214 aut-initio
916 5148 1048 5230 septem
1056 5130 1240 5224 Principes
1290 5117 1603 5227 λυπραγμοσύνῃ,
1628 5147 1719 5220 quae
1733 5128 1849 5198 varias
1864 5123 1972 5203 hahet
1985 5154 2114 5204 causas.
2165 5128 2257 5199 Inter·

252 5263 291 5333 in
305 5254 462 5331 Perside·
1291 5230 1378 5300 dom
1405 5227 1595 5299 aemulatio
1623 5226 1782 5302 incendit
1805 5229 1966 5319 animos,
1995 5245 2054 5319 nt,
2085 5227 2217 5302 Marius
2233 5231 2258 5292 el

353 5357 426 5429 Nec
441 5359 578 5425 tantum
601 5347 644 5416 ad
662 5342 895 5416 imitationem
921 5343 1100 5414 bonorum
1123 5333 1241 5408 consi-
1291 5329 1481 5421 Pompeius
1513 5327 1607 5400 bella
1639 5329 1760 5403 civilia
1791 5345 1982 5404 moverunt
2009 5333 2196 5426 praecipue
2229 5345 2258 5392 ex

257 5465 390 5534 liorum
414 5453 559 5550 prodest
576 5441 746 5532 historia,
772 5461 816 5538 ,ot
839 5445 991 5517 imitatio
1011 5455 1238 5533 strategema—
1291 5429 1540 5508 aemulatione.
1591 5427 1777 5504 interdum
1796 5431 1931 5524 ingenii
1956 5436 2153 5530 pertinacia
2173 5443 2275 5504 aitrau
