4696 5820
99 245 180 324 849

101 418 201 490 lesus
221 412 385 489 Christus
406 429 568 510 receptus
589 417 629 488 in
650 416 788 486 coelom
806 437 891 486 suae
912 397 1092 488 Ecclesiae

100 519 263 612 impertit
279 543 318 587 ac
335 517 529 589 distribuit.

205 617 280 690 Cur
302 617 584 712 igitnr'Paulus,
611 642 690 690 cum
713 618 820 689 vellet
841 619 933 690 illud
955 618 1092 688 dictum

99 722 237 794 Psalmi
259 721 484 812 interpretari
511 724 556 792 de
583 721 687 791 donis
707 721 984 804 distribuendis,
1016 743 1091 790 non

98 825 186 894 lecit
208 824 326 914 potius
343 824 561 894 mentionem
585 817 714 892 horum
740 847 820 892 vere
837 824 1041 895 coelestium
1059 834 1094 891 et

97 941 328 996 aeternorum
344 925 541 1008 bonorum,
566 947 656 1018 quae
670 925 744 993 sola
760 925 866 1014 digna
882 940 999 996 sunta
1014 937 1093 994 tan-

98 1044 139 1098 to
164 1027 313 1096 domino
340 1039 375 1096 et
397 1027 529 1097 victore
552 1025 702 1095 donari?
752 1025 827 1098 Cur
850 1027 976 1099 maluit
997 1027 1092 1096 dona

97 1152 230 1199 vocare
246 1123 409 1199 homines
425 1149 673 1218 aerumnosos,
699 1149 799 1198 suam
819 1131 978 1221 ipsorum
999 1130 1094 1197 mul·

98 1231 260 1322 tiplicem
288 1229 530 1301 infirmitatem
565 1229 807 1320 deplorantes,
840 1245 874 1301 et
899 1229 1006 1302 morti
1028 1231 1094 1299 ob-

97 1331 255 1403 noxios?

205 1432 320 1507 Causa
342 1445 394 1503 est
414 1433 615 1518 verissima,
642 1434 737 1526 quod
762 1435 867 1506 divus
887 1434 1020 1507 Paulus
1038 1457 1094 1503 re-

96 1537 216 1630 spexit
231 1535 457 1615 admodum,
480 1560 551 1629 quo
567 1537 876 1608 communicantur
891 1537 996 1610 nobis
1010 1533 1095 1607 bace

97 1636 267 1710 coelestia
289 1649 324 1704 et
344 1649 485 1706 aeterua
505 1639 618 1722 bona,
652 1662 742 1729 quae
766 1663 841 1708 non
865 1641 968 1712 aliter
989 1638 1095 1708 nobis

96 1741 332 1822 tribuuntur,
361 1738 432 1807 nisi
455 1762 518 1829 per
539 1737 776 1809 ministerium
804 1743 916 1816 verbi.
966 1739 1096 1811 Admi-

96 1845 217 1913 rando
239 1841 334 1911 enim
356 1841 506 1910 consilio
529 1853 563 1909 ct
587 1841 782 1912 certissimo
805 1843 944 1912 decreto
962 1841 1096 1911 consti-

97 1946 172 2015 tuit
193 1940 310 2025 Deus,
345 1965 431 2009 voce
453 1937 640 2030 Evangelii
670 1944 806 2032 prolata
829 1968 893 2034 per
915 1943 1028 2014 filium
1055 1967 1096 2012 ex

97 2049 184 2118 sinu
205 2041 339 2113 aeterni
361 2043 490 2133 patris,
523 2055 557 2112 et
586 2057 734 2114 sonante
759 2069 823 2136 per
848 2042 1040 2138 Apostolos
1062 2059 1096 2116 et

608 235 769 321 DECL.
806 237 883 316 DE
915 234 1103 314 DlCTO
1130 232 1308 314 PAULI
1335 235 1535 312 EPHES.
1564 237 1629 312 tV.

2051 238 2129 316 860

1143 423 1254 580 pltros,
1294 435 1448 506 quornm
1476 435 1562 483 voce
1594 410 1781 502 colligatur
1809 405 1968 483 Ecclesia
2000 433 2129 502 genere

1170 537 1316 589 umano.

1245 653 1388 724 Deinde
1404 653 1553 744 singulis
1568 655 1700 725 vocatis
1716 654 1762 724 ad
1776 678 1907 727 munus
1922 657 2073 725 docendi
2090 656 2128 724 in

1144 753 1304 826 Ecclesia
1321 751 1408 825 haec
1420 755 1546 846 ingens
1559 755 1754 828 consolatio
1769 759 1994 849 proponitur,
2020 755 2128 846 Quod

1145 857 1279 928 Paulus
1297 858 1374 927 vult
1396 881 1455 926 eos
1479 873 1574 928 certo
1598 870 1771 942 statuere,
1796 858 1910 930 lilium
1927 856 1993 929 Dei
2017 852 2128 956 λόγον

1146 961 1237 1029 velle
1253 959 1426 1029 efficacem
1444 981 1518 1028 esse
1537 982 1600 1051 per
1615 959 1853 1031 ministerium
1877 961 2054 1053 ipsorum,
2080 961 2129 1030 si-

1146 1075 1208 1134 cut
1221 1061 1340 1153 inquit
1356 1061 1458 1132 alibi:
1485 1058 1606 1132 Labor
1621 1075 1735 1132 vester
1756 1085 1831 1131 non
1855 1063 1923 1134 erit
1950 1064 2071 1136 irritus
2092 1063 2127 1134 in

1145 1163 1316 1236 Domino.

1251 1296 1381 1370 Sumus
1403 1319 1469 1367 nos
1494 1319 1578 1368 sane
1601 1300 1823 1384 aerumnosi,
1855 1323 1976 1371 sumus
2000 1302 2133 1382 miseri,

1148 1423 1268 1472 sumus
1283 1399 1393 1492 spreti
1408 1399 1448 1467 in
1464 1401 1600 1469 mundo
1617 1413 1651 1470 et
1666 1401 1865 1472 conculcati
1879 1416 1915 1474 et
1931 1426 2013 1472 vere
2032 1401 2133 1486 ἕξου-

1146 1498 1370 1596 θενημὲνοι,
1402 1523 1524 1572 sumus
1539 1503 1644 1572 etiarn
1662 1502 1795 1571 infirmi
1812 1516 1847 1574 et
1869 1506 1994 1576 multis
2018 1506 2133 1574 sordi-

1147 1606 1214 1675 bus
1229 1605 1381 1688 foedati,
1408 1629 1447 1672 ac
1464 1626 1611 1696 prorsus
1623 1616 1665 1675 ut
1682 1601 1842 1674 Psalmus
1864 1607 2041 1700 loquitur:
2068 1600 2134 1701 νή-

1148 1730 1224 1780 πιοι
1240 1701 1305 1778 καὶ
1321 1699 1558 1799 θηλάζοντες.
1593 1705 1671 1775 lmo
1686 1729 1808 1776 revera
1826 1729 1960 1795 sumus,
1983 1723 2023 1779 ut
2037 1708 2132 1778 Pan-

1149 1811 1204 1879 lus
1227 1811 1272 1878 de
1291 1831 1327 1876 se
1359 1809 1496 1902 inquit:
1530 1804 1761 1904 ἐκτρώματα.
1813 1806 1952 1879 Tamen
1981 1811 2132 1882 sciamus

1147 1912 1261 1980 lilium
1282 1907 1349 1979 Dei
1366 1933 1429 2000 per
1445 1923 1601 1980 nostram
1618 1911 1795 1978 infirmam
1812 1935 1934 1980 vocem
1958 1911 2132 1980 efficacem

1148 2036 1222 2084 esse
1238 2026 1273 2082 et
1287 2035 1349 2102 per
1366 2007 1458 2080 hanc
1475 2012 1618 2080 stultam
1632 2011 1930 2102 praedicationem
1948 2013 2062 2084 salvos
2079 2015 2133 2082 la-

96 2171 178 2219 no„
202 2145 323 2228 alpe„
355 2144 471 2214 salvo,
492 2146 607 2213 face„
633 2138 819 2232 homines,
852 2161 886 2218 ,t
909 2147 1097 2238 panicum
1149 2139 1226 2186 cere
1242 2116 1423 2183 credentes
1438 2113 1567 2196 verbo,
1594 2113 1685 2183 sicut
1701 2112 1835 2207 inquit:
1860 2114 1986 2186 Virtus
2000 2139 2076 2184 mea
2094 2115 2133 2182 in

96 2251 253 2321 reddere
269 2261 494 2316 aeternorum
511 2247 784 2328 beneficiorum,
810 2273 902 2342 quae
917 2271 981 2319 sna
998 2273 1091 2319 mor·

97 2368 156 2436 te,
183 2347 352 2430 victoria,
378 2349 635 2419 resurrectione
657 2362 691 2418 et
714 2351 808 2421 laeto
834 2348 1016 2443 trtumpbo
1036 2375 1095 2443 pe-

97 2453 214 2546 perit,
239 2463 274 2520 et
297 2448 500 2540 impetravit
521 2449 643 2539 generi
659 2445 818 2523 humano
833 2454 1012 2526 Dominus
1029 2478 1095 2522 no-

98 2545 464 2636 sterlesusChristus,
482 2552 573 2625 sicut
588 2552 707 2645 inquit
722 2554 795 2645 ipse
806 2554 954 2627 Paulus:
974 2553 1096 2626 Evan-

97 2658 234 2748 gelium
251 2664 303 2721 est
316 2654 475 2742 potentia
491 2651 558 2722 Dei
582 2655 627 2722 ad
647 2654 794 2725 salutem
810 2659 909 2726 omni
926 2657 1095 2730 credenti.

205 2754 291 2826 ldco
312 2752 447 2824 Paulus
471 2755 564 2823 dona
595 2755 656 2824 illa
678 2752 934 2848 triumphantis
960 2753 1094 2830 Christi

98 2861 281 2954 sapienter
295 2856 441 2948 exponit
458 2856 552 2946 ipsos
569 2851 772 2948 Apostolos,
798 2856 962 2930 Pastores
977 2858 1095 2931 etDo-

97 2979 234 3043 ctores,
270 2958 354 3052 quia
375 2981 439 3049 per
461 2957 542 3028 illos
568 2973 733 3030 sonantes
755 2961 953 3034 doctrinam
978 2985 998 3032 a
1021 2961 1094 3032 tilio

96 3065 167 3138 Dei
193 3073 392 3151 acceptam,
424 3060 659 3132 conteruntur
684 3076 719 3134 et
746 3061 1012 3136 distribuuntur
1033 3064 1094 3133 illa

97 3165 268 3238 coelestia
281 3162 376 3231 bona
391 3161 575 3247 omnibus,
597 3163 659 3256 qui
675 3164 797 3234 audito
812 3167 922 3236 verbo
936 3168 1096 3250 credunt,

99 3284 132 3340 et
159 3280 260 3360 parta
283 3263 378 3333 bona
399 3288 418 3333 a
441 3263 514 3333 filio
538 3260 606 3336 Dei
628 3277 663 3333 et
686 3264 805 3336 oblata
827 3292 893 3359 per
913 3267 1096 3338 ministros

97 3371 168 3440 lide
188 3366 258 3437 sibi
274 3364 464 3457 applicant.

204 3465 340 3561 Estque
369 3461 437 3536 boe
460 3467 594 3539 dictum
617 3464 722 3539 Pauli
748 3467 952 3562 oppositum
975 3471 1096 3562 perni-

98 3571 297 3646 ciosissimo
328 3569 440 3638 errori
460 3567 692 3640 Stenckseldii
724 3584 758 3641 et
784 3571 936 3642 aliorum
966 3566 1094 3644 enthu-

99 3679 311 3756 siastarum,
338 3669 402 3764 qui
429 3671 487 3739 vel
509 3670 659 3742 verbum
689 3673 811 3744 vocale
831 3697 976 3767 prorsus
1002 3688 1096 3746 exte-

100 3788 218 3849 nuant
239 3786 273 3842 et
296 3784 549 3857 contemnunt,
581 3773 639 3842 vel
661 3775 791 3847 docent
809 3775 969 3867 neglecto
986 3778 1096 3849 verbo

99 3876 338 3972 expectandos
353 3895 426 3942 esse
440 3888 563 3964 raptus
576 3874 764 3950 violentos.

203 3975 317 4046 Nobis
346 3998 431 4045 vero
463 3988 499 4045 et
521 3977 685 4048 doctriua
710 3980 925 4074 proponitur
949 3993 984 4053 et
1010 4005 1096 4053 coo-

99 4081 244 4154 8013ῑὶοε

203 4175 376 4252 Doctrina
399 4191 452 4249 est
474 4200 546 4273 qna
567 4203 774 4267 monemur,
805 4200 847 4257 ot
869 4185 1096 4276 magnifacia-

101 4306 181 4356 mus
197 4295 233 4353 et
247 4279 716 4374 veneremur.miuisterium
732 4281 939 4378 Evangelii,
965 4299 999 4357 et
1013 4309 1096 4356 vere

98 4401 299 4458 statuamus
323 4403 385 4472 per
404 4381 517 4468 illud,
545 4394 580 4453 et
600 4406 675 4454 non
697 4387 820 4475 aliter,
849 4387 955 4458 nobis
969 4387 1096 4458 donari

100 4489 163 4557 illa
186 4482 351 4556 coelestia
372 4481 486 4564 bona,
518 4497 616 4574 parta
640 4487 815 4578 sangnine
835 4501 870 4560 et
892 4501 1005 4560 morte
1020 4486 1093 4559 Do·

101 4589 192 4658 mini
224 4582 337 4654 nostri
374 4579 452 4655 lesu
482 4579 638 4675 Christi,
674 4589 773 4661 iuxta
810 4588 915 4688 Pauli
943 4590 1095 4662 dictum:

102 4689 205 4779 Quos
227 4685 351 4777 elegit,
376 4679 442 4755 hos
460 4697 494 4755 et
517 4689 666 4768 vocavit.
713 4689 821 4764 Item:
847 4691 953 4763 Fides
973 4716 1015 4764 ex
1031 4718 1096 4763 au-

101 4793 180 4864 dito
208 4801 272 4862 est

203 4889 412 4962 Consolatio
438 4890 627 4985 multiplex
661 4893 865 4967 continetur
894 4892 963 4967 boc
994 4896 1096 4967 brevi

101 4997 197 5068 dicto
213 4991 328 5064 Pauli.
382 4991 545 5063 Primum
569 4998 666 5089 quod
688 4997 782 5068 filius
796 4993 862 5069 Dei
879 4999 953 5090 ipse
971 4999 1016 5070 sit
1032 5024 1096 5070 cu-

103 5111 175 5168 stos
194 5090 392 5177 Ecclesiae,
425 5107 460 5165 et
481 5112 665 5170 conservet
683 5099 937 5186 ministerium,
963 5101 1095 5173 excita·

104 5199 149 5270 tis
171 5197 326 5270 subinde
347 5195 416 5288 piis
434 5219 474 5268 ac
495 5196 710 5272 salutaribus
729 5196 957 5280 Ductoribus.
1009 5201 1094 5276 ldeo

103 5300 199 5370 enim
215 5298 374 5370 ascendit
388 5295 428 5368 in
442 5298 573 5383 altum,
599 5300 874 5395 inquitPaulus,
900 5303 984 5376 ideo
998 5307 1095 5379 sedet

101 5403 148 5472 ad
167 5403 328 5474 datram
342 5398 413 5474 Dei
430 5399 559 5492 patris,
587 5400 669 5473 ideo
690 5419 829 5495 regnat,
852 5419 894 5480 ut
909 5408 971 5480 det
984 5407 1094 5479 mini-

1149 2216 1355 2287 infirmitate
1372 2215 1564 2306 perficitur.

1250 2348 1303 2419 lta
1327 2343 1394 2418 boc
1417 2347 1494 2418 loco
1510 2345 1644 2419 Paulus
1666 2350 1805 2443 inquit,
1831 2347 2040 2442 Apostolos,
2067 2347 2133 2416 Pa-

1149 2468 1259 2524 stores
1283 2464 1317 2521 et
1331 2447 1504 2520 Doctores
1527 2473 1599 2520 csse
1623 2449 1685 2520 illa
1707 2453 1821 2537 dona,
1845 2476 1935 2545 quae
1959 2451 2053 2522 lilius
2067 2446 2135 2519 Dei

1150 2571 1227 2627 acto
1252 2549 1435 2645 triumpho
1456 2576 1538 2624 snae
1552 2549 1733 2624 Ecclesiae
1754 2552 1963 2637 distribuat,
1983 2548 2051 2624 hoc
2074 2566 2135 2634 est,

1149 2681 1222 2727 esse
1237 2656 1300 2726 illa
1313 2658 1389 2747 ipsa
1407 2677 1554 2744 organa,
1579 2679 1643 2744 per
1656 2679 1746 2750 quae
1773 2654 1833 2723 illa
1858 2653 2018 2723 coelestia
2037 2667 2070 2721 et
2095 2653 2133 2720 in

1150 2759 1397 2830 aeternitatem
1416 2759 1588 2828 duratura
1601 2757 1696 2827 bona
1714 2753 1921 2827 hominihus
1943 2755 2135 2846 impertiat.

1250 2889 1328 2960 Hac
1362 2913 1428 2960 nos
1462 2890 1704 2963 consolatione
1738 2905 1771 2960 et
1808 2891 1845 2958 in
1889 2890 2137 2961 communibus

1148 2991 1348 3079 aerumnis,
1374 3005 1409 3064 et
1422 2993 1462 3060 in
1476 3015 1581 3064 sensu
1596 2993 1812 3064 infirmitatis
1835 2994 1999 3085 propriae
2022 2993 2135 3080 eriga-

1148 3120 1228 3168 mus
1247 3110 1283 3166 ct
1296 3107 1543 3168 sustentemus.

1253 3229 1307 3300 Te
1328 3254 1412 3299 vero
1428 3229 1480 3299 tili
1497 3229 1582 3312 Dei,
1605 3222 1690 3327 ldye
1709 3224 1898 3304 adstante
1922 3224 2048 3302 ἀϊδίου
2065 3253 2136 3300 πα-

1148 3329 1254 3427 τρὸς,
1288 3332 1458 3401 collector
1476 3344 1512 3402 et
1535 3343 1652 3402 custos
1672 3326 1854 3402 Ecclesiae
1874 3344 1955 3402 tuae
1984 3355 2137 3414 oramus,

1148 3449 1189 3506 ut
1207 3456 1274 3502 nos
1296 3433 1514 3502 miserrimos
1540 3427 1704 3503 homines
1728 3433 1911 3502 verissime
1932 3433 2084 3504 intentes
2103 3447 2136 3504 et

1148 3537 1316 3607 lactentes
1337 3547 1371 3604 et
1395 3546 1538 3608 vocatos
1552 3547 1671 3604 tamen
1685 3535 1729 3604 ad
1746 3528 1815 3604 boc
1839 3533 1982 3603 difficile
1996 3519 2163 3616 munna,'

1149 3654 1190 3711 ut
1214 3651 1313 3708 tuam
1338 3659 1459 3707 vocem
1482 3636 1521 3706 in
1543 3633 1703 3706 Ecclesia
1724 3655 1908 3705 sonemus:
1943 3657 2042 3725 regas
2064 3635 2137 3726 ipse
2202 3685 2217 3704 a

1150 3739 1287 3832 Spiritu
1309 3749 1430 3809 sancto
1443 3750 1526 3823 tuo,
1548 3739 1690 3822 doceas,
1717 3736 1920 3816 confirmes,
1946 3749 1981 3808 et
1998 3750 2136 3807 susten-

1149 3857 1201 3914 tes
1216 3843 1255 3911 in
1273 3835 1339 3910 bac
1357 3863 1484 3929 magna
1501 3839 1707 3910 infirmitate
1721 3853 1861 3925 nostra,
1886 3839 1974 3909 etin
1991 3834 2057 3909 bac
2071 3837 2137 3909 tri-

1149 3945 1196 4015 sti
1213 3941 1422 4014 conlusione
1437 3955 1635 4031 postremae
1645 3941 1768 4012 aetatis
1791 3941 1940 4027 mundi,
1964 3955 2002 4012 ut
2028 3941 2138 4012 simus
2179 4031 2182 4038 Ι

1150 4069 1281 4138 organa
1306 4044 1494 4129 salutaria,
1527 4067 1590 4136 per
1618 4066 1709 4136 quae
1741 4042 1979 4113 sanctificetur
2007 4065 2137 4114 nornen

1150 4163 1272 4233 tuum,
1306 4146 1454 4238 plurimi
1474 4147 1717 4236 perducantur
1737 4146 1781 4213 ad
1808 4145 2011 4215 societatem
2024 4141 2138 4233 ,regni

1149 4251 1222 4336 tui,
1249 4262 1283 4321 et
1304 4248 1423 4342 aliqua
1449 4246 1514 4319 tibi
1538 4247 1577 4316 in
1600 4269 1727 4339 genere
1751 4237 1911 4318 humano
1927 4259 2026 4334 grata
2042 4245 2139 4328 liant,

1149 4347 1279 4427 Amen.
1329 4346 1425 4422 Dixi.
2125 4379 2127 4384 ·

1289 4593 1420 4606 anu——
1424 4591 1959 4606 mw——o--nn———a
1965 4591 2027 4599 nea.-
2031 4585 2138 4599 aut-“-

1969 4812 2018 4854 an.
2042 4744 2137 4856 tatu.

1963 4877 2132 4912 vm

1147 4785 1327 4918 Q

1341 5077 1420 5166 De
1450 5075 1674 5187 Gregorio
1702 5071 1928 5190 Pontortu.

1189 5347 1191 5350 ,
1220 5293 1250 5348 tn
1269 5291 1435 5346 oasitanum
1454 5288 1488 5344 r.
1502 5285 1535 5342 ν.
1554 5285 1763 5361 p.1as.,2poa
1786 5287 1915 5343 ateana.
1934 5285 1966 5339 r.
1983 5286 2015 5341 n.
2035 5305 2061 5356 ρ.
2080 5257 2139 5344 aas.

1250 5370 1278 5414 et
1304 5359 1333 5414 iu
1360 5355 1540 5412 Orationibus
1565 5356 1710 5426 postremis
1729 5377 1756 5430 p.
1777 5357 1835 5411 tet.
1881 5355 1970 5410 Etiam
1996 5353 2137 5424 separatim

1250 5430 1321 5485 etto
1341 5423 1455 5482 waes.
1477 5425 1552 5482 taso
1571 5425 1599 5483 a.
1618 5421 1667 5484 ts
1688 5425 1727 5499 ρι.

1365 5745 1449 5770 Α
