4696 5820
110 336 112 342 .
238 303 313 394 225
800 280 961 364 ouem
992 277 1699 366 vultuosottttfflatsttaaa.
2180 282 2263 355 224

240 463 450 570 sympathia
463 475 504 534 'et
517 453 726 552 Antipstbis
746 455 939 529 multarum
954 454 1140 528 terum'in
1156 477 1222 526 na·
1365 449 1553 546 .-Coguatio
1574 439 1699 528 autern¹
1720 455 1826 525 oleae.
1841 467 1881 528 et
1893 453 1990 527 'vitis
2017 453 2167 532 mirifica
2191 465 2262 524 est.

244 591 337 649 rura.
365 569 458 642 Sunt
471 564 566 634 enim
582 559 780 653 propositae
795 558 975 648 imagines,
989 571 1031 632 ut
1045 578 1111 628 nos
1128 577 1225 628 com-
1277 556 1411 628 lassata
1428 557 1494 627 viti
1510 559 1587 628 olea
1602 557 1714 648 gignit
1730 569 1863 627 etueas
1887 569 1923 628 et
1946 555 2071 630 olivas.
2108 553 2160 624 Ita
2177 577 2266 622 cum

244 670 481 747 monefaciant
496 665 625 735 debere
644 656 808 730 homines
824 659 903 730 Deo
920 660 1118 730 conformes
1140 679 1227 739 esse,
1263 660 1365 728 -bdes
1386 659 1477 745 regit
1500 683 1626 749 opera,
1657 659 1699 728 lit
1720 658 1834 728 dulcis
1857 657 2002 726 societas
2022 654 2215 745 Evangelii
2230 666 2270 725 et

246 790 282 848 et
305 771 468 843 inimicos
488 762 644 835 hostium
661 761 738 832 Dei.
791 757 844 827 Ac
860 761 1054 829 dolendum
1071 771 1124 829 est
1146 781 1227 828 cum
1278 761 1376 849 legis.
1426 757 1474 830 Et
1496 759 1552 828 lex
1569 759 1609 830 tt
1630 760 1743 830 multo
1764 759 1993 843 foecundior,
2017 757 2189 829 dulcescit
2212 755 2270 824 la-

248 877 338 949 aliae
371 883 550 942 creaturae
583 874 722 934 servent
756 859 937 944 ordinem,
971 883 1042 951 ‘1110
1067 859 1229 929 conditae
1280 863 1348 934 bor
1363 873 1397 930 et
1408 859 1484 932 Deo
1500 861 1624 950 placet.
1673 860 1767 931 Sunt
1783 872 1817 930 et
1836 855 2269 950 antipathiaemultarum

246 988 347 1058 runt:
379 967 601 1051 horribiliter
625 961 761 1035 turbari
782 955 877 1032 hunc
907 962 1072 1032 ordinem
1094 962 1139 1030 ab
1162 955 1230 1028 ho·
1282 985 1401 1032 rerum
1418 962 1596 1040 mirificae.
1647 960 1795 1049 Magnes
1812 984 1892 1030 cum
1909 961 2032 1034 sturm
2052 961 2085 1030 ei
2100 957 2271 1042 illinitur,

1283 1086 1357 1134 non
1372 1055 1482 1134 trahit
1498 1063 1665 1135 lerrum..
1695 1058 1824 1131 Graeci
1846 1060 1970 1130 allium
1990 1053 2175 1154 σκόροδον
2197 1083 2270 1126 no-

351 1173 524 1266 Perpetua
540 1179 590 1242 cst
605 1163 791 1235 concordia
805 1159 979 1256 magnetis
997 1172 1030 1228 et
1044 1159 1149 1244 sarri,
1173 1158 1228 1227 vel
1283 1164 1441 1246 minant,
1464 1164 1560 1255 quod
1576 1163 1678 1238 aiunt
1692 1161 1845 1248 dictum,
1869 1159 1969 1255 quasi
1987 1155 2117 1234 σκαιὸν
2139 1151 2272 1251 ῥόδον,

250 1261 370 1374 potius
392 1269 563 1369 magnetis
579 1269 621 1338 ad
640 1267 760 1356 polum
777 1263 963 1345 arcticum,
988 1284 1077 1354 quae
1093 1283 1233 1354 sympa-
1284 1285 1362 1334 rosa
1379 1261 1519 1332 foetida.
1571 1262 1662 1335 Cum
1675 1261 1859 1334 doctrinae
1874 1262 2115 1335 intunduntur
2135 1257 2272 1330 foetida

250 1377 327 1455 thia
344 1372 550 1446 mirabilior.
558 1381 620 1438 cst.
640 1359 732 1464 ¹Cur
745 1388 810 1434 nos
826 1359 989 1431 homines
1003 1385 1077 1430 non
1093 1373 1234 1430 tuemur
1285 1359 1519 1456 sophismata,
1533 1355 1618 1433 ¹vim
1636 1363 1790 1460 priorem
1807 1363 1954 1436 amittit:
1980 1377 2022 1435 ut
2038 1386 2119 1433 vera
2136 1374 2171 1432 et
2186 1359 2274 1429 dul-

252 1475 479 1572 eoncordiam
501 1493 581 1540 cum
603 1465 701 1538 Deo?
739 1489 801 1535 cur
822 1488 896 1533 non
922 1461 1104 1556 sequimur
1118 1458 1233 1531 Deum
1286 1466 1335 1535 cis
1355 1462 1546 1537 consolatio
1565 1477 1635 1548 est,
1657 1465 1773 1546 dicere
1793 1464 1866 1548 illi,
1890 1464 2049 1560 quivere
2073 1460 2275 1556 expavescit

253 1575 450 1654 trahentem
467 1594 532 1640 nos
550 1570 627 1638 luce
642 1566 833 1658 sapientiae
849 1588 940 1648 suae,
959 1577 1000 1632 ut
1015 1565 1146 1632 ferrum
1162 1576 1234 1633 tra·
1287 1565 1466 1661 agnitione
1490 1566 1562 1636 irae
1585 1565 1667 1636 Dei:
1702 1561 1885 1636 iustificari
1904 1563 1991 1650 fida,
2014 1588 2133 1656 pacem
2159 1558 2274 1631 habe.

253 1678 354 1752 hitur
376 1701 397 1746 a
423 1683 602 1774 magnete,
636 1669 748 1738 multo
773 1665 976 1736 obscuriore
998 1663 1124 1733 causa?
1161 1658 1235 1731 Cur
1286 1688 1376 1738 mus.
1427 1661 1525 1737 Haec
1538 1665 1741 1736 dulcissima
1758 1679 1792 1760 ει
1805 1665 1985 1758 verissima
2001 1689 2070 1736 vox
2083 1664 2122 1733 bt
2139 1657 2275 1734 σκαιὸν

255 1770 610 1855 discedimusaDeo,
639 1793 719 1862 cum
743 1791 884 1856 magnes
900 1787 1037 1854 semper
1054 1765 1097 1831 ad
1114 1763 1236 1852 polum
1288 1761 1422 1865 ῥόδον,
1457 1767 1488 1836 si
1511 1767 1597 1860 quis·
1614 1768 1722 1858 fingat
1745 1789 1781 1845 se
1798 1767 1937 1862 ¹iustum
1955 1787 2028 1838 esse
2050 1765 2138 1857 lide,
2164 1763 2276 1834 etiam

255 1881 424 1974 arcticum
443 1899 478 1943 se
493 1869 699 1942 convertat?
749 1867 928 1958 Quasdam
946 1865 1054 1954 igitur
1068 1863 1237 1956 imagines
1289 1889 1370 1938 cum
1389 1867 1549 1937 furenter
1571 1881 1769 1958 perseverat
1785 1868 1823 1934 in
1840 1866 2030 1936 sceleribus
2049 1879 2171 1935 contra
2185 1886 2277 1961 con-

137 2003 144 2019 ·
254 1977 496 2055 recitabimus:
522 1967 575 2042 Ac
591 1971 706 2066 prima
722 1969 779 2052 sit,
799 1965 843 2036 ln
854 1966 1014 2037 maximis
1032 1965 1238 2058 corporibus
1290 1967 1482 2040 scientiam.
1533 1967 1687 2039 Dissidia
1702 1967 1820 2038 nativa
1834 1978 1916 2036 sunt
1930 1967 2122 2036 multarum
2135 1987 2275 2033 mum:

164 2151 169 2156 .
255 2079 419 2153 miranda
433 2073 616 2146 consensio
630 2083 690 2144 est.
741 2064 931 2140 Stellarum
947 2065 1105 2148 etnicis,
1131 2089 1238 2158 quam
1290 2070 1429 2160 aquilae
1451 2080 1487 2137 et
1507 2068 1630 2161 cygni,
1653 2079 1694 2135 ut
1715 2089 1837 2155 regum
1852 2079 1887 2137 et
1902 2081 2095 2138 oratorum.
2144 2061 2273 2152 Lupo-

257 2183 288 2256 si
305 2181 386 2277 quis
402 2179 507 2268 negat
521 2196 603 2258 esse,
621 2171 803 2262 manifeste
816 2167 933 2239 suerit.
960 2163 1050 2235 Cum
1060 2163 1122 2236 Sol
1137 2190 1156 2235 a
1173 2189 1240 2233 no·
1291 2192 1373 2239 rum
1389 2180 1423 2237 et
1440 2169 1578 2249 ovium,
1602 2181 1643 2238 ut
1658 2179 1892 2260 tyrannorum
1908 2180 1942 2236 et
1956 2161 2145 2235 Ecclesiae.
2184 2161 2278 2231 For-

257 2298 330 2359 Slro
352 2279 481 2360 verlice
502 2273 668 2356 discedit,
692 2277 754 2341 aer
773 2271 813 2338 fit
834 2267 1013 2358 frigidior,
1045 2267 1127 2358 quia
1148 2264 1240 2334 radii
1293 2269 1400 2338 micas
1416 2269 1542 2339 metuit
1557 2291 1654 2347 mus,
1679 2281 1719 2339 ut
1734 2267 1875 2336 sedulos
1890 2279 1923 2336 et
1939 2279 2096 2335 amantes
2109 2265 2278 2333 laborum

257 2369 396 2476 dbliqui
409 2389 492 2448 sunt
512 2367 776 2444 imbecilliores:
803 2393 882 2439 cum
901 2370 943 2437 ad
967 2389 1031 2435 nos
1047 2367 1150 2452 redit,
1166 2390 1242 2435 ma·
1292 2369 1418 2440 inetuit
1432 2368 1500 2438 lur.
1551 2366 1701 2437 lnlestae
1715 2391 1796 2457 apes
1810 2367 1913 2452 lucis,
1937 2379 1977 2436 ut
1992 2380 2084 2436 recte
2099 2366 2279 2443 docentes,

258 2481 310 2576 gis
326 2481 439 2554 calefit
453 2477 531 2562 οδε,
555 2473 638 2568 quia
656 2473 710 2541 vis
728 2484 778 2540 est
799 2469 913 2539 maior
929 2467 967 2535 in
983 2467 1092 2535 radiis
1116 2467 1242 2536 rectio·
1293 2469 1430 2560 ignavis
1452 2481 1487 2540 et
1507 2468 1611 2559 gulae
1631 2467 1910 2558 indulgentibus.
1962 2465 2155 2537 scarabeus
2173 2463 2279 2557 aqui-

258 2587 370 2660 ribus.
410 2578 501 2651 Cum
517 2587 601 2645 suut
614 2595 818 2662 congressus
834 2569 1054 2660 planetarum
1070 2568 1242 2638 siccorum
1293 2572 1364 2638 lam
1383 2571 1475 2641 odit:
1506 2593 1586 2639 cunr
1611 2567 1714 2638 enim'
1724 2568 1841 2661 aquila
1866 2567 2005 2638 sorbeat
2022 2591 2088 2636 ova
2110 2565 2280 2648 scarabei,

258 2685 298 2756 in
310 2679 415 2753 'siccis
430 2668 556 2782 signis,
577 2684 619 2744 ut
634 2671 788 2742 vidimus
803 2693 896 2738 anno
911 2667 1111 2753 millesimo,
1136 2667 1242 2760 quin.
1295 2669 1447 2742 vicisspm
1470 2670 1654 2741 ,umbem
1675 2669 1875 2762 aquilarum
1890 2691 1955 2738 ova
1972 2667 2074 2738 celsis
2090 2667 2280 2736 arboribus

259 2783 473 2887 g'entesimo‚
498 2773 784 2870 quadragesimo,
819 2783 935 2839 aestus
957 2769 995 2835 in
1018 2768 1117 2853 a'e'rc‚
1149 2780 1183 2836 et
1205 2768 1242 2835 in
1296 2771 1425 2845 deiicit.
1452 2767 1533 2858 Qua
1545 2795 1583 2839 re
1596 2769 1811 2858 significatur
1822 2768 1929 2838 etiam
1944 2769 2142 2859 potentium
2157 2778 2282 2862 tyran-

260 2904 353 2959 terra
377 2881 514 2952 siccitas
532 2874 723 2945 maiorest.
775 2869 907 2942 Contra
925 2891 1006 2938 cum
1025 2864 1245 2939 sunthumi-
1297 2895 1424 2941 norum
1443 2869 1573 2939 iniuste
1589 2870 1678 2942 facta
1696 2870 1741 2938 ab
1756 2867 1887 2938 infimis
1905 2891 2004 2958 posse
2022 2867 2155 2960 puniri.
2208 2865 2282 2937 Sed

260 2990 389 3058 dorum
400 2979 611 3068 ‘congressus
630 2975 669 3043 in
683 2973 792 3062 signis
811 2967 988 3053 humidis,
1013 2969 1129 3037 maior
1144 2981 1196 3052 est
1211 2979 1246 3036 et
1297 2971 1434 3040 illustre
1456 2969 1697 3038 testimonium
1720 2981 1771 3037 est
1799 2967 2042 3060 providentiae
2064 2968 2148 3052 Dei,
2182 2965 2281 3061 quod

262 3087 355 3160 airis
379 3095 413 3153 et
434 3095 547 3151 terrae
575 3072 781 3145 humiditas.
853 3073 857 3080 ’
1297 3070 1345 3139 ip,
1379 3069 1516 3161 plangas
1543 3067 1743 3156 dpsffibupp‚
1786 3079 1826 3140 up
1858 3071 1955 3140 Velm
1988 3069 2027 3137 in
2059 3067 2280 3145 oeconomia,

353 3181 425 3254 Nec
442 3177 591 3251 dflblum
609 3189 661 3246 ²⁵l
682 3171 884 3242 ⁰⁰el⁰⁸ll¹¹¹¹¹
908 3187 1096 3260 ⁰0¹P⁰r1¹m
1120 3175 1154 3234 el
1176 3163 1247 3233 ele-
1298 3193 1425 3259 magno
1441 3167 1589 3238 consilio
1606 3167 1684 3238 aliis
1708 3169 1792 3238 alias
1808 3169 1901 3238 vires
1918 3169 2138 3240 attribuerit:
2161 3169 2199 3240 tt
2217 3191 2282 3259 pa-

262 3299 464 3358 mentorum
479 3276 704 3349 concordiam
721 3271 902 3341 mirificam
920 3289 1003 3336 esse.
1036 3263 1197 3336 chcbat
1213 3277 1246 3334 et
1298 3265 1355 3339 nis
1373 3292 1416 3340 ex
1437 3271 1642 3352 frumentis,
1671 3271 1787 3351 farre,
1813 3271 1950 3352 tritico,
1984 3272 2084 3366 olyra
2105 3282 2140 3340 ει
2160 3267 2283 3362 paucis

127 3425 133 3444 ¹
262 3383 445 3460 rationalis
478 3380 616 3450 animae
646 3399 725 3446 cum
752 3371 828 3444 Deo
858 3383 1027 3462 perpetua
1057 3363 1246 3436 concordia
1300 3369 1389 3454 aliis,
1406 3391 1557 3464 quatum
1572 3394 1693 3440 ,emm
1709 3371 1789 3441 pag,
1806 3385 2009 3454 agnatum,
2028 3371 2123 3442 utin
2139 3369 2283 3459 „ngui-

265 3513 356 3574 esse,
381 3509 459 3556 cum
476 3479 621 3575 quidem
635 3473 744 3545 homo
758 3475 804 3543 sit
818 3473 933 3558 imago
949 3469 1035 3554 Dei,
1061 3480 1094 3536 et
1113 3464 1249 3536 intelli·
1300 3495 1381 3540 nem
1406 3493 1595 3562 tol-Pomm
1622 3483 1825 3540 mmmm
1857 3472 2015 3542 conveni
2039 3471 2186 3562 possim.
2235 3465 2284 3540 Ep

265 3605 322 3683 gat
345 3607 465 3659 causas
486 3577 736 3678 consensionis.
788 3571 858 3642 Sed
876 3571 1034 3641 dicamus
1056 3571 1100 3636 de
1119 3565 1248 3657 plantis
1300 3571 1419 3643 addita
1440 3585 1492 3643 ..ι
1518 3572 1663 3662 rigago,
1690 3592 1780 3664 quae
1802 3571 1958 3663 fippopu·
2009 3571 2102 3642 Nam
2117 3572 2284 3642 ‘olam

178 3743 183 3752 ·
264 3693 410 3785 aliquot.
460 3682 623 3753 Balsama
641 3679 775 3747 sermm
790 3674 879 3743 adeo
895 3669 1080 3740 inimicum
1104 3681 1173 3750 est,
1197 3679 1248 3746 ut,
1299 3673 1409 3744 siccae
1423 3673 1581 3743 converti
1598 3673 1636 3740 in
1650 3669 1858 3760 sanguinem
1873 3685 2114 3764 nonpossant,
2145 3670 2285 3742 Deinde

267 3815 348 3864 cum
363 3791 459 3858 ferro
475 3794 630 3858 secatur,
654 3801 736 3846 mox
751 3775 881 3845 arebat.
932 3770 1119 3860 Unguibus
1141 3767 1250 3857 igitur
1301 3773 1558 3844 atmarborum
1573 3773 1740 3857 remedia,
1754 3793 1844 3865 quae
1860 3795 1934 3841 uon
1950 3786 2096 3864 possunt
2111 3795 2185 3843 esse
2202 3770 2286 3853 cibi,

267 3893 307 3961 3¹¹
322 3886 510 3978 8ιῖῑιΊιΜῐᾶθ
529 3894 563 3951 ‘l
579 3879 739 3974 P¹¹l³¹¹d⁰
759 3874 930 3945 ”lendum
948 3885 1009 3943 ⁰⁵¹·
1061 3866 1180 3959 [mago
1199 3880 1250 3938 0⁸1
1301 3875 1444 3974 condita
1460 3887 1563 3958 sunt,
1589 3886 1623 3944 et
1644 3885 1740 3943 tanta
1762 3885 1838 3942 arte
1855 3872 2064 3960 distributa,
2087 3873 2286 3964 utpracvi-

267 3989 464 4072 Ecclesiae,
489 4005 579 4075 quac
602 4002 677 4047 non
696 3977 790 4045 ferro
804 3974 965 4071 regenda
986 3985 1057 4056 est,
1081 3972 1141 4040 scd
1165 3993 1251 4038 voce
1302 3977 1389 4046 dens
1411 3974 1572 4044 diversos
1593 3974 1754 4054 morbos,
1779 3971 1850 4042 alia
1874 3975 2028 4044 reruedia
2051 3974 2130 4044 aliis
2153 3973 2286 4047 morbis

268 4091 460 4164 doctrinae.
495 4079 652 4164 Balsami
670 4099 772 4148 succo
789 4075 935 4144 aluntur
950 4073 1100 4164 viperae,
1126 4086 1159 4141 ει
1175 4093 1251 4138 ma·
1302 4076 1518 4165 opposuerit.
1569 4070 1652 4144 Alia
1673 4072 1799 4159 bilem,
1832 4075 1901 4144 alia
1932 4076 2098 4166 pituitam
2129 4069 2287 4156 trabum,

269 4197 338 4286 gn'a
362 4187 500 4279 agmins
519 4185 721 4274 viperarum
752 4177 915 4247 fruticem
938 4173 1036 4244 velut
1065 4172 1252 4258 obsidione
1303 4177 1391 4246 aliae
1405 4171 1535 4246 herbae
1550 4173 1772 4268 opitulantur
1786 4173 1942 4255 oscelam,
1959 4178 2049 4246 aliae
2066 4175 2179 4260 cordi,
2197 4176 2287 4246 aliae

270 4297 438 4384 cingunt,
465 4285 685 4355 delectantur
699 4290 734 4348 ει
747 4277 873 4348 umbra
889 4272 1069 4376 soliorum.
1119 4266 1253 4344 Succus
1303 4277 1484 4370 pulmoni,
1504 4278 1594 4347 aliae
1617 4276 1772 4368 pectori,
1798 4277 1888 4346 aliae
1910 4278 2023 4370 apati,
2049 4277 2140 4346 aliae
2161 4275 2287 4368 spleni,

271 4408 388 4467 autem
410 4385 561 4460 balsami
583 4379 777 4452 remedium
798 4392 849 4448 est
865 4389 987 4447 contra
1001 4399 1138 4445 venena
1159 4371 1253 4464 opti·
1304 4380 1394 4450 aliae
1408 4375 1636 4450 ventriculo..
1783 4448 1787 4454 ,

270 4507 389 4565 mum.
433 4487 493 4560 Sic
509 4485 656 4556 aluntur
668 4481 846 4584 balsama,
873 4478 908 4547 ld
927 4489 996 4576 est,¹
1021 4498 1106 4546 voce
1121 4474 1254 4545 doctri.
1335 4511 1338 4520 .
1406 4478 1501 4550 Hm
1524 4467 1710 4550 a'nfficpm
1732 4477 2184 4572 ἀίδὴῆωἰοᾝεψῳω
2206 4501 2291 4550 mu

272 4605 342 4666 riae
357 4587 527 4669 coelestis,
553 4597 693 4656 autores
709 4595 744 4651 et
759 4582 960 4650 defensores
976 4579 1148 4646 malorum
1166 4578 1255 4676 dog-
1304 4582 1402 4651 fieta
1414 4595 1482 4666 est,
1509 4585 1567 4657 sed
1584 4594 1732 4652 mmm
1745 4575 1842 4661 hun„
1862 4579 2038 4650 mugga
2057 4601 2189 4650 mann
2205 4599 2292 4653 ton-

274 4699 427 4773 inatum',
466 4702 500 4759 ει
526 4696 683 4757 mutatur
710 4682 882 4774 pabulum
918 4680 957 4748 in
979 4701 1126 4750 venena.
1169 4677 1254 4748 -sed
1304 4678 1386 4753 ‘silio
1412 4683 1595 4752 conditum
1616 4701 1709 4762 esse,
1736 4679 2031 4773 et'quldem'tta,
2057 4695 2102 4752 aa
2125 4682 2292 4771 sapam

273 4795 469 4866 balsamum
491 4809 614 4858 narsus
636 4784 830 4854 remedium
853 4793 915 4852 est.
973 4775 1065 4850 Olea
1088 4778 1256 4849 tormidet
1304 4784 1722 4855 conditommamantem
1737 4777 2023 4862 essehominum,
2048 4783 2292 4876 quinam

275 4891 462 4990 quercum,
488 4895 575 4959 adeo
598 4899 641 4987 nt
661 4883 832 4954 moriatur
845 4905 924 4951 cum
939 4881 1055 4949 vicina
1071 4893 1132 4952 est.
1184 4875 1257 4948 lm·
1307 4883 1446 4953 multae
1468 4885 1654 4976 praecipue
1676 4885 1727 4952 ad
1757 4877 1932 4951 humanus
1954 4905 2039 4952 mus
2062 4883 2174 4954 laetae
2192 4895 2292 4957 suut.

274 4996 373 5090 peria
397 5004 559 5083 premunt
578 4983 790 5068 Ecclesiam,
815 5005 853 5052 ac
872 4981 1074 5074 'pracsertim
1093 5005 1172 5048 cum
1197 4994 1258 5051 aut
1309 4979 1495 5056 ‘atabulus
1516 4982 1779 5056 distributionis
1791 4984 1954 5054 doctriua
1967 4981 2040 5055 lsai
2058 4983 2231 5056 benedeio
2255 4984 2293 5055 in

277 5093 435 5168 centauri
451 5094 612 5182 dogmata
635 5088 814 5169 condunt,
838 5105 901 5152 seu
926 5077 1259 5178 ratiocinaremur:
1309 5099 1384 5156 me
1405 5101 1526 5160 nom,
1543 5100 1576 5157 ct
1601 5081 1818 5180 quoppdpmp,
1835 5081 2136 5176 empppsnhnhffl
2152 5104 2293 5157 mmet,

277 5221 361 5268 nam
383 5195 426 5263 ad
451 5207 531 5261 suas
556 5189 836 5258 commoditates:
864 5198 924 5254 aut
946 5185 1151 5274 dogmatum
1166 5204 1260 5253 con*
1309 5179 1424 5262 ratur.
1459 5183 2084 5280 Quaeeatpaoprempifflfimm
2100 5199 2134 5258 α
2149 5198 2294 5276 propp„

277 5299 410 5371 dim
441 5305 581 5364 amm
618 5311 655 5358 ⁵⁰
672 5285 880 5380 EM&
912 5299 947 5358 ἃ
977 5285 1163 5382 ¹Y¹³¹¹¹ll⁶⁸
1194 5309 1260 5377 ΡΟ·
1310 5301 1468 5362 Mrem
1509 5288 1706 5360 utilitatem·
1737 5283 1825 5358 haec
1859 5287 1978 5358 studia
2013 5287 2293 5376 magarilaciende

279 5396 403 5472 lem·
573 5427 578 5441 '
738 5415 743 5426 “
779 5442 804 5480 ·.
836 5449 841 5456 ·
943 5459 952 5478 .
1127 5419 1144 5448 1'
1202 5389 1218 5454 ².
1311 5400 1407 5468 suot.
1457 5389 1549 5465 Cum
1563 5385 1784 5464 autem-baec
1796 5388 1992 5462 oratioism
2007 5384 2189 5475 habeatur,
2212 5414 2293 5463 eum
