4696 5820
74 289 156 363 sss
472 247 632 362 nu'cn
666 281 738 361 nu
773 281 1093 362 cularruar
1126 271 1704 354 aeeuuuarrouraus.
2040 265 2117 342 sss

76 461 166 531 alias
181 458 439 544 misericordia,
459 457 546 530 alias
560 453 730 531 ἐπιείκεια
744 459 962 529 nominatur.
990 451 1073 524 Non
1122 449 1342 523 contrarium
1373 450 1552 521 decretum
1583 447 1760 532 iecerunt,
1793 443 1893 516 nulla
1921 456 1963 516 ut
1987 445 2116 514 domus

77 561 184 632 dehet
199 557 314 634 lulius
327 559 382 630 M.
398 559 573 632 Marcello
594 555 687 633 hosti
708 560 880 632 acerrimo
895 555 1071 628 reductio·
1122 552 1174 624 eis
1203 553 1321 622 clausa
1348 563 1449 626 esset.
1505 545 1650 638 Collega
1680 562 1715 619 et
1742 547 1860 620 allinis
1885 559 1961 618 erat
1982 543 2117 616 Licinii

78 685 162 733 nem
193 660 233 732 in
263 661 437 756 patriam,
468 663 530 732 sed
549 659 705 754 Reipub.
735 663 841 733 dehet
865 680 1074 730 conservare
1123 651 1396 736 Constantinus,
1438 651 1500 722 sed
1533 651 1663 741 ingens
1693 649 1826 720 bellum
1843 643 2118 732 ‘Constantinus

77 763 214 834 multos
234 759 406 834 honestos
427 762 531 838 cives.
585 760 757 854 Intelligit
779 775 896 834 autem
916 756 1073 831 humana
1124 757 1291 826 adversus
1306 753 1475 844 collegam
1499 750 1672 843 suscepit,
1696 765 1736 822 ut
1756 746 1930 822 Ecclesias
1951 762 1988 821 et
2009 749 2117 821 nobi·

78 863 172 937 r'atio
196 861 261 935 has
281 866 392 956 leges,
418 865 582 936 ordinem
603 865 767 936 divinum
790 887 881 948 esse,
908 859 1072 933 etDeurn
1124 857 1278 928 lissimos
1296 854 1391 924 cives
1413 867 1536 924 contra
1554 853 1722 925 iniustam
1746 851 1929 924 saevitiam
1943 864 2114 934 tueretur,

77 963 135 1036 his
150 965 278 1037 officiis
289 966 360 1037 coli
374 966 476 1051 velle,
500 967 582 1037 ideo
596 965 687 1056 leges
698 965 793 1058 ipsas
808 961 956 1037 honesta
971 985 1073 1056 prae-
1125 982 1196 1054 quo
1216 958 1256 1026 in
1274 955 1370 1027 bello
1386 954 1620 1026 Marcellinus
1636 967 1758 1026 narrat
1776 953 1917 1026 auxiliis
1933 950 2115 1024 Francicis

79 1068 271 1160 cipientes,
295 1067 419 1158 figuris
440 1067 660 1160 picturarum
683 1080 746 1139 ant
768 1081 963 1141 statuarum
979 1063 1074 1134 anti·
1124 1058 1312 1153 praecipue
1325 1054 1601 1129 Constantinum
1627 1057 1791 1128 adiutum
1811 1077 1898 1128 esse.
1948 1051 2113 1148 Denique

80 1170 201 1265 quites
225 1171 401 1251 ostendit,
432 1184 475 1244 ut
496 1169 650 1240 solemus
674 1191 740 1260 pro
763 1181 914 1264 tyranno
938 1164 1074 1235 Draco·
1124 1176 1209 1233 nota
1237 1159 1358 1249 regula
1387 1173 1458 1241 est,
1491 1159 1763 1232 coniunctiones
1790 1169 1824 1228 et
1854 1154 2027 1227 amicitias
2050 1157 2113 1224 de-

79 1295 164 1341 nem
188 1269 351 1362 pingere,
381 1272 444 1340 sed
466 1281 601 1342 mmota
623 1271 813 1342 numinum
836 1267 1074 1362 adpellatione
1125 1265 1208 1332 here
1230 1282 1351 1332 causas
1367 1255 1533 1334 honestas
1547 1255 1689 1333 babere.
1740 1257 1975 1330 Ahsitautem
1989 1251 2112 1348 sophi-

80 1371 289 1464 allegoriam
307 1393 523 1442 enarremus.
1125 1364 1228 1448 stica,
1253 1386 1319 1433 nec
1340 1375 1402 1433 aut
1424 1363 1464 1431 in
1486 1361 1712 1452 foederibus,
1737 1372 1798 1431 aut
1818 1359 1858 1429 in
1872 1357 2113 1430 distractioni-

186 1499 296 1594 Quod
319 1500 415 1574 lovis
438 1503 531 1574 tiliae
553 1505 722 1578 dicuntur
734 1499 916 1588 Charites,
938 1499 1073 1592 signifi-

81 1618 207 1702 catum¹
224 1619 296 1688 est,
319 1603 431 1696 Leges
454 1605 498 1676 de
523 1606 660 1677 iusticia
685 1619 720 1676 et
734 1603 964 1694 beneficentia
978 1599 1072 1672 divi-

82 1729 148 1777 nas
172 1727 258 1779 esse.
316 1703 435 1778 Mater
457 1703 666 1804 Eurynome
690 1720 763 1800 est,
796 1707 880 1802 quia
903 1702 1072 1775 beneficia

81 1809 128 1878 ad
148 1807 282 1880 multos
303 1807 536 1900 perveniunt,
571 1809 769 1906 etquidem
793 1821 902 1878 totam
926 1805 1073 1876 societa-

81 1923 154 1980 tem
178 1903 370 1980 humanam
394 1924 615 1982 conservant.
666 1909 835 1982 Parentes
852 1908 954 1979 alunt
968 1907 1073 1978 sobo-

80 2011 172 2097 lem,
206 2009 300 2079 cives
329 2010 594 2082 communicant
618 2035 673 2082 res
693 2009 906 2082 necessarias
929 2021 1073 2080 contra-

82 2112 213 2194 ctibus,
237 2123 270 2180 et
283 2110 394 2182 multa
410 2126 588 2201 praestant
600 2111 714 2202 officia
728 2137 802 2183 non
819 2111 949 2185 dehita.
996 2105 1074 2180 Alii

82 2225 220 2306 patrem
260 2211 492 2284 nominarunt
519 2211 640 2288 Solem
679 2227 713 2286 et
748 2230 898 2286 matrem
927 2207 1074 2304 Aeglen,

83 2316 182 2408 quod
210 2311 319 2388 vitam
347 2313 491 2386 foveant
514 2328 548 2386 et
571 2328 700 2387 ornent
720 2315 859 2388 iusticia
884 2327 919 2386 et
939 2312 1073 2384 benefi-

85 2415 213 2486 centia.

185 2545 340 2618 Nomina
355 2569 440 2617 vero
453 2546 582 2622 usitata
590 2543 778 2620 Charitum
788 2543 874 2618 haec
883 2558 967 2620 sunt
978 2547 1073 2638 apud

83 2648 284 2720 Hesiodum
305 2660 340 2720 et
359 2645 577 2731 Pindarum,
610 2645 757 2740 Aglaie,
781 2644 1020 2742 Euphrosyne
1040 2661 1074 2718 et

83 2746 227 2822 'lbalia
273 2747 365 2820 Tres
379 2749 475 2820 enim
489 2773 509 2820 a
523 2751 702 2844 plerisque
716 2763 961 2822 numerantur.
1003 2747 1074 2820 La-

1125 1467 1192 1536 bus
1219 1464 1328 1535 salsae
1352 1485 1475 1534 causae
1499 1474 1765 1555 praetexantur,
1796 1474 1836 1534 ut
1858 1472 1943 1532 sunt
1963 1459 2112 1531 usitatae

1123 1566 1276 1636 ironiae:
1332 1587 1373 1635 ac
1399 1566 1605 1656 plectuntur
1633 1559 1796 1634 homines
1826 1557 1872 1634 οὐ
1900 1555 1964 1635 dsd
1997 1555 2112 1640 ποδὸς

1125 1659 1329 1764 ἁμάρτημα
1360 1665 1400 1738 ἐν
1423 1659 1574 1764 χορείᾳ,
1623 1668 1719 1759 quod
1748 1677 1868 1735 tamen
1897 1663 2112 1735 ostenditur.

1125 1769 1211 1839 ldeo
1235 1781 1352 1838 autem
1372 1771 1489 1838 nudae
1511 1769 1623 1859 pictae
1639 1779 1724 1838 sunt
1737 1762 1918 1847 Charites,
1944 1779 1985 1838 ut
1999 1765 2113 1836 simu-

1122 1871 1209 1942 latio
1229 1868 1352 1939 omnis·
1369 1869 1463 1940 absit
1482 1869 1577 1942 inter
1597 1868 1730 1939 amicos
1752 1881 1787 1940 et
1806 1867 1937 1952 socios,
1968 1880 2003 1939 et
2025 1888 2110 1935 vero

1123 1973 1277 2043 candore
1304 1969 1529 2057 animorum,
1561 1969 1728 2041 beneficia
1751 1983 1785 2041 et
1807 1969 1920 2040 officia
1942 1980 2111 2061 petantur

1123 2087 1158 2146 et
1170 2073 1386 2148 tribuantur.

1223 2172 1383 2245 Pertinet
1395 2173 1440 2243 acl
1455 2193 1575 2243 causas
1589 2169 1753 2245 honestas
1768 2188 1801 2246 et
1815 2170 1918 2259 haec,
1943 2197 1988 2244 ne
2002 2173 2110 2244 bene·

1122 2275 1262 2346 licentia
1283 2275 1329 2345 sit
1349 2273 1561 2345 inordinata·
1574 2299 1694 2347 rerum
1711 2276 1895 2366 dissipatio
1911 2288 1972 2348 ant
1986 2275 2109 2367 prolu-

1122 2380 1193 2462 sio,
1223 2385 1264 2448 ut
1287 2399 1416 2446 coenae
1438 2369 1591 2447 Antonii
1611 2391 1646 2448 et
1667 2374 1887 2470 Cleopatrae.
1944 2375 2108 2469 Denique

1122 2482 1191 2551 late
1205 2474 1292 2550 haec
1308 2475 1468 2548 doctrina
1487 2489 1600 2571 patet,
1623 2490 1665 2548 ut
1680 2479 1782 2548 lacile
1798 2503 1840 2548 ex
1857 2477 2049 2570 praeceptis
2065 2479 2110 2546 de

1123 2581 1260 2653 iusticia
1275 2591 1309 2650 et
1324 2578 1536 2651 liberalitate
1554 2577 1707 2668 intelligi
1724 2591 1850 2671 potest.

1224 2679 1331 2772 Regit
1353 2681 1463 2770 igitur
1475 2703 1599 2752 causas
1610 2681 1902 2753 coniunctionum
1915 2678 2030 2773 prima
2049 2681 2108 2747 in-

1122 2798 1177 2856 ter
1189 2777 1350 2854 Charites
1367 2778 1501 2871 Aglaia.
1553 2781 1715 2854 Secunda
1725 2778 1962 2878 Euphrosyne
1975 2781 2106 2852 volun·

82 2849 306 2969 ⁰⁸⁶³²¹¹J⁰¹¹ii
336 2852 423 2922 ‘¹⁰³⁸
450 2863 591 2970 ‘fimum
622 2853 833 2974 Piflstfflnf’
867 2850 950 2944 Ἰώ
973 2873 1073 2968 ‘3¹¹¹'
1121 2885 1205 2957 tatis
1223 2883 1262 2953 in
1283 2884 1391 2954 dante
1413 2895 1448 2954 et
1466 2883 1660 2976 accipiente
1673 2883 1926 2974 ingenuitatem
1940 2882 2109 2976 postulat,

81 2966 484 3073 P²¹¹⁸ffi¹⁰¹¹²¹¹¹f¹¹mf⁵
513 2967 547 3072 ξῑ
576 2977 705 3048 Preme
736 2956 813 3028 ‘¹²²¹
844 2952 1007 3028 menen
1039 2963 1073 3021 ‘¹
1122 2999 1163 3059 ut
1189 2983 1336 3056 dicitur:
1369 2981 1530 3054 Hilarem
1559 2986 1719 3056 datorem
1751 2985 1868 3075 diligit
1886 2982 1999 3058 Deus·
2058 2977 2108 3053 Et

80 3057 244 3126 '‘diist“
261 3065 410 3144 imma
434 3055 633 3145 ⁸¹ss⁰¹fi⁶³¹⁰
649 3056 852 3128 V⁰¹¹¹⁰m¹¹²·
904 3051 975 3126 ⁸⁰⁶
991 3075 1072 3126 ‘¹¹¹⁰
1121 3101 1254 3160 veteres
1275 3083 1406 3156 Graeci
1424 3085 1607 3158 dixerunt:
1639 3080 1820 3180 Χαρίτων
1846 3081 1892 3158 da'
1918 3111 1958 3158 τι
1978 3079 2107 3178 θυμὸς

80 3171 153 3228 tres
170 3155 418 3238 nominantur,
442 3157 681 3247 compensatio
697 3158 793 3229 inter
807 3157 909 3244 duos,
937 3169 970 3227 et
984 3156 1072 3226 ube-
1121 3189 1280 3284 ἄριστος.
1331 3185 1618 3274 Senemcfibp’
1644 3187 1794 3260 pagium
1809 3189 1986 3281 quendam
2000 3189 2110 3258 pm.

79 3257 159 3377 ’ἦθ’
180 3257 221 3326 3¹¹
241 3258 414 3328 “imme
436 3258 584 3348 isaiam
607 3257 834 3376 fignififamr·
888 3255 931 3326 ¹¹¹
955 3279 1073 3376 ΠΨ·
1122 3294 1240 3362 licium
1262 3290 1308 3358 ab
1329 3283 1476 3358 homine
1498 3290 1589 3358 draeo
1605 3311 1725 3380 aspere
1738 3291 1879 3373 datum,
1904 3289 2144 3366 nominasse,
2224 3337 2232 3348 .

80 3361 191 3430 nebus
216 3357 348 3428 multae
364 3372 448 3432 sunt
462 3357 828 3432 commonefactmnes.
880 3355 1008 3448 Aglara
1022 3370 1074 3428 est
1122 3415 1248 3486 panem
1264 3389 1482 3482 lapidosum,
1505 3413 1611 3482 quem
1627 3389 1796 3460 esurienti
1812 3390 1968 3482 πόρω
1982 3390 2028 3460 35,
2041 3411 2114 3458 ne,

79 3455 328 3579 P¹¹¹⁸f¹¹i²⁰d⁰3
378 3457 538 3577 Pflfflfl'?
554 3459 650 3530 ⁶le
666 3460 807 3552 pulcra,
835 3458 954 3548 idffl’
979 3459 1072 3548 ium
1121 3491 1329 3576 cessarium,
1354 3490 1528 3562 vescendo
1549 3503 1669 3561 tamen
1691 3490 1886 3562 insuavem.
1937 3488 2049 3581 Saepe
2071 3499 2107 3557 et

79 3562 218 3679 ⁰ffi²¹ffils
252 3571 287 3630 ⁸²
315 3573 428 3632 ¹¹¹⁸i³⁰
457 3573 664 3633 “mmmm
688 3583 812 3682 ΨΜ
833 3584 907 3632 ‘⁵⁸‘
929 3562 1072 3680 d?b²¹¹¹·
1121 3619 1220 3666 mora
1249 3592 1436 3665 utilitatem
1466 3589 1678 3683 corrumpit,
1715 3603 1756 3662 ut
1785 3591 1931 3662 dicitur:
1970 3587 2107 3672 Gratia,

79 3658 302 3734 Prohibetur
329 3683 411 3750 ergo
439 3662 611 3732 scelerum
641 3675 808 3749 societas,
839 3676 880 3736 ut
901 3674 1071 3783 scriptum
1120 3719 1211 3791 quae
1231 3696 1330 3765 md,
1344 3706 1414 3778 m,
1439 3692 1575 3782 ingrata
1590 3705 1654 3764 aaa.
1705 3687 1754 3763 Et
1765 3689 1828 3786 qui
1839 3691 1993 3786 superbe
2005 3692 2104 3768 dant,

80 3777 149 3834 est:
176 3761 260 3833 Non
275 3761 322 3833 sis
335 3763 450 3834 socius
463 3763 661 3834 alienorum
676 3765 858 3838 scelerum.
907 3761 956 3836 Et
970 3763 1070 3834 simr-
1121 3801 1227 3886 yonga
1254 3793 1493 3888 expectatyone
1519 3793 1697 3879 efficiam,
1726 3805 1766 3864 up
1794 3794 1835 3862 3„
1861 3794 1954 3864 ΜΠ,
1972 3790 2108 3864 sem

80 3869 132 3936 les
153 3864 192 3932 in
214 3864 352 3953 legibus
373 3859 633 3955 prohibitiones
647 3866 898 3950 multacsunt,
924 3866 1070 3985 societa-
1120 3898 1196 3970 fieri
1212 3897 1318 3978 deep,
1342 3895 1405 3966 „bg
1420 3894 1487 3975 agg,
1511 3893 1662 3966 inauri„
1675 3895 1882 3988 praecipita
1897 3917 1983 3977 ωε,
2008 3892 2106 3964 lenta

79 3979 135 4036 tes
165 3979 202 4034 et
229 3975 328 4056 pacta
361 3989 435 4034 non
465 3967 594 4036 debere
625 3991 701 4038 asse
725 3968 894 4039 scelerum
917 3970 1071 4042 vincula.
1119 3999 1299 4072 benefida.
1351 3995 1425 4066 N„
1445 4007 1585 4067 tamum
1608 3997 1646 4066 ῑῃ
1672 3999 1780 4068 ὼῃιρ
1801 3996 1915 4069 viram
1930 4010 1982 4068 „a
2029 3995 2105 4066 eina

81 4065 169 4182 11¹⁰?
185 4063 215 4134 Ρ
217 4065 339 4184 “fila
354 4067 460 4184 dixit:
494 4063 779 4187 M‘lelsswlffi
800 4065 908 4188 ‘Pii‘fi
929 4067 1071 4188 imm:
1120 4101 1303 4194 superbia,
1337 4098 1413 4168 sine
1434 4097 1664 4182 contumelia,
1688 4097 1766 4169 sine
1787 4049 2105 4191 captatione’dare,

80 4164 128 4238 Et
151 4191 191 4236 an
210 4165 323 4236 Mimo
345 4169 479 4239 dictum
502 4182 567 4239 est:
603 4167 664 4242 Bra
686 4185 804 4260 peccat
824 4196 886 4264 qut
913 4186 1072 4262 peccanti
1120 4207 1179 4274 sed
1205 4201 1352 4272 pompm
1371 4212 1405 4269 „p
1429 4198 1653 4288 tempestive,
1676 4211 1719 4271 ug
1738 4196 2104 4290 ingenigipouismo-

81 4269 295 4360 ⁰b⁵⁰qlll¹¹m
313 4271 565 4342 ³⁶⁶⁰mffl⁰d³h
1120 4304 1195 4374 veri
1229 4325 1310 4370 cum
1347 4299 1558 4389 cogitatione
1586 4293 1824 4372 humanarum
1854 4298 2121 4382 calamitatum,

185 4399 329 4489 Collega
361 4400 504 4490 triginta
533 4415 767 4495 tyrannorum
802 4398 950 4474 Athenis
973 4401 1071 4476 The-
1119 4401 1360 4474 misericordia
1383 4412 1419 4471 et
1440 4398 1574 4470 sincera
1596 4399 1856 4473 benevolentia.
1907 4398 1978 4472 Sed
1998 4398 2105 4468 etiam

81 4525 245 4571 ramenes
272 4502 359 4584 luit,
391 4517 424 4572 et
454 4504 598 4596 quidem
622 4517 726 4572 autor
748 4505 823 4572 cisra
845 4517 973 4587 status,
1009 4509 1069 4597 qui
1119 4508 1165 4576 ab
1188 4503 1380 4594 accipiente
1403 4500 1522 4570 absint
1541 4501 1693 4572 avaricia
1716 4515 1751 4574 ct
1774 4498 1945 4581 insidiae,
1977 4493 2106 4569 haheat

82 4605 189 4676 initio
214 4602 325 4691 patria
348 4607 563 4674 necessarius
584 4603 664 4674 hait.
720 4603 790 4674 Sed
814 4629 893 4672 cum
918 4609 1071 4698 collegae
1120 4595 1285 4677 hbnestas
1306 4624 1428 4674 causas
1449 4601 1592 4694 petitio,
1618 4626 1682 4672 nec
1698 4601 1744 4672 sit
1760 4602 1887 4674 similis
1899 4599 2105 4673 stellionum

81 4701 242 4774 honestis
262 4701 399 4774 civibus
420 4705 528 4774 vitam
552 4717 586 4775 et
607 4705 791 4775 facultates
813 4706 1009 4796 eriperent,
1036 4724 1070 4782 et
1120 4705 1335 4800 imposturis.
1385 4701 1496 4776 Recte
1521 4701 1707 4789 Tiberius,
1731 4701 1966 4774 astutissimus
1989 4723 2106 4783 senex,

82 4805 174 4874 filias
197 4804 369 4893 virgines,
402 4805 440 4872 in
461 4805 561 4876 atriis
583 4829 708 4876 cruore
732 4821 870 4896 patrum
892 4813 1069 4880 madenti·
1119 4831 1199 4879 cum
1224 4806 1328 4877 multi
1350 4817 1510 4895 peterent
1531 4804 1576 4874 ab
1599 4805 1676 4896 ipso
1699 4818 1740 4875 ιιι
1763 4803 1915 4873 solveret
1937 4823 1995 4873 aes
2017 4802 2105 4874 alie-

81 4906 169 4990 bus,
194 4905 323 4976 saltare
342 4906 457 4975 nudas
474 4918 656 4998 cogerent,
681 4908 858 4977 adversari
876 4910 926 4980 eis
942 4911 1070 5002 coepit,
1120 4933 1225 4991 num,
1258 4907 1355 5000 quod
1384 4905 1452 4998 ipsi
1478 4906 1673 4990 debebant,
1703 4903 1806 4974 iussit
1836 4925 1897 4974 eos
1919 4903 1959 4974 in
1979 4916 2105 4976 senatu
2213 4943 2219 4958 ·

83 5022 116 5078 et
136 5007 230 5076 mori
254 5005 396 5091 maluit,
422 5027 528 5099 quam
554 5009 722 5080 iniustam
745 5009 987 5081 crudelitatem
1004 5018 1069 5083 ad·
1118 5029 1238 5080 causas
1259 5009 1396 5090 dicere,
1419 5020 1643 5080 certantum
1667 5003 1756 5074 acris
1778 5005 1887 5076 alieni
1908 5004 2105 5078 contraris·

83 5107 216 5179 iuvare.
287 5105 459 5179 Fecerant
488 5111 666 5182 decretum
698 5109 989 5198 Lacedaemonii,
1023 5139 1068 5185 ne
1117 5122 1206 5182 sent.
1256 5108 1334 5178 Hac
1350 5108 1458 5180 veluti
1477 5129 1624 5178 censura
1639 5104 1812 5177 deterruit
1825 5105 1935 5194 alios,
1955 5130 2002 5178 ne
2015 5101 2103 5176 haec

85 5209 162 5300 quis
179 5203 460 5276 Atheniensibus
482 5211 644 5278 exsilibus
669 5205 862 5300 hospitium
887 5218 1068 5300 praeberet
1116 5202 1415 5303 πλεονεκτήματα
1432 5210 1477 5277 ab
1493 5205 1709 5299 lmperatore
1722 5219 1893 5298 peterent.
1970 5227 1975 5240 ·

84 5311 286 5390 gerentibus
300 5333 396 5377 arma
413 5311 457 5379 ad
476 5315 752 5399 recuperandam
766 5311 927 5400 patriam.
968 5312 1067 5384 The.
1218 5311 1315 5400 Quid
1340 5307 1501 5380 usitatius
1521 5322 1573 5380 est
1589 5309 1786 5400 perfidiosia
1802 5308 1944 5392 amicis,
1971 5307 2033 5399 qui
2048 5307 2068 5390 s
2085 5345 2103 5360 -

85 5409 164 5478 bani
203 5432 407 5502 quanquam
436 5409 799 5480 Lacedaemoniorum
834 5413 1067 5504 audierant,
1116 5411 1339 5484 miliaritates
1360 5407 1563 5500 aliquorum
1588 5411 1784 5503 adpetunt,
1816 5410 1928 5480 velut
1951 5407 2103 5478 abutan-

1437 5722 1540 5770 A
