4606 5822
204 395 207 400 ,
260 335 337 410 ees
887 395 890 401 ,
1031 249 1522 391 otsnuramonus
1561 393 1563 398 ,
2184 244 2263 390 ’σω

253 525 393 588 merus,
418 517 498 572 cum
518 491 620 585 lingit
632 483 867 579 Evangelium
890 473 1030 558 tantum
1051 507 1127 556 esse
1146 485 1243 557 noti·
1295 489 1340 560 de
1354 483 1411 558 bis
1425 483 1629 576 ingentibus
1642 442 1779 558 morbis
1790 485 1832 556 in
1844 481 1916 558 bac
1928 485 2057 558 misera
2073 500 2192 558 natura
2210 483 2262 560 ho·

31 681 33 688 .
131 607 145 633 “
254 612 345 682 ciam
359 599 556 674 naturalem
572 595 741 686 legis„et
757 611 880 660 omnes
893 583 1058 660 homiues
1072 582 1246 658 habentes
1293 587 1446 662 minum.
1510 582 1603 660 Cum
1623 585 1757 658 Paubrs
1781 609 1868 660 usus
1897 587 1942 659 sit
1975 588 2189 660 atrocissima
2215 593 2262 660 de·

204 745 209 754 ·
257 704 485 798 disciplinam
508 699 605 772 iuste
629 696 759 783 legem,
792 690 903 760 iustos
924 711 997 760 esse
1017 711 1137 758 coram
1156 685 1244 759 Deo.
1294 687 1507 781 scriptione:
1542 687 1676 762 Sensus
1697 689 1813 762 cernis
1832 687 2034 761 inimicicia·
2049 703 2103 762 est
2121 691 2262 762 adversus

255 808 416 884 Sciamus
427 814 546 872 autem
558 793 787 868 necessariam
803 813 875 862 esse
890 790 930 860 in
937 785 1095 860 Ecclesia
1112 789 1248 862 doctri·
1293 789 1423 864 Deum.
2036 822 2041 832 ·
2070 791 2075 798 '

182 983 185 988 i
256 933 341 982 nam
354 909 398 978 dc
419 899 648 974 distinetione
668 894 753 983 legis
770 905 805 960 et
821 888 1025 982 Evangelii,
1051 903 1087 962 et
1106 903 1248 961 utrum·
1397 893 1461 966 21.
1491 887 1728 984 Evangelium
1743 904 1794 964 est
1808 891 2026 986 praedicatio
2041 889 2264 984 poenitentiae,

195 1065 209 1086 ,
257 1033 326 1105 que
349 1027 460 1097 genus
474 1000 656 1073 doctrinae
672 1008 766 1066 recte
788 1005 822 1062 et
844 994 920 1064 sinc
934 987 1126 1085 sophistica
1140 991 1248 1064 intel·
1297 1005 1332 1065 ct
1362 992 1553 1085 promissio
1582 1017 1690 1086 quam
1721 1017 1797 1064 non
1824 992 1926 1066 novit
1956 994 2048 1064 ratio
2072 995 2264 1074 naturaliter,

256 1113 399 1201 ligatur.
906 1103 909 1110 “
1296 1096 1358 1165 sed
1383 1093 1535 1165 revelata
1552 1093 1746 1180 divinitus,
1785 1094 1825 1164 in
1851 1117 1921 1188 qna
1947 1093 2046 1166 Deus
2065 1097 2218 1166 adfirmat
2237 1118 2263 1163 se

360 1208 421 1280 19.
455 1201 504 1276 Ut
517 1202 629 1293 ,igitur
642 1196 833 1271 discrimen
850 1193 938 1284 legis
952 1205 987 1265 et
1001 1187 1190 1284 Evangelii
1203 1190 1250 1266 sit
1297 1194 1422 1286 gratis„
1448 1217 1521 1264 non
1537 1209 1682 1288 propter
1696 1196 1771 1268 ulla
1785 1205 1907 1266 nostra
1922 1196 2069 1281 merita,
2095 1211 2155 1266 ent
2171 1197 2264 1284 digni.

68 1305 75 1321 ⁸
147 1383 150 1390 .
256 1314 298 1382 in
315 1318 522 1399 conspectu,
546 1302 770 1374 definitiones
786 1297 978 1380 tradimus,
1002 1318 1089 1388 quas
1104 1309 1197 1366 recte
1214 1307 1250 1366 et
1297 1307 1406 1368 tatem
1420 1309 1597 1381 nostram,
1623 1299 1683 1368 sed
1700 1309 1846 1390 propr„
1859 1295 2100 1367 obedientiam
2114 1297 2187 1382 fiffi,
2208 1321 2264 1366 ,fg

257 1435 334 1484 non
352 1406 567 1481 calumniose
583 1401 736 1490 intelligi
752 1399 935 1482 volumus,
960 1409 1022 1467 aut
1036 1396 1148 1487 magis
1163 1418 1250 1466 con-
1298 1397 1466 1470 dentibus
1477 1397 1518 1466 in
1534 1397 1668 1483 filium,
1692 1411 1787 1470 certo
1800 1396 1980 1468 remittere
1992 1413 2148 1490 peccata,
2172 1411 2201 1469 ct
2215 1401 2264 1466 do-

257 1511 381 1586 cinnas
394 1507 497 1581 tradi.
547 1503 622 1576 Nec
645 1505 715 1574 iam
732 1501 776 1571 de
791 1499 915 1594 politia
931 1495 1071 1592 Moysi,
1092 1500 1137 1568 de
1154 1520 1250 1566 ccre-
1298 1521 1384 1570 nare
1415 1498 1465 1570 cis
1490 1497 1761 1590 imputationem
1779 1497 1942 1570 iusticias
1970 1513 2004 1570 et
2031 1499 2264 1570 reconciliatio-

258 1613 391 1686 mouiis
405 1624 468 1680 ant
480 1609 525 1676 de
538 1606 619 1676 foro
637 1604 842 1698 loquimur,
867 1599 927 1668 sed
944 1599 989 1668 de
1005 1599 1081 1689 lege
1097 1611 1251 1680 aeterna,
1298 1623 1402 1681 nem,
1426 1600 1466 1668 in
1490 1623 1560 1693 qua
1578 1597 1759 1672 iilius'llei
1781 1623 1866 1670 vore
1881 1595 2071 1691 Evangelii
2091 1601 2263 1671 consolatur

258 1735 349 1809 quae
373 1707 504 1803 puerili
523 1706 762 1800 appellatione
776 1700 985 1772 nominatur
999 1700 1073 1774 Lex
1089 1697 1250 1778 Morene.
1300 1714 1335 1782 et
1364 1699 1518 1776 vivificet
1548 1704 1655 1772 corda
1685 1700 1930 1794 cadentium,
1969 1715 2004 1772 et
2028 1701 2157 1772 liberat
2183 1723 2262 1770 ensa

259 1815 364 1888 Hanc
380 1805 569 1882 definimus
585 1803 654 1878 hoc
669 1792 791 1879 modo:
1299 1813 1415 1874 morte
1426 1814 1589 1888 aeterna,
1622 1801 1756 1874 etfacit
1771 1809 1832 1872 eos
1847 1799 2082 1893 templaDei,
2108 1804 2186 1872 dno
2202 1801 2261 1892 Spi-

361 1905 465 1981 Lex
490 1903 669 1978 morali
676 1930 696 1976 s
728 1917 781 1975 est
803 1918 945 1976 aeterna
969 1914 1004 1974 et
1025 1899 1172 1972 immota
1195 1921 1252 1970 sa·
1300 1904 1373 1978 ritu
1397 1915 1517 1976 sancto
1541 1903 1782 1978 sanctificante
1799 1907 1879 1986 ees,
1913 1916 1949 1974 et
1972 1903 2181 1976 accendente
2199 1901 2263 1970 tales

181 2065 185 2074 «
256 2014 392 2110 pientia
404 2027 440 2084 et
456 2010 578 2099 regula
593 2007 752 2080 iusticise
767 2007 807 2088 in
821 2003 918 2091 Deo,
940 2005 1145 2076 discernens
1157 2015 1252 2074 recta
1301 2019 1436 2088 motus,
1459 2005 1574 2098 qualis
1594 2019 1647 2077 est
1666 2005 1740 2095 ipse
1756 2003 1911 2095 Spiritus
1935 2017 2100 2090 sennua,
2129 2005 2262 2090 etdorat

258 2133 294 2192 et
316 2138 390 2187 non
413 2125 528 2196 reeta,
566 2110 691 2185 volens
713 2120 828 2192 recta,
868 2121 904 2177 et
925 2101 1094 2176 horribili
1117 2104 1170 2174 ira
1189 2105 1252 2172 de-
1300 2100 1551 2177 haereditatem
1582 2107 1676 2176 vitae
1709 2119 1871 2176 aeternae
1903 2106 2147 2192 credentibus,
2189 2104 2262 2196 quod

259 2233 401 2293 struens
417 2212 607 2294 contraria,
632 2209 733 2282 cuius
748 2207 880 2280 noticia
894 2206 934 2276 in
952 2204 1128 2276 creatione
1144 2203 1253 2276 ratio·
1301 2218 1447 2298 propter
1468 2207 1585 2298 ipsum
1606 2205 1715 2296 gratis
1739 2201 1892 2276 habeant
1908 2208 2150 2276 remissionem
2168 2217 2261 2298 pecca·

260 2319 404 2390 noiibus
421 2312 590 2387 creaturis
605 2310 711 2388 insita
726 2323 797 2392 est,
829 2323 864 2380 ct
885 2320 1006 2399 postea
1027 2327 1129 2399 saepe
1152 2327 1253 2395 repe-
1302 2320 1438 2393 torum,
1462 2307 1735 2399 imputationem
1756 2307 1932 2393 iusticias,
1957 2309 2261 2386 reconciliationem,

214 2501 217 2506 ¹
259 2422 325 2489 tita
340 2430 375 2488 et
390 2415 566 2486 declarata
582 2435 667 2482 voce
689 2410 831 2494 divina,
853 2419 895 2479 ut
919 2407 1069 2480 sciamus
1088 2408 1184 2499 quod
1208 2405 1255 2478 sit
1303 2422 1338 2480 et
1353 2404 1606 2480 haereditatem
1624 2409 1716 2480 vitae
1732 2420 1905 2478 aeternae.
1952 2427 1957 2442 ’

259 2517 377 2603 Deus,
402 2529 437 2588 et
457 2514 573 2610 qualis
595 2513 661 2598 sit,
687 2523 723 2583 et
746 2511 844 2604 quod
865 2510 912 2580 sit
933 2509 1058 2593 iudex,
1091 2507 1254 2596 obligans
1404 2513 1467 2582 22.
1498 2508 1603 2580 Falsa
1616 2523 1676 2601 ¹est
1689 2508 1895 2598 imaginatio
1915 2501 2194 2587 Pharisaeorum,
2208 2497 2262 2567 Pt-

261 2641 386 2705 omnes
415 2629 591 2686 creaturas
621 2613 831 2697 rationales,
871 2623 907 2681 et
938 2608 1174 2702 praecipiens,
1214 2620 1256 2679 ut
1302 2633 1383 2702 poe,
1410 2605 1694 2696 Monacborum,
1722 2633 1812 2703 quae
1832 2607 1955 2698 fingit,
1987 2603 2148 2679 homines
2166 2605 2199 2672 in
2213 2597 2261 2669 hac

260 2743 384 2794 omnes
406 2719 480 2789 sint
500 2715 699 2786 conformes
718 2712 808 2804 ipsi,
849 2725 884 2784 et
906 2707 1060 2781 babeant
1082 2708 1255 2798 integram
1304 2711 1531 2783 immunditie
1554 2725 1701 2784 naturae
1721 2711 1850 2780 mereri
1873 2709 2118 2780 remissionem
2136 2717 2260 2798 peccato

230 2909 234 2919 ι
261 2815 502 2894 obedientiam
514 2817 611 2887 iuxta
626 2828 738 2894 totam
752 2815 883 2902 legem,
908 2826 944 2884 et
956 2831 1123 2882 accusans
1139 2832 1178 2880 ac
1193 2812 1255 2880 de-
1303 2836 1403 2898 rnm,
1429 2826 1464 2883 et
1478 2813 1590 2884 iustos
1607 2836 1679 2884 esse
1696 2807 1763 2884 bac
1777 2812 1994 2898 obedientia,
2013 2813 2120 2904 qnam
2134 2804 2260 2878 homines

260 2938 400 2998 muers
418 2940 540 2989 omnes
557 2939 632 2987 non
647 2917 856 2998 conformes,
880 2914 977 2985 iuxta
993 2911 1146 2983 dictum:
1173 2909 1255 2980 Ma-
1304 2929 1486 3010 utcunque
1501 2928 1678 3006 praestare
1702 2924 1850 3006 possunt
1874 2912 1956 3001 legi.
2020 2911 2101 2983 Hoc
2117 2905 2259 2979 somnium

259 3024 410 3098 ledictus
442 3020 506 3112 qui
535 3041 611 3087 non
636 3015 867 3109 permanserit
889 3017 927 3082 in
948 3013 1135 3097 omnibns,
1164 3033 1256 3104 quae
1304 3011 1481 3086 humanae
1511 3015 1660 3086 rationis
1687 3014 1879 3085 clarissime
1901 3015 2077 3085 refutatur
2098 3009 2160 3082 boc
2179 3006 2258 3074 dicto:

262 3125 392 3216 scripta
407 3133 492 3190 sunt
508 3120 547 3186 in
563 3119 650 3206 lege.
693 3115 786 3186 Cum
803 3128 920 3184 autem
934 3115 975 3184 in
988 3112 1195 3182 definitione
1210 3112 1257 3180 sit
1304 3113 1360 3186 Ex
1374 3115 1542 3204 operibus
1556 3117 1643 3204 legis
1659 3139 1736 3186 non
1751 3113 1999 3188 iustificabitur
2012 3114 2128 3185 omnis
2142 3131 2219 3180 caro.

261 3223 495 3298 vocabulum,
521 3219 679 3300 immota,
703 3239 744 3284 ex
754 3211 948 3303 Evangelio
965 3214 1132 3284 adiicitur
1146 3214 1257 3282 iuter·
1407 3215 1469 3290 23.
1499 3215 1571 3288 Sed
1584 3215 1681 3286 Deus
1698 3217 1868 3286 immensa
1885 3216 2046 3288 bonitate
2059 3209 2199 3285 instituit
2210 3203 2258 3274 mi-

260 3323 430 3417 pretatio,
453 3318 525 3390 nisi
540 3319 600 3406 liat
615 3316 777 3388 remissio
793 3329 828 3386 et
852 3315 1092 3386 reconciliatio
1112 3328 1256 3406 propter
1304 3317 1491 3392 nisterium
1506 3313 1711 3408 Evangelii,
1735 3330 1823 3388 etut
1844 3317 1922 3408 ipse
1942 3331 2165 3406 agnoscatur,
2192 3313 2278 3380 aaut,

260 3425 374 3498 filium
395 3420 637 3495 mediatorem.
689 3415 779 3488 Nam
796 3414 1169 3508 antepromissionem
1189 3415 1257 3484 ali·
1306 3415 1470 3494 homines
1493 3420 1692 3501 salventur,
1726 3419 1765 3488 in
1786 3441 1857 3512 quo
1877 3416 2078 3494 ministerio
2098 3415 2169 3486 vult
2187 3399 2278 3492 argui*

152 3543 155 3558 ¹
260 3539 316 3597 ter
331 3522 481 3596 iudicari
495 3544 569 3590 non
584 3519 712 3612 potnit,
738 3517 809 3588 nisi
822 3519 912 3588 iram
926 3539 1073 3609 prorsus
1087 3517 1257 3586 immuta-
1305 3533 1446 3612 peccata
1461 3519 1623 3592 omnium
1644 3516 1848 3604 bominum,
1871 3519 1935 3612 qni
1956 3533 2149 3592 nascuntur
2166 3513 2198 3579 in
2214 3502 2260 3574 hac
2277 3519 2278 3524 ’

260 3630 370 3700 bilem
391 3646 485 3708 esse,
524 3635 559 3694 et
587 3622 637 3692 sic
666 3631 718 3690 etl
748 3618 1000 3704 immutabilis,
1039 3618 1135 3709 quod
1161 3614 1257 3685 Deus
1305 3622 1535 3693 immunditie
1548 3635 1714 3706 naturae,
1741 3618 1819 3692 vult
1833 3634 1868 3692 et
1884 3643 2010 3692 sonere
2028 3614 2258 3714 promissionem

260 3740 554 3820 peccato-semper
570 3722 734 3792 irascitur
750 3733 786 3790 et
803 3743 878 3790 non
896 3711 1111 3808 sine‘poena
1132 3717 1258 3787 remit·
1307 3725 1351 3792 de
1365 3722 1544 3793 beneficiis
1559 3723 1636 3796 filii.
1686 3719 1734 3798 Et
1749 3723 1895 3815 quidem
1910 3722 1987 3792 vult
2001 3720 2103 3813 argui
2121 3737 2191 3788 cum
2207 3727 2258 3776 cac·

262 3832 325 3913 tit,
351 3849 457 3919 quam
473 3826 513 3894 in
532 3824 646 3892 filium
659 3822 890 3892 mediatorem
906 3821 1078 3890 immensa
1098 3819 1258 3889 bonitate
1307 3837 1382 3895 tera
1399 3838 1560 3916 peccata,
1586 3845 1676 3917 quae
1690 3825 1748 3894 lex
1763 3817 1938 3908 ostendit,
1964 3835 2041 3894 tum
2055 3819 2122 3894 boc
2136 3805 2259 3888 tristissi-

192 3984 201 3998 .
262 3942 299 4006 et
329 3926 493 4008 mirando
523 3923 692 4006 consilio,
736 3921 936 3992 transtulit:
974 3920 1102 4010 recipit
1138 3932 1257 3990 autem
1307 3949 1406 3995 mum
1440 3937 1620 4016 peccatum
1653 3925 1750 4017 quod
1786 3925 1826 3996 in
1860 3923 2057 4014 Evangelio
2089 3911 2257 3992 ostenditur,

262 4039 462 4100 creaturam
487 4045 586 4115 suam
617 4034 763 4113 propter
788 4017 918 4096 filium.
985 4021 1148 4115 Suntque
1177 4043 1258 4091 exe·
1308 4028 1571 4120 quodmuudns
1586 4025 1726 4115 ignorat
1749 4038 1784 4098 et
1805 4026 2001 4097 contemnit
2021 4025 2132 4096 filium
2148 4012 2219 4090 Dei,
2237 4015 2259 4070 ²¹

261 4126 388 4202 mandi
418 4125 557 4220 fugeres
581 4122 782 4194 Stoicorum
802 4135 838 4192 et
860 4115 1157 4206 Antinomorum‚
1194 4121 1257 4216 qui
1307 4128 1401 4200 sicut·
1422 4127 1553 4217 impius
1577 4127 1668 4198 fauo
1699 4127 1739 4198 in
1770 4149 1873 4198 cruce
1901 4151 1982 4198 eum
2012 4126 2162 4204 deridet,
2197 4113 2258 4180 sicut

263 4225 535 4322 immensum
548 4225 639 4296 velle
654 4235 806 4317 peccata.
1307 4230 1459 4300 maxima
1475 4227 1632 4319 potentia
1653 4228 1692 4296 in
1714 4251 1841 4319 genere
1861 4221 2038 4313 hnmano,
2069 4208 2258 4296 mahometo

306 4348 311 4360 ‘
364 4331 424 4403 20.
464 4325 634 4398 Definitio
665 4325 799 4417 peccati
828 4325 922 4416 apud
944 4321 1142 4412 Iohannem
1164 4337 1271 4396 recte
1308 4344 1343 4402 et
1372 4331 1560 4421 papistica,
1591 4329 1817 4400 coutumeliis
1838 4330 1957 4400 adficit
1977 4329 2090 4400 filium
2108 4318 2182 4396 Dei·
2226 4299 2258 4418 Ῑῗῑ

219 4451 224 4458 ·
262 4431 392 4504 tradita
409 4442 481 4511 est,
508 4421 674 4522 ἁμαρτία
691 4421 791 4500 ἐστὶν
806 4419 957 4519 ἀνομία.
1007 4421 1058 4497 Et
1072 4426 1258 4498 insaniunt
1307 4431 1424 4508 rabies
1447 4431 1671 4521 ingeniorum
1689 4431 1728 4499 in
1741 4427 1946 4522 Epicureis,
1971 4445 2006 4504 et
2024 4419 2257 4523 praestigiator·

262 4529 444 4626 Papistae,
476 4529 539 4623 qui
555 4528 828 4620 negantmalam
846 4527 1167 4619 concupiscentiam
1183 4547 1258 4596 esse
1308 4535 1375 4604 bns
1406 4534 1695 4626 quibuscunque,
1732 4547 1778 4610 ut¹
1806 4533 1847 4601 in
1880 4529 2041 4618 Ebione,
2079 4521 2255 4600 Mahomtlft

264 4629 439 4728 ἀνομίαν.
489 4626 539 4702 Et
555 4627 787 4700 insulsissime
809 4628 955 4717 dicunt,
988 4630 1100 4719 legem
1118 4642 1258 4700 tanturn
1308 4633 1474 4719 Serveto,
1507 4627 1760 4716 Thammero„
1784 4649 1819 4706 et
1851 4633 1931 4704 aliis
1960 4633 2099 4716 multis,
2131 4623 2256 4695 furentur

263 4739 307 4806 de
324 4733 524 4806 actionibus
538 4729 761 4814 concionari,
783 4731 917 4798 nonde
932 4729 1125 4802 defectibus
1140 4729 1179 4798 in
1194 4752 1258 4798 na·
1309 4749 1596 4827 oppugnarem,
2225 4780 2234 4814 ,

262 4848 362 4915 tura,
388 4845 575 4927 quaesunt
591 4829 790 4904 tristissima
806 4831 954 4900 vulnera
966 4849 979 4915 ,¹
1000 4825 1258 4916 videliceg‘ca-
1409 4835 1472 4909 24,
1512 4829 1708 4928 oppugnat
1737 4861 1818 4908 eum
1841 4837 1881 4908 'gg
1904 4831 2170 4910 stengkfelffius,
2201 4824 2276 4882 ruffl'

141 5017 145 5024 .
262 4957 340 5006 rere
361 4935 437 5005 lucc
450 4933 537 5020 Dei,
561 4933 731 5004 fluctuare
753 4926 944 5000 horrendis
961 4929 1259 5017 dubitationibus,
1309 4959 1384 5005 non
1407 4937 1537 5006 desinit
1558 4935 1765 5022 vociferari,
1805 4934 1922 5009 Deum
1946 4935 2190 5010 communicare
2206 4923 2256 4982 ⁵0⁵⁰

262 5035 383 5127 vagari
414 5037 524 5104 coecis
552 5033 755 5117 affectibus,
786 5033 831 5102 de
861 5031 991 5124 quibus
1017 5032 1122 5104 malis
1139 5032 1261 5126 inquit
1310 5037 1387 5108 sine
1409 5038 1623 5128 cogitatione
1644 5037 1828 5112 doctrinae
1843 5041 2012 5132 scriptae,
2042 5026 2195 5129 oequeilt
2213 5007 2256 5080 ³¹*

264 5135 413 5213 Paulus:
441 5129 578 5206 Omnes
595 5148 714 5206 carent
726 5131 838 5224 gloria
846 5129 932 5214 Dei,
959 5133 1085 5219 idest,
1107 5130 1186 5205 Deo
1201 5135 1259 5204 lu·
1310 5139 1408 5209 ducit
1428 5135 1591 5210 homines
1611 5162 1632 5208 a
1654 5140 1797 5229 publico
1813 5141 2031 5228 ministerio,
2056 5152 2089 5210 et
2106 5159 2126 5203 a
2141 5115 2254 5215 fectinet

265 5251 366 5310 ccnte
383 5237 423 5307 iu
436 5233 542 5328 ipsis,
573 5249 608 5306 et
632 5235 831 5328 complente
855 5256 916 5303 eos
937 5255 1001 5306 sua
1024 5234 1182 5322 iusticia,
1212 5259 1260 5306 ne
1310 5255 1344 5310 et
1365 5241 1576 5328 cogitatione
1601 5241 1802 5330 doctrinae,
1839 5243 1940 5336 quasi
1967 5245 2093 5316 frustm
2112 5230 2192 5303 ttius
2208 5210 2252 5283 ΒΗ

264 5341 312 5412 sit
329 5351 510 5432 peccatum
526 5335 566 5404 in
582 5335 644 5406 eis.
703 5333 752 5406 Et
768 5330 1017 5430 sycophantioe
1034 5335 1128 5406 ludit
1143 5334 1260 5430 Syno-
1311 5341 1500 5431 protulerit
1537 5355 1715 5412 externam
1749 5339 1939 5434 Evangelii
1976 5365 2093 5417 vocem
2120 5331 2165 5401 'ex
2197 5314 2251 5386 ⁵5⁰⁰

132 5467 136 5480 .
266 5443 335 5514 dus
360 5436 598 5524 Tridentino,
633 5436 845 5506 confirmans
866 5459 1022 5544 errorem
1040 5437 1261 5536 'papisticum
1311 5443 1444 5532 aeterni
1462 5443 1582 5536 patris,
1609 5457 1643 5516 et
1660 5417 2275 5554 qqasismsgradicmmsiiinpediit:³
