<?xml version="1.0" encoding="UTF-8"?>
<!DOCTYPE html PUBLIC "-//W3C//DTD XHTML 1.0 Transitional//EN"
    "http://www.w3.org/TR/xhtml1/DTD/xhtml1-transitional.dtd">
<html xmlns="http://www.w3.org/1999/xhtml" xml:lang="en" lang="en">
 <head>
  <title>
</title>
<meta http-equiv="Content-Type" content="text/html;charset=utf-8" />
  <meta name='ocr-system' content='tesseract 3.04.00' />
  <meta name='ocr-capabilities' content='ocr_page ocr_carea ocr_par ocr_line ocrx_word'/>
</head>
<body>
  <div class='ocr_page' id='page_1' title='image "./corpusreformato13melagoog_0341.png"; bbox 0 0 4604 5804; ppageno 0'>
   <div class='ocr_carea' id='block_1_1' title="bbox 990 251 1599 340">
    <p class='ocr_par' dir='ltr' id='par_1_1' title="bbox 990 251 1599 384">
     <span class='ocr_line' id='line_1_1' title="bbox 990 251 1599 340; baseline -0.002 -4"><span class='ocrx_word' id='word_1_1' title='bbox 990 251 1479 340; x_wconf 78' lang='lat' dir='ltr'><strong><em>n1scuuav10uus</em></strong></span> <span class='ocrx_word' id='word_1_2' title='bbox 1596 283 1599 290; x_wconf 92' lang='lat'><strong>·</strong></span> 
     </span>
    </p>
   </div>
   <div class='ocr_carea' id='block_1_2' title="bbox 741 789 1698 958">
    <p class='ocr_par' dir='ltr' id='par_1_2' title="bbox 741 765 1698 960">
     <span class='ocr_line' id='line_1_2' title="bbox 741 789 1698 958; baseline -0.003 -25"><span class='ocrx_word' id='word_1_3' title='bbox 741 789 1698 958; x_wconf 77' lang='lat' dir='ltr'><strong><em>-n)uuorosru1&#39;otvns</em></strong></span> 
     </span>
    </p>
   </div>
   <div class='ocr_carea' id='block_1_3' title="bbox 215 1005 2294 1144">
    <p class='ocr_par' dir='ltr' id='par_1_3' title="bbox 215 1005 2294 1144">
     <span class='ocr_line' id='line_1_3' title="bbox 215 1005 2294 1144; baseline 0 -18"><span class='ocrx_word' id='word_1_4' title='bbox 215 1077 259 1126; x_wconf 82' lang='lat' dir='ltr'><strong><em>ex</em></strong></span> <span class='ocrx_word' id='word_1_5' title='bbox 275 1047 386 1126; x_wconf 81' lang='lat' dir='ltr'><strong><em>Turno</em></strong></span> <span class='ocrx_word' id='word_1_6' title='bbox 403 1043 472 1123; x_wconf 87' lang='lat' dir='ltr'><strong><em>Ill.</em></strong></span> <span class='ocrx_word' id='word_1_7' title='bbox 495 1063 639 1141; x_wconf 89' lang='lat' dir='ltr'><strong><em>operum</em></strong></span> <span class='ocrx_word' id='word_1_8' title='bbox 653 1037 828 1114; x_wconf 87' lang='lat' dir='ltr'><strong><em>Melantb.</em></strong></span> <span class='ocrx_word' id='word_1_9' title='bbox 843 1005 954 1116; x_wconf 82' lang='lat' dir='ltr'><strong><em>Besil.</em></strong></span> <span class='ocrx_word' id='word_1_10' title='bbox 978 1041 1119 1140; x_wconf 81' lang='lat' dir='ltr'><strong><em>quaein</em></strong></span> <span class='ocrx_word' id='word_1_11' title='bbox 1133 1045 1300 1142; x_wconf 90' lang='lat' dir='ltr'><strong><em>operibus</em></strong></span> <span class='ocrx_word' id='word_1_12' title='bbox 1316 1045 1490 1126; x_wconf 84' lang='lat' dir='ltr'><strong><em>Melantlt.</em></strong></span> <span class='ocrx_word' id='word_1_13' title='bbox 1510 1037 1868 1142; x_wconf 80' lang='lat' dir='ltr'><strong><em>Witeulsergsusibus</em></strong></span> <span class='ocrx_word' id='word_1_14' title='bbox 1888 1065 1959 1119; x_wconf 89' lang='lat' dir='ltr'><strong><em>nou</em></strong></span> <span class='ocrx_word' id='word_1_15' title='bbox 1982 1053 2063 1122; x_wconf 85' lang='lat' dir='ltr'><strong><em>sunt</em></strong></span> <span class='ocrx_word' id='word_1_16' title='bbox 2082 1071 2243 1126; x_wconf 75' lang='lat' dir='ltr'><strong><em>recusae.</em></strong></span> <span class='ocrx_word' id='word_1_17' title='bbox 2293 1087 2294 1144; x_wconf 60' lang='lat'><strong><em>.</em></strong></span> 
     </span>
    </p>
   </div>
   <div class='ocr_carea' id='block_1_4' title="bbox 802 1203 823 1242">
    <p class='ocr_par' dir='ltr' id='par_1_4' title="bbox 802 1203 823 1242">
     <span class='ocr_line' id='line_1_4' title="bbox 802 1203 823 1242; baseline 0 0"><span class='ocrx_word' id='word_1_18' title='bbox 802 1203 823 1242; x_wconf 60' lang='lat' dir='ltr'>Q</span> 
     </span>
    </p>
   </div>
   <div class='ocr_carea' id='block_1_5' title="bbox 1118 1259 1330 1274">
    <p class='ocr_par' dir='ltr' id='par_1_5' title="bbox 1118 1259 1330 1274">
     <span class='ocr_line' id='line_1_5' title="bbox 1118 1259 1330 1274; baseline -0.038 3"><span class='ocrx_word' id='word_1_19' title='bbox 1118 1259 1330 1274; x_wconf 49' lang='lat' dir='ltr'><strong><em>mm</em></strong></span> 
     </span>
    </p>
   </div>
   <div class='ocr_carea' id='block_1_6' title="bbox 409 1443 2294 1654">
    <p class='ocr_par' dir='ltr' id='par_1_6' title="bbox 409 1407 2294 1654">
     <span class='ocr_line' id='line_1_6' title="bbox 452 1443 2242 1548; baseline 0 -20"><span class='ocrx_word' id='word_1_20' title='bbox 452 1449 518 1548; x_wconf 89' lang='lat' dir='ltr'><strong><em>(l.)</em></strong></span> <span class='ocrx_word' id='word_1_21' title='bbox 545 1473 547 1478; x_wconf 86' lang='lat'>·</span> <span class='ocrx_word' id='word_1_22' title='bbox 566 1443 626 1526; x_wconf 84' lang='lat' dir='ltr'><strong><em>De</em></strong></span> <span class='ocrx_word' id='word_1_23' title='bbox 647 1449 759 1524; x_wconf 82' lang='lat' dir='ltr'><strong><em>rebus</em></strong></span> <span class='ocrx_word' id='word_1_24' title='bbox 788 1449 965 1542; x_wconf 73' lang='lat' dir='ltr'><strong><em>politicis.</em></strong></span> <span class='ocrx_word' id='word_1_25' title='bbox 1355 1444 1453 1539; x_wconf 86' lang='lat' dir='ltr'><strong><em>Ergo</em></strong></span> <span class='ocrx_word' id='word_1_26' title='bbox 1468 1447 1634 1541; x_wconf 79' lang='lat' dir='ltr'><strong><em>politicae</em></strong></span> <span class='ocrx_word' id='word_1_27' title='bbox 1650 1447 1895 1522; x_wconf 75' lang='lat' dir='ltr'><strong><em>ordinationes</em></strong></span> <span class='ocrx_word' id='word_1_28' title='bbox 1909 1467 1994 1525; x_wconf 87' lang='lat' dir='ltr'><strong><em>sunt</em></strong></span> <span class='ocrx_word' id='word_1_29' title='bbox 2012 1454 2131 1524; x_wconf 87' lang='lat' dir='ltr'><strong><em>bonae</em></strong></span> <span class='ocrx_word' id='word_1_30' title='bbox 2147 1462 2242 1529; x_wconf 59' lang='lat' dir='ltr'><strong><em>ereass</em></strong></span> 
     </span>
     <span class='ocr_line' id='line_1_7' title="bbox 409 1544 2294 1654; baseline -0.022 -25"><span class='ocrx_word' id='word_1_31' title='bbox 409 1563 511 1647; x_wconf 86' lang='lat' dir='ltr'><strong><em>(opp.</em></strong></span> <span class='ocrx_word' id='word_1_32' title='bbox 527 1557 601 1625; x_wconf 80' lang='lat' dir='ltr'><strong><em>Mel.</em></strong></span> <span class='ocrx_word' id='word_1_33' title='bbox 615 1557 711 1624; x_wconf 85' lang='lat' dir='ltr'><strong><em>Besil.</em></strong></span> <span class='ocrx_word' id='word_1_34' title='bbox 727 1557 766 1621; x_wconf 89' lang='lat' dir='ltr'><strong><em>T.</em></strong></span> <span class='ocrx_word' id='word_1_35' title='bbox 782 1553 843 1622; x_wconf 84' lang='grc' dir='ltr'><strong>ΙΙΙ.</strong></span> <span class='ocrx_word' id='word_1_36' title='bbox 869 1579 902 1639; x_wconf 89' lang='lat' dir='ltr'><strong><em>p.</em></strong></span> <span class='ocrx_word' id='word_1_37' title='bbox 916 1554 1007 1638; x_wconf 79' lang='lat'><strong><em>294.)</em></strong></span> <span class='ocrx_word' id='word_1_38' title='bbox 1114 1649 1118 1654; x_wconf 88' lang='lat'><strong><em>.</em></strong></span> <span class='ocrx_word' id='word_1_39' title='bbox 1256 1567 1356 1626; x_wconf 70' lang='lat' dir='ltr'><strong><em>turae</em></strong></span> <span class='ocrx_word' id='word_1_40' title='bbox 1372 1544 1453 1624; x_wconf 78' lang='lat' dir='ltr'><strong><em>Dei,</em></strong></span> <span class='ocrx_word' id='word_1_41' title='bbox 2293 1557 2294 1604; x_wconf 57' lang='lat' dir='ltr'><strong><em>a</em></strong></span> 
     </span>
    </p>
   </div>
   <div class='ocr_carea' id='block_1_7' title="bbox 113 1647 2243 1920">
    <p class='ocr_par' dir='ltr' id='par_1_7' title="bbox 113 1621 2294 1920">
     <span class='ocr_line' id='line_1_8' title="bbox 215 1647 2243 1796; baseline -0.047 6"><span class='ocrx_word' id='word_1_42' title='bbox 215 1710 267 1796; x_wconf 85' lang='lat' dir='ltr'>M</span> <span class='ocrx_word' id='word_1_43' title='bbox 313 1720 322 1738; x_wconf 91' lang='lat'>&#39;</span> <span class='ocrx_word' id='word_1_44' title='bbox 643 1717 693 1736; x_wconf 91' lang='lat'><strong><em>··</em></strong></span> <span class='ocrx_word' id='word_1_45' title='bbox 787 1717 796 1734; x_wconf 95' lang='lat'><strong>·</strong></span> <span class='ocrx_word' id='word_1_46' title='bbox 834 1715 843 1734; x_wconf 95' lang='lat'><strong>·</strong></span> <span class='ocrx_word' id='word_1_47' title='bbox 1103 1716 1112 1735; x_wconf 89' lang='lat'><strong>·</strong></span> <span class='ocrx_word' id='word_1_48' title='bbox 1172 1717 1182 1733; x_wconf 84' lang='lat'><strong>·</strong></span> <span class='ocrx_word' id='word_1_49' title='bbox 1315 1687 1330 1714; x_wconf 92' lang='lat'><strong><em>··</em></strong></span> <span class='ocrx_word' id='word_1_50' title='bbox 1355 1649 1539 1730; x_wconf 84' lang='lat' dir='ltr'><strong><em>Praeclare</em></strong></span> <span class='ocrx_word' id='word_1_51' title='bbox 1560 1663 1596 1722; x_wconf 90' lang='lat' dir='ltr'><strong><em>et</em></strong></span> <span class='ocrx_word' id='word_1_52' title='bbox 1620 1651 1797 1743; x_wconf 79' lang='lat' dir='ltr'><strong><em>sapienter</em></strong></span> <span class='ocrx_word' id='word_1_53' title='bbox 1818 1652 1869 1724; x_wconf 92' lang='lat' dir='ltr'><strong><em>ait</em></strong></span> <span class='ocrx_word' id='word_1_54' title='bbox 1888 1647 2113 1746; x_wconf 80' lang='lat' dir='ltr'><strong><em>Xenbphon,</em></strong></span> <span class='ocrx_word' id='word_1_55' title='bbox 2147 1662 2243 1752; x_wconf 67' lang='lat' dir='ltr'><strong>quod</strong></span> 
     </span>
     <span class='ocr_line' id='line_1_9' title="bbox 113 1711 2242 1851; baseline 0.006 -48"><span class='ocrx_word' id='word_1_56' title='bbox 113 1821 117 1831; x_wconf 23' lang='lat' dir='ltr'>f</span> <span class='ocrx_word' id='word_1_57' title='bbox 269 1743 381 1793; x_wconf 73' lang='lat' dir='ltr'><strong><em>anime</em></strong></span> <span class='ocrx_word' id='word_1_58' title='bbox 396 1719 539 1838; x_wconf 76' lang='lat' dir='ltr'><strong><em>prodest</em></strong></span> <span class='ocrx_word' id='word_1_59' title='bbox 554 1711 914 1838; x_wconf 29' lang='lat' dir='ltr'><strong><em>bomrrnChrsstranno</em></strong></span> <span class='ocrx_word' id='word_1_60' title='bbox 934 1727 1054 1788; x_wconf 90' lang='lat' dir='ltr'><strong><em>tenere</em></strong></span> <span class='ocrx_word' id='word_1_61' title='bbox 1075 1718 1204 1832; x_wconf 75' lang='lat' dir='ltr'><strong><em>disert·</em></strong></span> <span class='ocrx_word' id='word_1_62' title='bbox 1255 1754 1345 1824; x_wconf 87' lang='lat' dir='ltr'><strong><em>sicut</em></strong></span> <span class='ocrx_word' id='word_1_63' title='bbox 1359 1751 1490 1824; x_wconf 88' lang='lat' dir='ltr'><strong><em>bestiae</em></strong></span> <span class='ocrx_word' id='word_1_64' title='bbox 1504 1775 1579 1822; x_wconf 90' lang='lat' dir='ltr'><strong><em>non</em></strong></span> <span class='ocrx_word' id='word_1_65' title='bbox 1596 1767 1744 1842; x_wconf 87' lang='lat' dir='ltr'><strong><em>possunt</em></strong></span> <span class='ocrx_word' id='word_1_66' title='bbox 1757 1752 1833 1842; x_wconf 89' lang='lat' dir='ltr'><strong><em>regi</em></strong></span> <span class='ocrx_word' id='word_1_67' title='bbox 1852 1751 1922 1823; x_wconf 91' lang='lat' dir='ltr'><strong><em>nisi</em></strong></span> <span class='ocrx_word' id='word_1_68' title='bbox 1943 1777 1966 1824; x_wconf 88' lang='lat' dir='ltr'><strong><em>a</em></strong></span> <span class='ocrx_word' id='word_1_69' title='bbox 1989 1767 2116 1828; x_wconf 86' lang='lat' dir='ltr'><strong><em>natura</em></strong></span> <span class='ocrx_word' id='word_1_70' title='bbox 2139 1781 2242 1851; x_wconf 66' lang='lat' dir='ltr'><strong><em>supe.</em></strong></span> 
     </span>
     <span class='ocr_line' id='line_1_10' title="bbox 215 1817 944 1920; baseline -0.014 -24"><span class='ocrx_word' id='word_1_71' title='bbox 215 1849 298 1896; x_wconf 88' lang='lat' dir='ltr'><strong><em>rnen</em></strong></span> <span class='ocrx_word' id='word_1_72' title='bbox 315 1820 504 1912; x_wconf 84' lang='lat' dir='ltr'><strong><em>Evangelu</em></strong></span> <span class='ocrx_word' id='word_1_73' title='bbox 522 1831 557 1890; x_wconf 91' lang='lat' dir='ltr'><strong><em>et</em></strong></span> <span class='ocrx_word' id='word_1_74' title='bbox 571 1822 754 1890; x_wconf 77' lang='lat' dir='ltr'><strong><em>doctrinae</em></strong></span> <span class='ocrx_word' id='word_1_75' title='bbox 768 1817 944 1920; x_wconf 74' lang='lat' dir='ltr'><strong><em>politicae.</em></strong></span> 
     </span>
    </p>
   </div>
   <div class='ocr_carea' id='block_1_8' title="bbox 320 1847 2294 2046">
    <p class='ocr_par' dir='ltr' id='par_1_8' title="bbox 320 1847 2294 2064">
     <span class='ocr_line' id='line_1_11' title="bbox 475 1847 2294 1956; baseline -0.015 -6"><span class='ocrx_word' id='word_1_76' title='bbox 475 1937 484 1956; x_wconf 91' lang='lat'><strong><em>.</em></strong></span> <span class='ocrx_word' id='word_1_77' title='bbox 549 1936 557 1954; x_wconf 89' lang='lat'><strong><em>.</em></strong></span> <span class='ocrx_word' id='word_1_78' title='bbox 796 1935 804 1951; x_wconf 85' lang='grc'><em>,</em></span> <span class='ocrx_word' id='word_1_79' title='bbox 1034 1935 1044 1952; x_wconf 65' lang='lat'><strong><em>,</em></strong></span> <span class='ocrx_word' id='word_1_80' title='bbox 1255 1856 1369 1940; x_wconf 90' lang='lat' dir='ltr'><strong><em>riore,</em></strong></span> <span class='ocrx_word' id='word_1_81' title='bbox 1403 1854 1569 1924; x_wconf 89' lang='lat' dir='ltr'><strong><em>videlicet</em></strong></span> <span class='ocrx_word' id='word_1_82' title='bbox 1592 1847 1769 1938; x_wconf 87' lang='lat' dir='ltr'><strong><em>humana,</em></strong></span> <span class='ocrx_word' id='word_1_83' title='bbox 1800 1855 1850 1924; x_wconf 90' lang='lat' dir='ltr'><strong><em>ita</em></strong></span> <span class='ocrx_word' id='word_1_84' title='bbox 1881 1849 2044 1928; x_wconf 83' lang='lat' dir='ltr'><strong><em>homiues</em></strong></span> <span class='ocrx_word' id='word_1_85' title='bbox 2063 1881 2142 1928; x_wconf 89' lang='lat' dir='ltr'><strong><em>non</em></strong></span> <span class='ocrx_word' id='word_1_86' title='bbox 2161 1885 2241 1952; x_wconf 84' lang='lat' dir='ltr'><strong><em>pos.</em></strong></span> <span class='ocrx_word' id='word_1_87' title='bbox 2293 1857 2294 1944; x_wconf 65' lang='grc' dir='ltr'>ξ</span> 
     </span>
     <span class='ocr_line' id='line_1_12' title="bbox 320 1932 2012 2046; baseline -0.02 -33"><span class='ocrx_word' id='word_1_88' title='bbox 320 1937 430 2030; x_wconf 87' lang='lat' dir='ltr'><strong><em>Quod</em></strong></span> <span class='ocrx_word' id='word_1_89' title='bbox 449 1938 615 2010; x_wconf 77' lang='lat' dir='ltr'><strong><em>videlicet</em></strong></span> <span class='ocrx_word' id='word_1_90' title='bbox 632 1932 868 2026; x_wconf 83' lang='lat' dir='ltr'><strong><em>Evangelrum</em></strong></span> <span class='ocrx_word' id='word_1_91' title='bbox 885 1937 1009 2006; x_wconf 81' lang='lat' dir='ltr'><strong><em>doceat</em></strong></span> <span class='ocrx_word' id='word_1_92' title='bbox 1032 1950 1203 2008; x_wconf 77' lang='lat' dir='ltr'><strong><em>iustitiam</em></strong></span> <span class='ocrx_word' id='word_1_93' title='bbox 1254 1969 1338 2026; x_wconf 69' lang='lat' dir='ltr'><strong><em>,um</em></strong></span> <span class='ocrx_word' id='word_1_94' title='bbox 1352 1955 1427 2046; x_wconf 57' lang='lat'><strong><em>,231</em></strong></span> <span class='ocrx_word' id='word_1_95' title='bbox 1444 1954 1547 2024; x_wconf 57' lang='lat'><strong><em>„5353</em></strong></span> <span class='ocrx_word' id='word_1_96' title='bbox 1565 1953 1719 2046; x_wconf 63' lang='lat' dir='ltr'>quadam</span> <span class='ocrx_word' id='word_1_97' title='bbox 1734 1954 1856 2025; x_wconf 59' lang='lat' dir='ltr'>divim</span> <span class='ocrx_word' id='word_1_98' title='bbox 1872 1969 2012 2029; x_wconf 48' lang='lat' dir='ltr'><strong>natum·</strong></span> 
     </span>
    </p>
   </div>
   <div class='ocr_carea' id='block_1_9' title="bbox 216 2033 2294 2154">
    <p class='ocr_par' dir='ltr' id='par_1_9' title="bbox 216 2033 2294 2154">
     <span class='ocr_line' id='line_1_13' title="bbox 216 2033 2294 2154; baseline 0.01 -41"><span class='ocrx_word' id='word_1_99' title='bbox 216 2039 396 2139; x_wconf 81' lang='lat' dir='ltr'><strong><em>aeternam</em></strong></span> <span class='ocrx_word' id='word_1_100' title='bbox 412 2037 700 2115; x_wconf 86' lang='lat' dir='ltr'><strong><em>cordisetvit&#39;am</em></strong></span> <span class='ocrx_word' id='word_1_101' title='bbox 715 2051 906 2108; x_wconf 62' lang='lat' dir='ltr'><strong><em>aeternam·</em></strong></span> <span class='ocrx_word' id='word_1_102' title='bbox 957 2033 1105 2106; x_wconf 63' lang='lat' dir='ltr'><strong><em>inierim</em></strong></span> <span class='ocrx_word' id='word_1_103' title='bbox 1120 2061 1203 2109; x_wconf 67' lang='lat' dir='ltr'><strong><em>vem</em></strong></span> <span class='ocrx_word' id='word_1_104' title='bbox 1358 2054 1419 2128; x_wconf 88' lang='lat' dir='ltr'><strong><em>lus</em></strong></span> <span class='ocrx_word' id='word_1_105' title='bbox 1435 2069 1583 2127; x_wconf 86' lang='lat' dir='ltr'><strong><em>naturae</em></strong></span> <span class='ocrx_word' id='word_1_106' title='bbox 1604 2078 1687 2126; x_wconf 89' lang='lat' dir='ltr'><strong><em>vere</em></strong></span> <span class='ocrx_word' id='word_1_107' title='bbox 1711 2067 1763 2126; x_wconf 88' lang='lat' dir='ltr'><strong><em>est</em></strong></span> <span class='ocrx_word' id='word_1_108' title='bbox 1783 2057 1838 2127; x_wconf 89' lang='lat' dir='ltr'><strong><em>ius</em></strong></span> <span class='ocrx_word' id='word_1_109' title='bbox 1862 2057 2045 2145; x_wconf 71' lang='lat' dir='ltr'><strong><em>divinum,</em></strong></span> <span class='ocrx_word' id='word_1_110' title='bbox 2069 2062 2239 2154; x_wconf 89' lang='lat' dir='ltr'><strong><em>scriptum</em></strong></span> <span class='ocrx_word' id='word_1_111' title='bbox 2293 2067 2294 2148; x_wconf 68' lang='lat' dir='ltr'><strong><em>i</em></strong></span> 
     </span>
    </p>
   </div>
   <div class='ocr_carea' id='block_1_10' title="bbox 7 2137 2294 5498">
    <p class='ocr_par' dir='ltr' id='par_1_10' title="bbox 7 2137 2294 5498">
     <span class='ocr_line' id='line_1_14' title="bbox 217 2137 2239 2248; baseline -0 -13"><span class='ocrx_word' id='word_1_112' title='bbox 217 2141 591 2242; x_wconf 57' lang='lat' dir='ltr'><strong><em>ssiq⁰⁰⁰²⁰⁰¹¹⁰f⁰i³¹¹¹</em></strong></span> <span class='ocrx_word' id='word_1_113' title='bbox 609 2161 726 2232; x_wconf 61' lang='lat' dir='ltr'><strong>neque</strong></span> <span class='ocrx_word' id='word_1_114' title='bbox 740 2137 903 2230; x_wconf 64' lang='grc' dir='ltr'><strong><em>1)οῙἰῑίἔηῐι</em></strong></span> <span class='ocrx_word' id='word_1_115' title='bbox 918 2137 1068 2211; x_wconf 67' lang='lat' dir='ltr'><strong><em>³b0102l·</em></strong></span> <span class='ocrx_word' id='word_1_116' title='bbox 1255 2157 1429 2248; x_wconf 78' lang='lat' dir='ltr'><strong><em>divinitus</em></strong></span> <span class='ocrx_word' id='word_1_117' title='bbox 1452 2157 1490 2226; x_wconf 89' lang='lat' dir='ltr'><strong><em>in</em></strong></span> <span class='ocrx_word' id='word_1_118' title='bbox 1514 2169 1631 2226; x_wconf 88' lang='lat' dir='ltr'><strong><em>mente</em></strong></span> <span class='ocrx_word' id='word_1_119' title='bbox 1657 2151 1833 2243; x_wconf 87' lang='lat' dir='ltr'><strong><em>hominis,</em></strong></span> <span class='ocrx_word' id='word_1_120' title='bbox 1870 2157 1964 2230; x_wconf 88' lang='lat' dir='ltr'><strong><em>sicut</em></strong></span> <span class='ocrx_word' id='word_1_121' title='bbox 1984 2159 2108 2232; x_wconf 87' lang='lat' dir='ltr'><strong><em>lumen</em></strong></span> <span class='ocrx_word' id='word_1_122' title='bbox 2132 2167 2239 2235; x_wconf 85' lang='lat' dir='ltr'><strong><em>oculis</em></strong></span> 
     </span>
     <span class='ocr_line' id='line_1_15' title="bbox 319 2249 2294 2354; baseline 0.003 -24"><span class='ocrx_word' id='word_1_123' title='bbox 319 2257 492 2332; x_wconf 88' lang='lat' dir='ltr'><strong><em>Necsatis</em></strong></span> <span class='ocrx_word' id='word_1_124' title='bbox 509 2249 772 2341; x_wconf 86' lang='lat' dir='ltr'><strong><em>esthocnosse,</em></strong></span> <span class='ocrx_word' id='word_1_125' title='bbox 797 2253 977 2326; x_wconf 88' lang='lat' dir='ltr'><strong><em>sedetiam</em></strong></span> <span class='ocrx_word' id='word_1_126' title='bbox 994 2255 1204 2348; x_wconf 88' lang='lat' dir='ltr'><strong><em>scireopor-</em></strong></span> <span class='ocrx_word' id='word_1_127' title='bbox 1256 2259 1431 2327; x_wconf 89' lang='lat' dir='ltr'><strong><em>divinitus</em></strong></span> <span class='ocrx_word' id='word_1_128' title='bbox 1456 2258 1612 2327; x_wconf 87' lang='lat' dir='ltr'><strong><em>inditum</em></strong></span> <span class='ocrx_word' id='word_1_129' title='bbox 1641 2271 1704 2328; x_wconf 87' lang='lat' dir='ltr'><strong><em>est.</em></strong></span> <span class='ocrx_word' id='word_1_130' title='bbox 1771 2251 1822 2328; x_wconf 85' lang='lat' dir='ltr'><strong><em>Et</em></strong></span> <span class='ocrx_word' id='word_1_131' title='bbox 1845 2271 1939 2330; x_wconf 89' lang='lat' dir='ltr'><strong><em>recte</em></strong></span> <span class='ocrx_word' id='word_1_132' title='bbox 1962 2261 2015 2331; x_wconf 85' lang='lat' dir='ltr'><strong><em>ait</em></strong></span> <span class='ocrx_word' id='word_1_133' title='bbox 2035 2259 2238 2354; x_wconf 87' lang='lat' dir='ltr'><strong><em>Imperator,</em></strong></span> <span class='ocrx_word' id='word_1_134' title='bbox 2293 2275 2294 2354; x_wconf 67' lang='lat' dir='ltr'><strong><em>l</em></strong></span> 
     </span>
     <span class='ocr_line' id='line_1_16' title="bbox 217 2354 2209 2458; baseline 0 -21"><span class='ocrx_word' id='word_1_135' title='bbox 217 2379 282 2449; x_wconf 88' lang='lat' dir='ltr'><strong><em>tet,</em></strong></span> <span class='ocrx_word' id='word_1_136' title='bbox 307 2362 404 2458; x_wconf 90' lang='lat' dir='ltr'><strong><em>quod</em></strong></span> <span class='ocrx_word' id='word_1_137' title='bbox 420 2356 624 2431; x_wconf 88' lang='lat' dir='ltr'><strong><em>oeconomia</em></strong></span> <span class='ocrx_word' id='word_1_138' title='bbox 641 2371 674 2428; x_wconf 89' lang='lat' dir='ltr'><strong><em>et</em></strong></span> <span class='ocrx_word' id='word_1_139' title='bbox 687 2357 823 2448; x_wconf 90' lang='lat' dir='ltr'><strong><em>politia,</em></strong></span> <span class='ocrx_word' id='word_1_140' title='bbox 840 2354 1076 2445; x_wconf 79' lang='lat' dir='ltr'><strong><em>magistratus,</em></strong></span> <span class='ocrx_word' id='word_1_141' title='bbox 1099 2357 1205 2448; x_wconf 84' lang='lat' dir='ltr'><strong><em>leges,</em></strong></span> <span class='ocrx_word' id='word_1_142' title='bbox 1255 2359 1431 2431; x_wconf 86' lang='lat' dir='ltr'><strong><em>naturalia</em></strong></span> <span class='ocrx_word' id='word_1_143' title='bbox 1446 2359 1525 2429; x_wconf 91' lang='lat' dir='ltr'><strong><em>iura</em></strong></span> <span class='ocrx_word' id='word_1_144' title='bbox 1539 2357 1660 2428; x_wconf 87' lang='lat' dir='ltr'><strong><em>divina</em></strong></span> <span class='ocrx_word' id='word_1_145' title='bbox 1675 2358 1901 2449; x_wconf 87' lang='lat' dir='ltr'><strong><em>providentia</em></strong></span> <span class='ocrx_word' id='word_1_146' title='bbox 1918 2364 2109 2434; x_wconf 88' lang='lat' dir='ltr'><strong><em>constituta</em></strong></span> <span class='ocrx_word' id='word_1_147' title='bbox 2128 2390 2209 2436; x_wconf 84' lang='lat' dir='ltr'><strong><em>esse.</em></strong></span> 
     </span>
     <span class='ocr_line' id='line_1_17' title="bbox 217 2457 2235 2556; baseline 0 -20"><span class='ocrx_word' id='word_1_148' title='bbox 217 2466 361 2552; x_wconf 83' lang='lat' dir='ltr'><strong><em>iudicia,</em></strong></span> <span class='ocrx_word' id='word_1_149' title='bbox 383 2484 530 2554; x_wconf 89' lang='lat' dir='ltr'><strong><em>poenae,</em></strong></span> <span class='ocrx_word' id='word_1_150' title='bbox 551 2458 713 2552; x_wconf 88' lang='lat' dir='ltr'><strong><em>capitalia</em></strong></span> <span class='ocrx_word' id='word_1_151' title='bbox 729 2457 913 2550; x_wconf 89' lang='lat' dir='ltr'><strong><em>supplicia,</em></strong></span> <span class='ocrx_word' id='word_1_152' title='bbox 932 2457 1078 2550; x_wconf 37' lang='lat' dir='ltr'><strong><em>ssmilitia,</em></strong></span> <span class='ocrx_word' id='word_1_153' title='bbox 1101 2460 1205 2545; x_wconf 86' lang='lat' dir='ltr'><strong><em>bella,</em></strong></span> <span class='ocrx_word' id='word_1_154' title='bbox 1356 2459 1466 2550; x_wconf 83' lang='lat' dir='ltr'>Leges</span> <span class='ocrx_word' id='word_1_155' title='bbox 1482 2461 1530 2530; x_wconf 90' lang='lat' dir='ltr'><strong><em>ita</em></strong></span> <span class='ocrx_word' id='word_1_156' title='bbox 1543 2459 1808 2552; x_wconf 83' lang='lat' dir='ltr'><strong><em>approbantur,</em></strong></span> <span class='ocrx_word' id='word_1_157' title='bbox 1832 2461 1862 2530; x_wconf 93' lang='lat' dir='ltr'><strong><em>si</em></strong></span> <span class='ocrx_word' id='word_1_158' title='bbox 1883 2485 1958 2531; x_wconf 93' lang='lat' dir='ltr'><strong><em>nou</em></strong></span> <span class='ocrx_word' id='word_1_159' title='bbox 1983 2481 2144 2556; x_wconf 79' lang='lat' dir='ltr'><strong><em>pugnent</em></strong></span> <span class='ocrx_word' id='word_1_160' title='bbox 2162 2491 2235 2540; x_wconf 87' lang='lat' dir='ltr'><strong><em>euru</em></strong></span> 
     </span>
     <span class='ocr_line' id='line_1_18' title="bbox 191 2559 1509 2646; baseline -0.005 -7"><span class='ocrx_word' id='word_1_161' title='bbox 191 2577 194 2592; x_wconf 69' lang='lat'><strong><em>¹</em></strong></span> <span class='ocrx_word' id='word_1_162' title='bbox 218 2565 401 2639; x_wconf 89' lang='lat' dir='ltr'><strong><em>distinctio</em></strong></span> <span class='ocrx_word' id='word_1_163' title='bbox 419 2561 674 2646; x_wconf 81' lang='lat' dir='ltr'><strong><em>dominiorum,</em></strong></span> <span class='ocrx_word' id='word_1_164' title='bbox 688 2573 889 2630; x_wconf 89' lang='lat' dir='ltr'><strong><em>contractus</em></strong></span> <span class='ocrx_word' id='word_1_165' title='bbox 905 2573 939 2631; x_wconf 92' lang='lat' dir='ltr'><strong><em>et</em></strong></span> <span class='ocrx_word' id='word_1_166' title='bbox 954 2559 1087 2628; x_wconf 84' lang='lat' dir='ltr'><strong><em>similes</em></strong></span> <span class='ocrx_word' id='word_1_167' title='bbox 1103 2559 1205 2630; x_wconf 87' lang='lat' dir='ltr'><strong><em>ordi·</em></strong></span> <span class='ocrx_word' id='word_1_168' title='bbox 1257 2563 1335 2630; x_wconf 89' lang='lat' dir='ltr'><strong><em>iure</em></strong></span> <span class='ocrx_word' id='word_1_169' title='bbox 1350 2576 1509 2633; x_wconf 86' lang='lat' dir='ltr'><strong><em>naturae.</em></strong></span> 
     </span>
     <span class='ocr_line' id='line_1_19' title="bbox 218 2651 2236 2758; baseline -0.002 -16"><span class='ocrx_word' id='word_1_170' title='bbox 218 2669 382 2742; x_wconf 87' lang='lat' dir='ltr'><strong><em>nationes</em></strong></span> <span class='ocrx_word' id='word_1_171' title='bbox 397 2664 562 2757; x_wconf 85' lang='lat' dir='ltr'><strong><em>politicae</em></strong></span> <span class='ocrx_word' id='word_1_172' title='bbox 577 2662 649 2732; x_wconf 91' lang='lat' dir='ltr'><strong><em>sint</em></strong></span> <span class='ocrx_word' id='word_1_173' title='bbox 664 2686 744 2732; x_wconf 86' lang='lat' dir='ltr'><strong><em>vere</em></strong></span> <span class='ocrx_word' id='word_1_174' title='bbox 760 2659 1002 2730; x_wconf 84' lang='lat' dir='ltr'><strong><em>ordinationes</em></strong></span> <span class='ocrx_word' id='word_1_175' title='bbox 1020 2651 1173 2735; x_wconf 89' lang='lat' dir='ltr'><strong><em>divinae.</em></strong></span> <span class='ocrx_word' id='word_1_176' title='bbox 1359 2660 1472 2754; x_wconf 85' lang='lat' dir='ltr'><strong><em>Impia</em></strong></span> <span class='ocrx_word' id='word_1_177' title='bbox 1496 2677 1528 2733; x_wconf 90' lang='lat' dir='ltr'><strong><em>et</em></strong></span> <span class='ocrx_word' id='word_1_178' title='bbox 1555 2657 1721 2732; x_wconf 87' lang='lat' dir='ltr'><strong><em>seditiosa</em></strong></span> <span class='ocrx_word' id='word_1_179' title='bbox 1744 2662 1868 2753; x_wconf 88' lang='lat' dir='ltr'><strong><em>opinio</em></strong></span> <span class='ocrx_word' id='word_1_180' title='bbox 1896 2677 1968 2746; x_wconf 87' lang='lat' dir='ltr'><strong><em>est,</em></strong></span> <span class='ocrx_word' id='word_1_181' title='bbox 2011 2667 2108 2758; x_wconf 86' lang='lat' dir='ltr'><strong><em>quod</em></strong></span> <span class='ocrx_word' id='word_1_182' title='bbox 2135 2666 2236 2742; x_wconf 87' lang='lat' dir='ltr'><strong><em>Chri-</em></strong></span> 
     </span>
     <span class='ocr_line' id='line_1_20' title="bbox 320 2759 2236 2862; baseline 0.001 -24"><span class='ocrx_word' id='word_1_183' title='bbox 320 2765 471 2837; x_wconf 88' lang='lat' dir='ltr'><strong><em>Prodest</em></strong></span> <span class='ocrx_word' id='word_1_184' title='bbox 486 2761 552 2834; x_wconf 90' lang='lat' dir='ltr'><strong><em>hac</em></strong></span> <span class='ocrx_word' id='word_1_185' title='bbox 566 2763 738 2834; x_wconf 86' lang='lat' dir='ltr'><strong><em>sententia</em></strong></span> <span class='ocrx_word' id='word_1_186' title='bbox 753 2759 940 2832; x_wconf 89' lang='lat' dir='ltr'><strong><em>hominum</em></strong></span> <span class='ocrx_word' id='word_1_187' title='bbox 957 2760 1096 2833; x_wconf 87' lang='lat' dir='ltr'><strong><em>animos</em></strong></span> <span class='ocrx_word' id='word_1_188' title='bbox 1118 2789 1205 2833; x_wconf 90' lang='lat' dir='ltr'><strong><em>eon·</em></strong></span> <span class='ocrx_word' id='word_1_189' title='bbox 1256 2766 1370 2834; x_wconf 89' lang='lat' dir='ltr'><strong><em>stiano</em></strong></span> <span class='ocrx_word' id='word_1_190' title='bbox 1392 2787 1464 2833; x_wconf 90' lang='lat' dir='ltr'><strong><em>non</em></strong></span> <span class='ocrx_word' id='word_1_191' title='bbox 1492 2763 1595 2834; x_wconf 87' lang='lat' dir='ltr'><strong><em>liceat</em></strong></span> <span class='ocrx_word' id='word_1_192' title='bbox 1614 2776 1735 2832; x_wconf 90' lang='lat' dir='ltr'><strong><em>tenere</em></strong></span> <span class='ocrx_word' id='word_1_193' title='bbox 1755 2764 1959 2854; x_wconf 87' lang='lat' dir='ltr'><strong><em>proprium,</em></strong></span> <span class='ocrx_word' id='word_1_194' title='bbox 1983 2782 2045 2838; x_wconf 86' lang='lat' dir='ltr'><strong><em>aut</em></strong></span> <span class='ocrx_word' id='word_1_195' title='bbox 2067 2771 2162 2862; x_wconf 91' lang='lat' dir='ltr'><strong><em>quod</em></strong></span> <span class='ocrx_word' id='word_1_196' title='bbox 2181 2774 2236 2840; x_wconf 89' lang='lat' dir='ltr'><strong><em>de·</em></strong></span> 
     </span>
     <span class='ocr_line' id='line_1_21' title="bbox 78 2857 2236 2964; baseline -0.001 -22"><span class='ocrx_word' id='word_1_197' title='bbox 78 2953 82 2962; x_wconf 27' lang='lat'>¹</span> <span class='ocrx_word' id='word_1_198' title='bbox 218 2875 377 2954; x_wconf 89' lang='lat' dir='ltr'><strong><em>firmare,</em></strong></span> <span class='ocrx_word' id='word_1_199' title='bbox 402 2868 486 2964; x_wconf 89' lang='lat' dir='ltr'><strong><em>quia</em></strong></span> <span class='ocrx_word' id='word_1_200' title='bbox 512 2864 575 2958; x_wconf 87' lang='lat' dir='ltr'><strong><em>qui</em></strong></span> <span class='ocrx_word' id='word_1_201' title='bbox 599 2866 648 2936; x_wconf 86' lang='lat' dir='ltr'><strong><em>sic</em></strong></span> <span class='ocrx_word' id='word_1_202' title='bbox 668 2863 846 2944; x_wconf 86' lang='lat' dir='ltr'><strong><em>sentiunt,</em></strong></span> <span class='ocrx_word' id='word_1_203' title='bbox 872 2861 982 2952; x_wconf 87' lang='lat' dir='ltr'><strong><em>magis</em></strong></span> <span class='ocrx_word' id='word_1_204' title='bbox 998 2857 1206 2937; x_wconf 86' lang='lat' dir='ltr'><strong><em>reverentur</em></strong></span> <span class='ocrx_word' id='word_1_205' title='bbox 1256 2869 1363 2936; x_wconf 77' lang='lat' dir='ltr'><strong><em>sertio</em></strong></span> <span class='ocrx_word' id='word_1_206' title='bbox 1399 2866 1606 2939; x_wconf 86' lang='lat' dir='ltr'><strong><em>facultatum</em></strong></span> <span class='ocrx_word' id='word_1_207' title='bbox 1639 2864 1685 2934; x_wconf 88' lang='lat' dir='ltr'><strong><em>sit</em></strong></span> <span class='ocrx_word' id='word_1_208' title='bbox 1713 2861 1829 2935; x_wconf 88' lang='lat' dir='ltr'><strong><em>cultus</em></strong></span> <span class='ocrx_word' id='word_1_209' title='bbox 1858 2879 1921 2936; x_wconf 88' lang='lat' dir='ltr'><strong><em>aut</em></strong></span> <span class='ocrx_word' id='word_1_210' title='bbox 1949 2869 2118 2960; x_wconf 82' lang='lat' dir='ltr'><strong><em>perfectio</em></strong></span> <span class='ocrx_word' id='word_1_211' title='bbox 2149 2866 2236 2940; x_wconf 91' lang='lat' dir='ltr'><strong><em>chri-</em></strong></span> 
     </span>
     <span class='ocr_line' id='line_1_22' title="bbox 7 2965 1382 3062; baseline -0.008 -16"><span class='ocrx_word' id='word_1_212' title='bbox 7 2977 13 2986; x_wconf 85' lang='lat'>&#39;</span> <span class='ocrx_word' id='word_1_213' title='bbox 217 2972 441 3062; x_wconf 83' lang='lat' dir='ltr'><strong><em>magistratus</em></strong></span> <span class='ocrx_word' id='word_1_214' title='bbox 457 2965 609 3056; x_wconf 83' lang='lat' dir='ltr'><strong><em>etleges.¹</em></strong></span> <span class='ocrx_word' id='word_1_215' title='bbox 1256 2968 1382 3038; x_wconf 89' lang='lat' dir='ltr'><strong><em>stiana.</em></strong></span> 
     </span>
     <span class='ocr_line' id='line_1_23' title="bbox 137 3061 2294 3159; baseline -0 -15"><span class='ocrx_word' id='word_1_216' title='bbox 137 3061 140 3066; x_wconf 35' lang='lat'>⁸</span> <span class='ocrx_word' id='word_1_217' title='bbox 321 3070 420 3142; x_wconf 86' lang='lat' dir='ltr'><strong><em>Haec</em></strong></span> <span class='ocrx_word' id='word_1_218' title='bbox 435 3069 632 3140; x_wconf 87' lang='lat' dir='ltr'><strong><em>reverentia</em></strong></span> <span class='ocrx_word' id='word_1_219' title='bbox 652 3065 746 3157; x_wconf 92' lang='lat' dir='ltr'><strong><em>parit</em></strong></span> <span class='ocrx_word' id='word_1_220' title='bbox 763 3064 1056 3157; x_wconf 87' lang='lat' dir='ltr'><strong><em>tranquillitatem</em></strong></span> <span class='ocrx_word' id='word_1_221' title='bbox 1079 3066 1205 3134; x_wconf 86' lang='lat' dir='ltr'><strong><em>rebus·</em></strong></span> <span class='ocrx_word' id='word_1_222' title='bbox 1357 3061 1547 3136; x_wconf 81' lang='lat' dir='ltr'><strong><em>Errorest</em></strong></span> <span class='ocrx_word' id='word_1_223' title='bbox 1567 3065 1715 3152; x_wconf 90' lang='lat' dir='ltr'><strong><em>sentire,</em></strong></span> <span class='ocrx_word' id='word_1_224' title='bbox 1754 3068 1851 3159; x_wconf 87' lang='lat' dir='ltr'><strong><em>quod</em></strong></span> <span class='ocrx_word' id='word_1_225' title='bbox 1875 3061 2040 3140; x_wconf 89' lang='lat' dir='ltr'><strong><em>Christus</em></strong></span> <span class='ocrx_word' id='word_1_226' title='bbox 2059 3067 2235 3146; x_wconf 71' lang='lat' dir='ltr'><strong><em>Matius.</em></strong></span> <span class='ocrx_word' id='word_1_227' title='bbox 2293 3067 2294 3158; x_wconf 67' lang='lat' dir='ltr'><strong><em>i</em></strong></span> 
     </span>
     <span class='ocr_line' id='line_1_24' title="bbox 218 3166 2222 3270; baseline -0.001 -27"><span class='ocrx_word' id='word_1_228' title='bbox 218 3174 383 3270; x_wconf 86' lang='lat' dir='ltr'><strong><em>publicis.</em></strong></span> <span class='ocrx_word' id='word_1_229' title='bbox 415 3237 418 3246; x_wconf 94' lang='grc'>,</span> <span class='ocrx_word' id='word_1_230' title='bbox 1258 3171 1301 3240; x_wconf 88' lang='lat' dir='ltr'><strong><em>de</em></strong></span> <span class='ocrx_word' id='word_1_231' title='bbox 1317 3166 1505 3254; x_wconf 81' lang='lat' dir='ltr'><strong><em>vindicta,¹</em></strong></span> <span class='ocrx_word' id='word_1_232' title='bbox 1518 3167 1724 3248; x_wconf 82' lang='lat' dir='ltr'><strong><em>consilium,</em></strong></span> <span class='ocrx_word' id='word_1_233' title='bbox 1750 3186 2063 3261; x_wconf 87' lang='lat' dir='ltr'><strong><em>non-praeceptum</em></strong></span> <span class='ocrx_word' id='word_1_234' title='bbox 2077 3174 2222 3244; x_wconf 88' lang='lat' dir='ltr'><strong><em>dederit.</em></strong></span> 
     </span>
     <span class='ocr_line' id='line_1_25' title="bbox 131 3262 2294 3364; baseline -0.002 -19"><span class='ocrx_word' id='word_1_235' title='bbox 131 3281 132 3286; x_wconf 75' lang='grc'>’</span> <span class='ocrx_word' id='word_1_236' title='bbox 325 3271 373 3344; x_wconf 83' lang='lat' dir='ltr'><strong><em>Et</em></strong></span> <span class='ocrx_word' id='word_1_237' title='bbox 388 3269 454 3343; x_wconf 90' lang='lat' dir='ltr'><strong><em>hae</em></strong></span> <span class='ocrx_word' id='word_1_238' title='bbox 470 3268 713 3341; x_wconf 87' lang='lat' dir='ltr'><strong><em>ordinationes</em></strong></span> <span class='ocrx_word' id='word_1_239' title='bbox 737 3287 812 3334; x_wconf 89' lang='lat' dir='ltr'><strong><em>non</em></strong></span> <span class='ocrx_word' id='word_1_240' title='bbox 835 3277 972 3337; x_wconf 90' lang='lat' dir='ltr'><strong><em>tantum</em></strong></span> <span class='ocrx_word' id='word_1_241' title='bbox 995 3266 1204 3358; x_wconf 86' lang='lat' dir='ltr'><strong><em>permissive</em></strong></span> <span class='ocrx_word' id='word_1_242' title='bbox 1298 3291 1299 3294; x_wconf 68' lang='grc'>’</span> <span class='ocrx_word' id='word_1_243' title='bbox 1359 3267 1469 3363; x_wconf 85' lang='lat' dir='ltr'><strong><em>Quod</em></strong></span> <span class='ocrx_word' id='word_1_244' title='bbox 1497 3267 1647 3353; x_wconf 88' lang='lat' dir='ltr'><strong><em>dicitur,</em></strong></span> <span class='ocrx_word' id='word_1_245' title='bbox 1685 3262 1776 3336; x_wconf 89' lang='lat' dir='ltr'><strong><em>mihi</em></strong></span> <span class='ocrx_word' id='word_1_246' title='bbox 1799 3267 2013 3354; x_wconf 85' lang='lat' dir='ltr'><strong><em>vindictam,</em></strong></span> <span class='ocrx_word' id='word_1_247' title='bbox 2054 3296 2119 3364; x_wconf 82' lang='lat' dir='ltr'><strong><em>ego</em></strong></span> <span class='ocrx_word' id='word_1_248' title='bbox 2140 3275 2237 3344; x_wconf 84' lang='lat' dir='ltr'><strong><em>tetri·</em></strong></span> <span class='ocrx_word' id='word_1_249' title='bbox 2293 3285 2294 3352; x_wconf 72' lang='grc' dir='ltr'>ι</span> 
     </span>
     <span class='ocr_line' id='line_1_26' title="bbox 220 3367 2294 3467; baseline 0 -21"><span class='ocrx_word' id='word_1_250' title='bbox 220 3377 332 3452; x_wconf 84' lang='lat' dir='ltr'><strong><em>aDeo</em></strong></span> <span class='ocrx_word' id='word_1_251' title='bbox 348 3375 640 3467; x_wconf 86' lang='lat' dir='ltr'><strong><em>proficiscuntur,</em></strong></span> <span class='ocrx_word' id='word_1_252' title='bbox 664 3368 755 3466; x_wconf 84' lang='lat' dir='ltr'><strong><em>sicut</em></strong></span> <span class='ocrx_word' id='word_1_253' title='bbox 767 3368 860 3439; x_wconf 90' lang='lat' dir='ltr'><strong><em>mala</em></strong></span> <span class='ocrx_word' id='word_1_254' title='bbox 875 3368 1109 3440; x_wconf 90' lang='lat' dir='ltr'><strong><em>dieiturDeus</em></strong></span> <span class='ocrx_word' id='word_1_255' title='bbox 1123 3385 1206 3461; x_wconf 90' lang='lat' dir='ltr'><strong><em>per·</em></strong></span> <span class='ocrx_word' id='word_1_256' title='bbox 1257 3372 1383 3451; x_wconf 91' lang='lat' dir='ltr'><strong><em>huam,</em></strong></span> <span class='ocrx_word' id='word_1_257' title='bbox 1406 3367 1601 3459; x_wconf 88' lang='lat' dir='ltr'><strong><em>significat,</em></strong></span> <span class='ocrx_word' id='word_1_258' title='bbox 1625 3367 1821 3440; x_wconf 86' lang='lat' dir='ltr'><strong><em>vindictam</em></strong></span> <span class='ocrx_word' id='word_1_259' title='bbox 1834 3392 1928 3460; x_wconf 76' lang='lat' dir='ltr'><strong><em>¹opus</em></strong></span> <span class='ocrx_word' id='word_1_260' title='bbox 1941 3394 2017 3442; x_wconf 91' lang='lat' dir='ltr'><strong><em>esse</em></strong></span> <span class='ocrx_word' id='word_1_261' title='bbox 2032 3375 2077 3446; x_wconf 90' lang='lat' dir='ltr'><strong><em>ad</em></strong></span> <span class='ocrx_word' id='word_1_262' title='bbox 2092 3375 2240 3466; x_wconf 86' lang='lat' dir='ltr'><strong><em>gloriam</em></strong></span> <span class='ocrx_word' id='word_1_263' title='bbox 2293 3367 2294 3452; x_wconf 65' lang='lat' dir='ltr'><strong><em>l</em></strong></span> 
     </span>
     <span class='ocr_line' id='line_1_27' title="bbox 220 3470 1535 3562; baseline -0.009 -10"><span class='ocrx_word' id='word_1_264' title='bbox 220 3482 372 3552; x_wconf 88' lang='lat' dir='ltr'><strong><em>mittere.</em></strong></span> <span class='ocrx_word' id='word_1_265' title='bbox 680 3495 682 3502; x_wconf 79' lang='grc'><strong>“</strong></span> <span class='ocrx_word' id='word_1_266' title='bbox 1257 3470 1326 3543; x_wconf 90' lang='lat' dir='ltr'><strong><em>Dei</em></strong></span> <span class='ocrx_word' id='word_1_267' title='bbox 1341 3471 1535 3562; x_wconf 89' lang='lat' dir='ltr'><strong><em>pertinens.</em></strong></span> 
     </span>
     <span class='ocr_line' id='line_1_28' title="bbox 324 3566 2294 3670; baseline 0.002 -22"><span class='ocrx_word' id='word_1_268' title='bbox 324 3570 539 3670; x_wconf 60' lang='lat' dir='ltr'><strong><em>Quanquam</em></strong></span> <span class='ocrx_word' id='word_1_269' title='bbox 555 3585 638 3644; x_wconf 87' lang='lat' dir='ltr'><strong><em>sunt</em></strong></span> <span class='ocrx_word' id='word_1_270' title='bbox 653 3572 898 3643; x_wconf 88' lang='lat' dir='ltr'><strong><em>ordinationes</em></strong></span> <span class='ocrx_word' id='word_1_271' title='bbox 915 3570 1064 3642; x_wconf 90' lang='lat' dir='ltr'><strong><em>rationis</em></strong></span> <span class='ocrx_word' id='word_1_272' title='bbox 1080 3566 1205 3642; x_wconf 84' lang='lat' dir='ltr'><strong><em>burna·</em></strong></span> <span class='ocrx_word' id='word_1_273' title='bbox 1358 3570 1483 3665; x_wconf 85' lang='lat' dir='ltr'><strong><em>ltaque</em></strong></span> <span class='ocrx_word' id='word_1_274' title='bbox 1509 3593 1590 3640; x_wconf 90' lang='lat' dir='ltr'><strong><em>cum</em></strong></span> <span class='ocrx_word' id='word_1_275' title='bbox 1619 3568 1845 3660; x_wconf 82' lang='lat' dir='ltr'><strong><em>magistratus</em></strong></span> <span class='ocrx_word' id='word_1_276' title='bbox 1872 3588 2007 3645; x_wconf 84' lang='lat' dir='ltr'><strong><em>exercet</em></strong></span> <span class='ocrx_word' id='word_1_277' title='bbox 2037 3575 2236 3662; x_wconf 88' lang='lat' dir='ltr'><strong><em>vindictam,</em></strong></span> <span class='ocrx_word' id='word_1_278' title='bbox 2293 3577 2294 3652; x_wconf 78' lang='lat'><em>]</em></span> 
     </span>
     <span class='ocr_line' id='line_1_29' title="bbox 207 3670 2294 3768; baseline -0.005 -14"><span class='ocrx_word' id='word_1_279' title='bbox 207 3680 306 3768; x_wconf 70' lang='lat' dir='ltr'><strong><em>nae,</em></strong></span> <span class='ocrx_word' id='word_1_280' title='bbox 332 3679 554 3752; x_wconf 77' lang='lat' dir='ltr'><strong><em>lamentatio</em></strong></span> <span class='ocrx_word' id='word_1_281' title='bbox 569 3670 814 3746; x_wconf 87' lang='lat' dir='ltr'><strong><em>humananon</em></strong></span> <span class='ocrx_word' id='word_1_282' title='bbox 831 3686 947 3765; x_wconf 85' lang='lat' dir='ltr'><strong><em>posset</em></strong></span> <span class='ocrx_word' id='word_1_283' title='bbox 968 3673 1120 3744; x_wconf 91' lang='lat' dir='ltr'><strong><em>retinere</em></strong></span> <span class='ocrx_word' id='word_1_284' title='bbox 1144 3697 1204 3764; x_wconf 92' lang='lat' dir='ltr'><strong><em>pa·</em></strong></span> <span class='ocrx_word' id='word_1_285' title='bbox 1257 3672 1481 3746; x_wconf 86' lang='lat' dir='ltr'><strong><em>administrat</em></strong></span> <span class='ocrx_word' id='word_1_286' title='bbox 1498 3671 1655 3742; x_wconf 89' lang='lat' dir='ltr'><strong><em>alienum</em></strong></span> <span class='ocrx_word' id='word_1_287' title='bbox 1672 3671 1839 3746; x_wconf 82' lang='lat' dir='ltr'><strong><em>officium.</em></strong></span> <span class='ocrx_word' id='word_1_288' title='bbox 2293 3693 2294 3748; x_wconf 61' lang='lat' dir='ltr'><em>g</em></span> 
     </span>
     <span class='ocr_line' id='line_1_30' title="bbox 224 3771 2294 3870; baseline -0.005 -14"><span class='ocrx_word' id='word_1_289' title='bbox 224 3808 300 3856; x_wconf 90' lang='lat' dir='ltr'><strong><em>cern</em></strong></span> <span class='ocrx_word' id='word_1_290' title='bbox 325 3783 362 3851; x_wconf 92' lang='lat' dir='ltr'><strong><em>in</em></strong></span> <span class='ocrx_word' id='word_1_291' title='bbox 380 3776 657 3870; x_wconf 86' lang='lat' dir='ltr'><strong><em>rebuspublicis,</em></strong></span> <span class='ocrx_word' id='word_1_292' title='bbox 689 3777 728 3844; x_wconf 91' lang='lat' dir='ltr'><strong><em>in</em></strong></span> <span class='ocrx_word' id='word_1_293' title='bbox 752 3791 850 3847; x_wconf 91' lang='lat' dir='ltr'><strong><em>tanto</em></strong></span> <span class='ocrx_word' id='word_1_294' title='bbox 873 3778 993 3862; x_wconf 84' lang='lat' dir='ltr'><strong><em>furore</em></strong></span> <span class='ocrx_word' id='word_1_295' title='bbox 1016 3774 1149 3844; x_wconf 90' lang='lat' dir='ltr'><strong><em>diaboli</em></strong></span> <span class='ocrx_word' id='word_1_296' title='bbox 1162 3788 1207 3870; x_wconf 63' lang='lat' dir='ltr'><strong><em>:et</em></strong></span> <span class='ocrx_word' id='word_1_297' title='bbox 1358 3773 1587 3864; x_wconf 86' lang='lat' dir='ltr'><strong><em>Magistratus</em></strong></span> <span class='ocrx_word' id='word_1_298' title='bbox 1626 3787 1811 3863; x_wconf 89' lang='lat' dir='ltr'><strong><em>praecepto</em></strong></span> <span class='ocrx_word' id='word_1_299' title='bbox 1842 3771 1911 3844; x_wconf 90' lang='lat' dir='ltr'><strong><em>Dei</em></strong></span> <span class='ocrx_word' id='word_1_300' title='bbox 1950 3789 2128 3866; x_wconf 87' lang='lat' dir='ltr'><strong><em>coguntur</em></strong></span> <span class='ocrx_word' id='word_1_301' title='bbox 2162 3781 2237 3848; x_wconf 87' lang='lat' dir='ltr'><strong><em>vin·</em></strong></span> <span class='ocrx_word' id='word_1_302' title='bbox 2293 3773 2294 3822; x_wconf 68' lang='lat'><em>³</em></span> 
     </span>
     <span class='ocr_line' id='line_1_31' title="bbox 223 3872 2294 3975; baseline -0.001 -21"><span class='ocrx_word' id='word_1_303' title='bbox 223 3885 416 3975; x_wconf 88' lang='lat' dir='ltr'><strong><em>impiorum</em></strong></span> <span class='ocrx_word' id='word_1_304' title='bbox 446 3876 653 3961; x_wconf 89' lang='lat' dir='ltr'><strong><em>hominum,</em></strong></span> <span class='ocrx_word' id='word_1_305' title='bbox 698 3877 769 3944; x_wconf 90' lang='lat' dir='ltr'><strong><em>nisi</em></strong></span> <span class='ocrx_word' id='word_1_306' title='bbox 796 3875 969 3968; x_wconf 86' lang='lat' dir='ltr'><strong><em>singulari</em></strong></span> <span class='ocrx_word' id='word_1_307' title='bbox 1002 3879 1109 3969; x_wconf 82' lang='lat' dir='ltr'><strong><em>op&#39;ere</em></strong></span> <span class='ocrx_word' id='word_1_308' title='bbox 1137 3875 1205 3945; x_wconf 90' lang='lat' dir='ltr'><strong><em>Dei</em></strong></span> <span class='ocrx_word' id='word_1_309' title='bbox 1256 3874 1386 3949; x_wconf 86' lang='lat' dir='ltr'><strong><em>dictam</em></strong></span> <span class='ocrx_word' id='word_1_310' title='bbox 1401 3898 1561 3946; x_wconf 85' lang='lat' dir='ltr'><strong><em>exercere</em></strong></span> <span class='ocrx_word' id='word_1_311' title='bbox 1574 3872 1822 3946; x_wconf 85' lang='lat' dir='ltr'><strong><em>Romanorum</em></strong></span> <span class='ocrx_word' id='word_1_312' title='bbox 1841 3875 1898 3944; x_wconf 81' lang='lat'><strong><em>13.</em></strong></span> <span class='ocrx_word' id='word_1_313' title='bbox 1923 3875 2065 3948; x_wconf 84' lang='lat' dir='ltr'><strong><em>Vindex</em></strong></span> <span class='ocrx_word' id='word_1_314' title='bbox 2080 3877 2148 3948; x_wconf 89' lang='lat' dir='ltr'><strong><em>Dei</em></strong></span> <span class='ocrx_word' id='word_1_315' title='bbox 2163 3894 2219 3952; x_wconf 88' lang='lat' dir='ltr'><strong><em>est.</em></strong></span> <span class='ocrx_word' id='word_1_316' title='bbox 2293 3927 2294 3950; x_wconf 54' lang='grc' dir='ltr'>ι</span> 
     </span>
     <span class='ocr_line' id='line_1_32' title="bbox 222 3967 2294 4073; baseline -0.003 -15"><span class='ocrx_word' id='word_1_317' title='bbox 222 3989 515 4058; x_wconf 83' lang='lat' dir='ltr'><strong><em>conservarentur</em></strong></span> <span class='ocrx_word' id='word_1_318' title='bbox 531 3975 771 4070; x_wconf 85' lang='lat' dir='ltr'><strong><em>respublicae,</em></strong></span> <span class='ocrx_word' id='word_1_319' title='bbox 798 3993 833 4051; x_wconf 91' lang='lat' dir='ltr'><strong><em>et</em></strong></span> <span class='ocrx_word' id='word_1_320' title='bbox 854 3979 1083 4072; x_wconf 88' lang='lat' dir='ltr'><strong><em>quorundum</em></strong></span> <span class='ocrx_word' id='word_1_321' title='bbox 1104 4001 1205 4047; x_wconf 82' lang='lat' dir='ltr'><strong><em>men·</em></strong></span> <span class='ocrx_word' id='word_1_322' title='bbox 1358 3975 1452 4047; x_wconf 87' lang='lat' dir='ltr'><strong><em>Aliis</em></strong></span> <span class='ocrx_word' id='word_1_323' title='bbox 1466 3977 1634 4047; x_wconf 86' lang='lat' dir='ltr'><strong><em>omnibns</em></strong></span> <span class='ocrx_word' id='word_1_324' title='bbox 1648 3970 2039 4067; x_wconf 77' lang='lat' dir='ltr'><strong><em>prohibeturvindieta</em></strong></span> <span class='ocrx_word' id='word_1_325' title='bbox 2055 3996 2234 4073; x_wconf 90' lang='lat' dir='ltr'><strong><em>praecepto</em></strong></span> <span class='ocrx_word' id='word_1_326' title='bbox 2293 3967 2294 4022; x_wconf 67' lang='lat'>1</span> 
     </span>
     <span class='ocr_line' id='line_1_33' title="bbox 222 4073 2294 4178; baseline -0.003 -20"><span class='ocrx_word' id='word_1_327' title='bbox 222 4102 274 4166; x_wconf 87' lang='lat' dir='ltr'><strong><em>tes</em></strong></span> <span class='ocrx_word' id='word_1_328' title='bbox 292 4087 573 4178; x_wconf 88' lang='lat' dir='ltr'><strong><em>gubernarentur</em></strong></span> <span class='ocrx_word' id='word_1_329' title='bbox 588 4079 640 4170; x_wconf 50' lang='lat' dir='ltr'><strong><em>,ad</em></strong></span> <span class='ocrx_word' id='word_1_330' title='bbox 662 4078 741 4149; x_wconf 90' lang='lat' dir='ltr'><strong><em>illas</em></strong></span> <span class='ocrx_word' id='word_1_331' title='bbox 766 4104 821 4152; x_wconf 91' lang='lat' dir='ltr'><strong><em>res</em></strong></span> <span class='ocrx_word' id='word_1_332' title='bbox 844 4105 884 4152; x_wconf 88' lang='lat' dir='ltr'><strong><em>ac</em></strong></span> <span class='ocrx_word' id='word_1_333' title='bbox 902 4081 996 4170; x_wconf 90' lang='lat' dir='ltr'><strong><em>leges</em></strong></span> <span class='ocrx_word' id='word_1_334' title='bbox 1017 4079 1205 4150; x_wconf 86' lang='lat' dir='ltr'><strong><em>invenien·</em></strong></span> <span class='ocrx_word' id='word_1_335' title='bbox 1256 4075 1337 4154; x_wconf 88' lang='lat' dir='ltr'><strong><em>Dei.</em></strong></span> <span class='ocrx_word' id='word_1_336' title='bbox 1388 4077 1511 4170; x_wconf 91' lang='lat' dir='ltr'><strong><em>ltaque</em></strong></span> <span class='ocrx_word' id='word_1_337' title='bbox 1529 4073 1663 4148; x_wconf 87' lang='lat' dir='ltr'><strong><em>Christi</em></strong></span> <span class='ocrx_word' id='word_1_338' title='bbox 1688 4078 1795 4147; x_wconf 87' lang='lat' dir='ltr'><strong><em>verba</em></strong></span> <span class='ocrx_word' id='word_1_339' title='bbox 1818 4075 1868 4147; x_wconf 86' lang='lat' dir='ltr'><strong><em>sic</em></strong></span> <span class='ocrx_word' id='word_1_340' title='bbox 1887 4078 1997 4170; x_wconf 88' lang='lat' dir='ltr'><strong><em>accipi</em></strong></span> <span class='ocrx_word' id='word_1_341' title='bbox 2018 4103 2159 4152; x_wconf 89' lang='lat' dir='ltr'><strong><em>necesse</em></strong></span> <span class='ocrx_word' id='word_1_342' title='bbox 2180 4097 2235 4165; x_wconf 84' lang='lat' dir='ltr'><strong><em>est,</em></strong></span> <span class='ocrx_word' id='word_1_343' title='bbox 2293 4143 2294 4170; x_wconf 40' lang='lat'>2</span> 
     </span>
     <span class='ocr_line' id='line_1_34' title="bbox 224 4178 2294 4281; baseline -0.003 -20"><span class='ocrx_word' id='word_1_344' title='bbox 224 4192 305 4276; x_wconf 84' lang='lat' dir='ltr'><strong><em>das,</em></strong></span> <span class='ocrx_word' id='word_1_345' title='bbox 330 4209 420 4281; x_wconf 87' lang='lat' dir='ltr'><strong><em>qnae</em></strong></span> <span class='ocrx_word' id='word_1_346' title='bbox 433 4183 603 4255; x_wconf 88' lang='lat' dir='ltr'><strong><em>muniunt</em></strong></span> <span class='ocrx_word' id='word_1_347' title='bbox 618 4203 752 4272; x_wconf 90' lang='lat' dir='ltr'><strong><em>pacem.</em></strong></span> <span class='ocrx_word' id='word_1_348' title='bbox 1137 4187 1144 4205; x_wconf 82' lang='lat'>‘</span> <span class='ocrx_word' id='word_1_349' title='bbox 1258 4200 1304 4249; x_wconf 88' lang='lat' dir='ltr'><strong><em>ne</em></strong></span> <span class='ocrx_word' id='word_1_350' title='bbox 1320 4181 1600 4271; x_wconf 87' lang='lat' dir='ltr'><strong><em>detorqueantur</em></strong></span> <span class='ocrx_word' id='word_1_351' title='bbox 1612 4180 1658 4247; x_wconf 88' lang='lat' dir='ltr'><strong><em>ad</em></strong></span> <span class='ocrx_word' id='word_1_352' title='bbox 1671 4178 1849 4248; x_wconf 90' lang='lat' dir='ltr'><strong><em>tollendos</em></strong></span> <span class='ocrx_word' id='word_1_353' title='bbox 1873 4181 2109 4270; x_wconf 83' lang='lat' dir='ltr'><strong><em>magistratus.</em></strong></span> <span class='ocrx_word' id='word_1_354' title='bbox 2159 4181 2233 4254; x_wconf 78' lang='lat' dir='ltr'><strong><em>Non</em></strong></span> <span class='ocrx_word' id='word_1_355' title='bbox 2293 4227 2294 4254; x_wconf 60' lang='grc' dir='ltr'>ι</span> 
     </span>
     <span class='ocr_line' id='line_1_35' title="bbox 328 4279 2294 4376; baseline -0.003 -16"><span class='ocrx_word' id='word_1_356' title='bbox 328 4289 413 4360; x_wconf 89' lang='lat' dir='ltr'><strong><em>Ideo</em></strong></span> <span class='ocrx_word' id='word_1_357' title='bbox 436 4285 608 4359; x_wconf 88' lang='lat' dir='ltr'><strong><em>Salomon</em></strong></span> <span class='ocrx_word' id='word_1_358' title='bbox 629 4283 764 4376; x_wconf 85' lang='lat' dir='ltr'><strong><em>inquit,</em></strong></span> <span class='ocrx_word' id='word_1_359' title='bbox 790 4294 832 4355; x_wconf 90' lang='lat' dir='ltr'><strong><em>ut</em></strong></span> <span class='ocrx_word' id='word_1_360' title='bbox 852 4281 976 4353; x_wconf 85' lang='lat' dir='ltr'><strong><em>oculus</em></strong></span> <span class='ocrx_word' id='word_1_361' title='bbox 996 4281 1134 4369; x_wconf 87' lang='lat' dir='ltr'><strong><em>videat,</em></strong></span> <span class='ocrx_word' id='word_1_362' title='bbox 1165 4296 1206 4355; x_wconf 93' lang='lat' dir='ltr'><strong><em>ut</em></strong></span> <span class='ocrx_word' id='word_1_363' title='bbox 1258 4283 1352 4352; x_wconf 85' lang='lat' dir='ltr'><strong><em>enirn</em></strong></span> <span class='ocrx_word' id='word_1_364' title='bbox 1376 4282 1517 4351; x_wconf 88' lang='lat' dir='ltr'><strong><em>volebat</em></strong></span> <span class='ocrx_word' id='word_1_365' title='bbox 1538 4279 1590 4350; x_wconf 87' lang='lat' dir='ltr'><strong><em>ibi</em></strong></span> <span class='ocrx_word' id='word_1_366' title='bbox 1613 4280 1783 4371; x_wconf 88' lang='lat' dir='ltr'><strong><em>abrogare</em></strong></span> <span class='ocrx_word' id='word_1_367' title='bbox 1803 4279 1965 4372; x_wconf 87' lang='lat' dir='ltr'><strong><em>politicas</em></strong></span> <span class='ocrx_word' id='word_1_368' title='bbox 1986 4281 2235 4367; x_wconf 83' lang='lat' dir='ltr'><strong><em>ordinationes,</em></strong></span> <span class='ocrx_word' id='word_1_369' title='bbox 2293 4289 2294 4338; x_wconf 68' lang='lat'>1</span> 
     </span>
     <span class='ocr_line' id='line_1_36' title="bbox 223 4377 2294 4477; baseline -0.004 -13"><span class='ocrx_word' id='word_1_370' title='bbox 223 4393 319 4466; x_wconf 89' lang='lat' dir='ltr'><strong><em>auris</em></strong></span> <span class='ocrx_word' id='word_1_371' title='bbox 335 4391 474 4475; x_wconf 88' lang='lat' dir='ltr'><strong><em>audiat,</em></strong></span> <span class='ocrx_word' id='word_1_372' title='bbox 498 4387 595 4458; x_wconf 89' lang='lat' dir='ltr'><strong><em>Deus</em></strong></span> <span class='ocrx_word' id='word_1_373' title='bbox 609 4383 709 4465; x_wconf 88' lang='lat' dir='ltr'><strong><em>facit,</em></strong></span> <span class='ocrx_word' id='word_1_374' title='bbox 735 4385 857 4470; x_wconf 86' lang='lat' dir='ltr'><strong><em>idest,</em></strong></span> <span class='ocrx_word' id='word_1_375' title='bbox 881 4397 921 4454; x_wconf 90' lang='lat' dir='ltr'><strong><em>ut</em></strong></span> <span class='ocrx_word' id='word_1_376' title='bbox 943 4383 1085 4477; x_wconf 90' lang='lat' dir='ltr'><strong><em>sapiunt</em></strong></span> <span class='ocrx_word' id='word_1_377' title='bbox 1103 4384 1204 4477; x_wconf 89' lang='lat' dir='ltr'><strong><em>prin·</em></strong></span> <span class='ocrx_word' id='word_1_378' title='bbox 1257 4386 1317 4454; x_wconf 92' lang='lat' dir='ltr'><strong><em>sed</em></strong></span> <span class='ocrx_word' id='word_1_379' title='bbox 1332 4382 1490 4472; x_wconf 89' lang='lat' dir='ltr'><strong><em>singulos</em></strong></span> <span class='ocrx_word' id='word_1_380' title='bbox 1503 4381 1653 4453; x_wconf 90' lang='lat' dir='ltr'><strong><em>docebat</em></strong></span> <span class='ocrx_word' id='word_1_381' title='bbox 1666 4385 1711 4451; x_wconf 89' lang='lat' dir='ltr'><strong><em>de</em></strong></span> <span class='ocrx_word' id='word_1_382' title='bbox 1728 4377 1880 4473; x_wconf 84' lang='lat' dir='ltr'><strong><em>puritate</em></strong></span> <span class='ocrx_word' id='word_1_383' title='bbox 1893 4384 2011 4453; x_wconf 86' lang='lat' dir='ltr'><strong><em>cordis</em></strong></span> <span class='ocrx_word' id='word_1_384' title='bbox 2025 4407 2106 4475; x_wconf 88' lang='lat' dir='ltr'><strong><em>erga</em></strong></span> <span class='ocrx_word' id='word_1_385' title='bbox 2115 4383 2236 4458; x_wconf 90' lang='lat' dir='ltr'><strong><em>Deum.</em></strong></span> <span class='ocrx_word' id='word_1_386' title='bbox 2293 4413 2294 4444; x_wconf 62' lang='lat'>³</span> 
     </span>
     <span class='ocr_line' id='line_1_37' title="bbox 223 4481 2235 4588; baseline -0.005 -22"><span class='ocrx_word' id='word_1_387' title='bbox 223 4499 339 4588; x_wconf 74' lang='lat' dir='ltr'><strong><em>cipes,</em></strong></span> <span class='ocrx_word' id='word_1_388' title='bbox 365 4507 406 4564; x_wconf 91' lang='lat' dir='ltr'><strong><em>ut</em></strong></span> <span class='ocrx_word' id='word_1_389' title='bbox 419 4503 564 4582; x_wconf 89' lang='lat' dir='ltr'><strong><em>pareant</em></strong></span> <span class='ocrx_word' id='word_1_390' title='bbox 576 4485 699 4580; x_wconf 91' lang='lat' dir='ltr'><strong><em>populi</em></strong></span> <span class='ocrx_word' id='word_1_391' title='bbox 716 4486 813 4556; x_wconf 90' lang='lat' dir='ltr'><strong><em>Deus</em></strong></span> <span class='ocrx_word' id='word_1_392' title='bbox 826 4486 920 4556; x_wconf 90' lang='lat' dir='ltr'><strong><em>facit.</em></strong></span> <span class='ocrx_word' id='word_1_393' title='bbox 1360 4484 1463 4556; x_wconf 85' lang='lat' dir='ltr'><strong><em>Sicut</em></strong></span> <span class='ocrx_word' id='word_1_394' title='bbox 1494 4481 1667 4574; x_wconf 89' lang='lat' dir='ltr'><strong><em>Gigantes</em></strong></span> <span class='ocrx_word' id='word_1_395' title='bbox 1697 4485 1881 4573; x_wconf 87' lang='lat' dir='ltr'><strong><em>finguntur</em></strong></span> <span class='ocrx_word' id='word_1_396' title='bbox 1907 4483 2070 4557; x_wconf 86' lang='lat' dir='ltr'><strong><em>intulisse</em></strong></span> <span class='ocrx_word' id='word_1_397' title='bbox 2106 4489 2235 4559; x_wconf 89' lang='lat' dir='ltr'><strong><em>bellurn</em></strong></span> 
     </span>
     <span class='ocr_line' id='line_1_38' title="bbox 326 4581 2294 4678; baseline -0.005 -11"><span class='ocrx_word' id='word_1_398' title='bbox 326 4591 374 4668; x_wconf 85' lang='lat' dir='ltr'><strong><em>Et</em></strong></span> <span class='ocrx_word' id='word_1_399' title='bbox 397 4606 488 4664; x_wconf 90' lang='lat' dir='ltr'><strong><em>recte</em></strong></span> <span class='ocrx_word' id='word_1_400' title='bbox 511 4591 562 4660; x_wconf 90' lang='lat' dir='ltr'><strong><em>ait</em></strong></span> <span class='ocrx_word' id='word_1_401' title='bbox 583 4587 817 4678; x_wconf 85' lang='lat' dir='ltr'><strong><em>Augustinus:</em></strong></span> <span class='ocrx_word' id='word_1_402' title='bbox 858 4586 937 4656; x_wconf 88' lang='lat' dir='ltr'><strong><em>iura</em></strong></span> <span class='ocrx_word' id='word_1_403' title='bbox 966 4581 1121 4656; x_wconf 84' lang='lat' dir='ltr'><strong><em>humana</em></strong></span> <span class='ocrx_word' id='word_1_404' title='bbox 1143 4610 1208 4677; x_wconf 87' lang='lat' dir='ltr'><strong><em>per</em></strong></span> <span class='ocrx_word' id='word_1_405' title='bbox 1257 4587 1376 4668; x_wconf 88' lang='lat' dir='ltr'><strong><em>coelo,</em></strong></span> <span class='ocrx_word' id='word_1_406' title='bbox 1403 4588 1452 4656; x_wconf 86' lang='lat' dir='ltr'><strong><em>ita</em></strong></span> <span class='ocrx_word' id='word_1_407' title='bbox 1467 4609 1548 4657; x_wconf 85' lang='lat' dir='ltr'><strong><em>curn</em></strong></span> <span class='ocrx_word' id='word_1_408' title='bbox 1565 4597 1639 4657; x_wconf 91' lang='lat' dir='ltr'><strong><em>tota</em></strong></span> <span class='ocrx_word' id='word_1_409' title='bbox 1659 4597 1786 4656; x_wconf 86' lang='lat' dir='ltr'><strong><em>natura</em></strong></span> <span class='ocrx_word' id='word_1_410' title='bbox 1809 4586 1944 4656; x_wconf 90' lang='lat' dir='ltr'><strong><em>bellum</em></strong></span> <span class='ocrx_word' id='word_1_411' title='bbox 1966 4602 2095 4676; x_wconf 90' lang='lat' dir='ltr'><strong><em>gerunt</em></strong></span> <span class='ocrx_word' id='word_1_412' title='bbox 2117 4613 2237 4660; x_wconf 88' lang='lat' dir='ltr'><strong><em>mona·</em></strong></span> <span class='ocrx_word' id='word_1_413' title='bbox 2293 4593 2294 4634; x_wconf 71' lang='lat'>³</span> 
     </span>
     <span class='ocr_line' id='line_1_39' title="bbox 224 4685 2236 4788; baseline -0.003 -22"><span class='ocrx_word' id='word_1_414' title='bbox 224 4695 458 4786; x_wconf 89' lang='lat' dir='ltr'><strong><em>Imperatores</em></strong></span> <span class='ocrx_word' id='word_1_415' title='bbox 475 4706 510 4764; x_wconf 91' lang='lat' dir='ltr'><strong><em>et</em></strong></span> <span class='ocrx_word' id='word_1_416' title='bbox 525 4702 676 4762; x_wconf 88' lang='lat' dir='ltr'><strong><em>rectores</em></strong></span> <span class='ocrx_word' id='word_1_417' title='bbox 692 4691 801 4760; x_wconf 85' lang='lat' dir='ltr'><strong><em>seculi</em></strong></span> <span class='ocrx_word' id='word_1_418' title='bbox 817 4685 913 4759; x_wconf 89' lang='lat' dir='ltr'><strong><em>Deus</em></strong></span> <span class='ocrx_word' id='word_1_419' title='bbox 933 4687 1115 4759; x_wconf 92' lang='lat' dir='ltr'><strong><em>distribuit</em></strong></span> <span class='ocrx_word' id='word_1_420' title='bbox 1137 4685 1207 4758; x_wconf 88' lang='lat' dir='ltr'><strong><em>hu·</em></strong></span> <span class='ocrx_word' id='word_1_421' title='bbox 1258 4685 1335 4788; x_wconf 78' lang='lat' dir='ltr'><strong><em>chi,</em></strong></span> <span class='ocrx_word' id='word_1_422' title='bbox 1361 4689 1424 4782; x_wconf 88' lang='lat' dir='ltr'><strong><em>qui</em></strong></span> <span class='ocrx_word' id='word_1_423' title='bbox 1439 4687 1598 4760; x_wconf 87' lang='lat' dir='ltr'><strong><em>sentiunt</em></strong></span> <span class='ocrx_word' id='word_1_424' title='bbox 1614 4686 1863 4779; x_wconf 86' lang='lat' dir='ltr'><strong><em>perfectionem</em></strong></span> <span class='ocrx_word' id='word_1_425' title='bbox 1886 4709 1960 4757; x_wconf 88' lang='lat' dir='ltr'><strong><em>esse</em></strong></span> <span class='ocrx_word' id='word_1_426' title='bbox 1982 4690 2020 4770; x_wconf 87' lang='lat' dir='ltr'><strong><em>in</em></strong></span> <span class='ocrx_word' id='word_1_427' title='bbox 2041 4693 2236 4763; x_wconf 84' lang='lat' dir='ltr'><strong><em>desertione</em></strong></span> 
     </span>
     <span class='ocr_line' id='line_1_40' title="bbox 166 4781 2294 4885; baseline -0.003 -18"><span class='ocrx_word' id='word_1_428' title='bbox 166 4841 178 4852; x_wconf 89' lang='lat'>-</span> <span class='ocrx_word' id='word_1_429' title='bbox 224 4819 330 4867; x_wconf 88' lang='lat' dir='ltr'><strong><em>mano</em></strong></span> <span class='ocrx_word' id='word_1_430' title='bbox 351 4796 483 4885; x_wconf 90' lang='lat' dir='ltr'><strong><em>generi.</em></strong></span> <span class='ocrx_word' id='word_1_431' title='bbox 1256 4790 1481 4874; x_wconf 84' lang='lat' dir='ltr'><strong><em>facultatum,</em></strong></span> <span class='ocrx_word' id='word_1_432' title='bbox 1507 4804 1542 4859; x_wconf 87' lang='lat' dir='ltr'><strong><em>et</em></strong></span> <span class='ocrx_word' id='word_1_433' title='bbox 1555 4787 1761 4880; x_wconf 90' lang='lat' dir='ltr'><strong><em>praeferunt</em></strong></span> <span class='ocrx_word' id='word_1_434' title='bbox 1781 4809 1884 4859; x_wconf 88' lang='lat' dir='ltr'><strong><em>suum</em></strong></span> <span class='ocrx_word' id='word_1_435' title='bbox 1910 4790 2005 4860; x_wconf 87' lang='lat' dir='ltr'><strong><em>vitae</em></strong></span> <span class='ocrx_word' id='word_1_436' title='bbox 2025 4813 2136 4880; x_wconf 81' lang='lat' dir='ltr'><strong><em>genus</em></strong></span> <span class='ocrx_word' id='word_1_437' title='bbox 2159 4793 2235 4863; x_wconf 89' lang='lat' dir='ltr'><strong><em>fun·</em></strong></span> <span class='ocrx_word' id='word_1_438' title='bbox 2293 4781 2294 4828; x_wconf 71' lang='lat'>3</span> 
     </span>
     <span class='ocr_line' id='line_1_41' title="bbox 328 4883 2294 4990; baseline -0.002 -25"><span class='ocrx_word' id='word_1_439' title='bbox 328 4895 451 4990; x_wconf 87' lang='lat' dir='ltr'><strong><em>ltaque</em></strong></span> <span class='ocrx_word' id='word_1_440' title='bbox 478 4895 624 4989; x_wconf 89' lang='lat' dir='ltr'><strong><em>politiae</em></strong></span> <span class='ocrx_word' id='word_1_441' title='bbox 651 4913 734 4963; x_wconf 88' lang='lat' dir='ltr'><strong><em>vere</em></strong></span> <span class='ocrx_word' id='word_1_442' title='bbox 764 4904 847 4961; x_wconf 90' lang='lat' dir='ltr'><strong><em>sunt</em></strong></span> <span class='ocrx_word' id='word_1_443' title='bbox 868 4914 973 4984; x_wconf 89' lang='lat' dir='ltr'><strong><em>opera</em></strong></span> <span class='ocrx_word' id='word_1_444' title='bbox 998 4885 1085 4976; x_wconf 89' lang='lat' dir='ltr'><strong><em>Dei,</em></strong></span> <span class='ocrx_word' id='word_1_445' title='bbox 1116 4891 1207 4963; x_wconf 89' lang='lat' dir='ltr'><strong><em>sicut</em></strong></span> <span class='ocrx_word' id='word_1_446' title='bbox 1257 4890 1435 4961; x_wconf 89' lang='lat' dir='ltr'><strong><em>ctionibus</em></strong></span> <span class='ocrx_word' id='word_1_447' title='bbox 1463 4890 1647 4973; x_wconf 86' lang='lat' dir='ltr'><strong><em>civilibus,</em></strong></span> <span class='ocrx_word' id='word_1_448' title='bbox 1696 4912 1788 4984; x_wconf 89' lang='lat' dir='ltr'><strong><em>quae</em></strong></span> <span class='ocrx_word' id='word_1_449' title='bbox 1815 4883 1950 4961; x_wconf 87' lang='lat' dir='ltr'><strong><em>habent</em></strong></span> <span class='ocrx_word' id='word_1_450' title='bbox 1975 4896 2180 4966; x_wconf 81' lang='lat' dir='ltr'><strong><em>nrandatum</em></strong></span> <span class='ocrx_word' id='word_1_451' title='bbox 2205 4905 2236 4962; x_wconf 87' lang='lat' dir='ltr'><strong><em>et</em></strong></span> <span class='ocrx_word' id='word_1_452' title='bbox 2293 4925 2294 4976; x_wconf 73' lang='lat'>1</span> 
     </span>
     <span class='ocr_line' id='line_1_42' title="bbox 224 4986 2235 5088; baseline -0.002 -20"><span class='ocrx_word' id='word_1_453' title='bbox 224 5001 318 5070; x_wconf 88' lang='lat' dir='ltr'><strong><em>vices</em></strong></span> <span class='ocrx_word' id='word_1_454' title='bbox 333 5011 549 5088; x_wconf 80' lang='lat' dir='ltr'><strong><em>temporum,</em></strong></span> <span class='ocrx_word' id='word_1_455' title='bbox 574 5017 696 5066; x_wconf 90' lang='lat' dir='ltr'><strong><em>cursus</em></strong></span> <span class='ocrx_word' id='word_1_456' title='bbox 712 4991 814 5078; x_wconf 89' lang='lat' dir='ltr'><strong><em>solis,</em></strong></span> <span class='ocrx_word' id='word_1_457' title='bbox 839 5003 952 5062; x_wconf 89' lang='lat' dir='ltr'><strong><em>terrae</em></strong></span> <span class='ocrx_word' id='word_1_458' title='bbox 973 4991 1204 5064; x_wconf 88' lang='lat' dir='ltr'><strong><em>foecunditas.</em></strong></span> <span class='ocrx_word' id='word_1_459' title='bbox 1256 4993 1406 5062; x_wconf 88' lang='lat' dir='ltr'><strong><em>verbum</em></strong></span> <span class='ocrx_word' id='word_1_460' title='bbox 1431 4987 1511 5067; x_wconf 87' lang='lat' dir='ltr'><strong><em>Dei.</em></strong></span> <span class='ocrx_word' id='word_1_461' title='bbox 1542 5055 1544 5062; x_wconf 14' lang='grc' dir='ltr'><em>Α</em></span> <span class='ocrx_word' id='word_1_462' title='bbox 1569 4987 1657 5062; x_wconf 88' lang='lat' dir='ltr'><strong><em>Item</em></strong></span> <span class='ocrx_word' id='word_1_463' title='bbox 1679 4986 1955 5082; x_wconf 85' lang='lat' dir='ltr'><strong><em>Anabaptistae,</em></strong></span> <span class='ocrx_word' id='word_1_464' title='bbox 1985 4995 2048 5085; x_wconf 90' lang='lat' dir='ltr'><strong><em>qui</em></strong></span> <span class='ocrx_word' id='word_1_465' title='bbox 2070 4997 2235 5076; x_wconf 89' lang='lat' dir='ltr'><strong><em>sentiunt,</em></strong></span> 
     </span>
     <span class='ocr_line' id='line_1_43' title="bbox 137 5088 2233 5195; baseline -0.003 -25"><span class='ocrx_word' id='word_1_466' title='bbox 137 5105 150 5126; x_wconf 77' lang='lat'><strong><em>¹</em></strong></span> <span class='ocrx_word' id='word_1_467' title='bbox 223 5101 346 5195; x_wconf 84' lang='lat' dir='ltr'><strong><em>Neque</em></strong></span> <span class='ocrx_word' id='word_1_468' title='bbox 364 5099 478 5168; x_wconf 88' lang='lat' dir='ltr'><strong><em>solum</em></strong></span> <span class='ocrx_word' id='word_1_469' title='bbox 497 5097 657 5170; x_wconf 89' lang='lat' dir='ltr'><strong><em>condidit</em></strong></span> <span class='ocrx_word' id='word_1_470' title='bbox 669 5097 765 5172; x_wconf 88' lang='lat' dir='ltr'><strong><em>Deus</em></strong></span> <span class='ocrx_word' id='word_1_471' title='bbox 781 5088 844 5163; x_wconf 86' lang='lat' dir='ltr'><strong><em>has</em></strong></span> <span class='ocrx_word' id='word_1_472' title='bbox 860 5093 1203 5186; x_wconf 57' lang='lat' dir='ltr'><strong><em>ordinationensed</em></strong></span> <span class='ocrx_word' id='word_1_473' title='bbox 1256 5117 1330 5164; x_wconf 86' lang='lat' dir='ltr'><strong><em>non</em></strong></span> <span class='ocrx_word' id='word_1_474' title='bbox 1353 5093 1459 5164; x_wconf 91' lang='lat' dir='ltr'><strong><em>licere</em></strong></span> <span class='ocrx_word' id='word_1_475' title='bbox 1482 5091 1708 5183; x_wconf 87' lang='lat' dir='ltr'><strong><em>magistratus</em></strong></span> <span class='ocrx_word' id='word_1_476' title='bbox 1729 5114 1868 5184; x_wconf 88' lang='lat' dir='ltr'><strong><em>gerere,</em></strong></span> <span class='ocrx_word' id='word_1_477' title='bbox 1903 5093 2072 5181; x_wconf 87' lang='lat' dir='ltr'><strong><em>militare,</em></strong></span> <span class='ocrx_word' id='word_1_478' title='bbox 2103 5095 2233 5186; x_wconf 75' lang='lat' dir='ltr'><strong><em>¹iudicia</em></strong></span> 
     </span>
     <span class='ocr_line' id='line_1_44' title="bbox 223 5194 2294 5298; baseline -0.008 -23"><span class='ocrx_word' id='word_1_479' title='bbox 223 5217 394 5298; x_wconf 90' lang='lat' dir='ltr'><strong><em>perpetuo</em></strong></span> <span class='ocrx_word' id='word_1_480' title='bbox 416 5215 607 5270; x_wconf 86' lang='lat' dir='ltr'><strong><em>conservat.</em></strong></span> <span class='ocrx_word' id='word_1_481' title='bbox 663 5194 847 5268; x_wconf 89' lang='lat' dir='ltr'><strong><em>Postremo</em></strong></span> <span class='ocrx_word' id='word_1_482' title='bbox 869 5195 973 5265; x_wconf 89' lang='lat' dir='ltr'><strong><em>etiam</em></strong></span> <span class='ocrx_word' id='word_1_483' title='bbox 997 5195 1207 5287; x_wconf 88' lang='lat' dir='ltr'><strong><em>approbavit</em></strong></span> <span class='ocrx_word' id='word_1_484' title='bbox 1256 5218 1433 5277; x_wconf 81' lang='lat' dir='ltr'><strong><em>exercere,</em></strong></span> <span class='ocrx_word' id='word_1_485' title='bbox 1461 5195 1593 5265; x_wconf 82' lang='lat' dir='ltr'><strong><em>iurare.</em></strong></span> <span class='ocrx_word' id='word_1_486' title='bbox 2043 5269 2045 5275; x_wconf 15' lang='lat' dir='ltr'><em>A</em></span> <span class='ocrx_word' id='word_1_487' title='bbox 2293 5195 2294 5224; x_wconf 79' lang='lat'>³</span> 
     </span>
     <span class='ocr_line' id='line_1_45' title="bbox 224 5289 2232 5388; baseline -0.003 -11"><span class='ocrx_word' id='word_1_488' title='bbox 224 5308 336 5376; x_wconf 91' lang='lat' dir='ltr'><strong><em>verbo</em></strong></span> <span class='ocrx_word' id='word_1_489' title='bbox 353 5327 436 5386; x_wconf 89' lang='lat' dir='ltr'><strong><em>suo,</em></strong></span> <span class='ocrx_word' id='word_1_490' title='bbox 460 5295 537 5386; x_wconf 84' lang='lat' dir='ltr'><strong><em>Ego</em></strong></span> <span class='ocrx_word' id='word_1_491' title='bbox 553 5297 645 5380; x_wconf 85' lang='lat' dir='ltr'><strong><em>dixi,</em></strong></span> <span class='ocrx_word' id='word_1_492' title='bbox 668 5295 730 5366; x_wconf 90' lang='lat' dir='ltr'><strong><em>Dii</em></strong></span> <span class='ocrx_word' id='word_1_493' title='bbox 746 5297 838 5378; x_wconf 87' lang='lat' dir='ltr'><strong><em>estis,</em></strong></span> <span class='ocrx_word' id='word_1_494' title='bbox 864 5295 900 5365; x_wconf 86' lang='lat' dir='ltr'><strong><em>id</em></strong></span> <span class='ocrx_word' id='word_1_495' title='bbox 920 5309 971 5366; x_wconf 88' lang='lat' dir='ltr'><strong><em>est</em></strong></span> <span class='ocrx_word' id='word_1_496' title='bbox 985 5319 1062 5366; x_wconf 89' lang='lat' dir='ltr'><strong><em>mea</em></strong></span> <span class='ocrx_word' id='word_1_497' title='bbox 1078 5292 1206 5367; x_wconf 89' lang='lat' dir='ltr'><strong><em>autho·</em></strong></span> <span class='ocrx_word' id='word_1_498' title='bbox 1356 5293 1459 5368; x_wconf 84' lang='lat' dir='ltr'><strong><em>Sicut</em></strong></span> <span class='ocrx_word' id='word_1_499' title='bbox 1472 5295 1557 5388; x_wconf 78' lang='lat' dir='ltr'><strong><em>licet</em></strong></span> <span class='ocrx_word' id='word_1_500' title='bbox 1565 5289 1769 5366; x_wconf 87' lang='lat' dir='ltr'><strong><em>Christiano</em></strong></span> <span class='ocrx_word' id='word_1_501' title='bbox 1785 5295 1840 5368; x_wconf 91' lang='lat' dir='ltr'><strong><em>uti</em></strong></span> <span class='ocrx_word' id='word_1_502' title='bbox 1856 5291 1923 5367; x_wconf 88' lang='lat' dir='ltr'><strong><em>hac</em></strong></span> <span class='ocrx_word' id='word_1_503' title='bbox 1937 5297 2037 5386; x_wconf 88' lang='lat' dir='ltr'><strong><em>luce,</em></strong></span> <span class='ocrx_word' id='word_1_504' title='bbox 2060 5294 2129 5372; x_wconf 89' lang='lat' dir='ltr'><strong><em>hoe</em></strong></span> <span class='ocrx_word' id='word_1_505' title='bbox 2147 5301 2232 5376; x_wconf 75' lang='lat' dir='ltr'><strong><em>aere,</em></strong></span> 
     </span>
     <span class='ocr_line' id='line_1_46' title="bbox 222 5393 2294 5498; baseline -0.005 -18"><span class='ocrx_word' id='word_1_506' title='bbox 222 5412 329 5480; x_wconf 82' lang='lat' dir='ltr'><strong><em>ritate</em></strong></span> <span class='ocrx_word' id='word_1_507' title='bbox 342 5400 496 5498; x_wconf 86' lang='lat' dir='ltr'><strong><em>regnatis</em></strong></span> <span class='ocrx_word' id='word_1_508' title='bbox 512 5410 546 5468; x_wconf 91' lang='lat' dir='ltr'><strong><em>et</em></strong></span> <span class='ocrx_word' id='word_1_509' title='bbox 561 5419 678 5469; x_wconf 89' lang='lat' dir='ltr'><strong><em>meum</em></strong></span> <span class='ocrx_word' id='word_1_510' title='bbox 694 5397 848 5468; x_wconf 76' lang='lat' dir='ltr'><strong><em>officium</em></strong></span> <span class='ocrx_word' id='word_1_511' title='bbox 866 5397 1135 5471; x_wconf 86' lang='lat' dir='ltr'><strong><em>administratis.</em></strong></span> <span class='ocrx_word' id='word_1_512' title='bbox 1257 5408 1293 5466; x_wconf 89' lang='lat' dir='ltr'><strong><em>et</em></strong></span> <span class='ocrx_word' id='word_1_513' title='bbox 1307 5396 1387 5467; x_wconf 87' lang='lat' dir='ltr'><strong><em>aliis</em></strong></span> <span class='ocrx_word' id='word_1_514' title='bbox 1411 5398 1515 5471; x_wconf 88' lang='lat' dir='ltr'><strong><em>bonis</em></strong></span> <span class='ocrx_word' id='word_1_515' title='bbox 1538 5399 1706 5472; x_wconf 88' lang='lat' dir='ltr'><strong><em>creaturis</em></strong></span> <span class='ocrx_word' id='word_1_516' title='bbox 1721 5393 1808 5485; x_wconf 89' lang='lat' dir='ltr'><strong><em>Dei,</em></strong></span> <span class='ocrx_word' id='word_1_517' title='bbox 1840 5395 1888 5470; x_wconf 89' lang='lat' dir='ltr'><strong><em>ita</em></strong></span> <span class='ocrx_word' id='word_1_518' title='bbox 1911 5397 1994 5471; x_wconf 90' lang='lat' dir='ltr'><strong><em>licet</em></strong></span> <span class='ocrx_word' id='word_1_519' title='bbox 2012 5402 2064 5474; x_wconf 88' lang='lat' dir='ltr'><strong><em>uti</em></strong></span> <span class='ocrx_word' id='word_1_520' title='bbox 2088 5399 2231 5497; x_wconf 82' lang='lat' dir='ltr'><strong><em>politicis</em></strong></span> <span class='ocrx_word' id='word_1_521' title='bbox 2293 5419 2294 5466; x_wconf 78' lang='grc' dir='ltr'>ι</span> 
     </span>
    </p>
   </div>
   <div class='ocr_carea' id='block_1_11' title="bbox 0 0 2318 5796">
    <p class='ocr_par' dir='ltr' id='par_1_11' title="bbox 0 0 2318 5796">
     <span class='ocr_line' id='line_1_47' title="bbox 0 0 2318 5796; baseline 0 0"><span class='ocrx_word' id='word_1_522' title='bbox 0 0 2318 5796; x_wconf 95' lang='lat' dir='ltr'><strong><em> </em></strong></span> 
     </span>
    </p>
   </div>
   <div class='ocr_carea' id='block_1_12' title="bbox 481 5659 689 5784">
    <p class='ocr_par' dir='ltr' id='par_1_12' title="bbox 481 5659 689 5784">
     <span class='ocr_line' id='line_1_48' title="bbox 481 5659 689 5784; baseline -0.019 -114"><span class='ocrx_word' id='word_1_523' title='bbox 481 5659 689 5784; x_wconf 42' lang='grc' dir='ltr'><strong><em>,Α</em></strong></span> 
     </span>
    </p>
   </div>
  </div>
 </body>
</html>
