4606 5822
73 195 138 350 sat
393 271 395 276 ·
687 261 953 348 putorem
989 204 1440 358 mensurnorum
2002 263 2076 342 soe

158 441 190 518 d.
220 435 452 514 Defendimus
468 449 503 512 et
518 435 764 510 exclusivama
779 433 892 506 Paulo
907 429 1039 521 doceri,
1192 428 1268 504 Lex
1280 443 1429 506 santum
1447 445 1587 510 accusa
1605 447 1640 506 ct
1660 433 1893 520 condemnat,
1918 445 1953 504 et
1973 433 2076 509 affert

65 543 201 618 scilicet:
243 538 352 630 Quod
385 539 460 612 sola
492 538 562 610 lide
592 535 842 623 instificemur,
879 531 949 608 hoc
974 548 1040 622 est,
1091 533 1374 626 desperationem
1391 546 1425 604 et
1440 533 1565 605 odium
1580 535 1666 608 Dei:
1697 557 1781 626 ergo
1804 535 1862 606 lex
1876 559 1951 606 non
1968 537 2075 616 iusti-

68 644 152 740 quod
166 640 291 712 fiducia
306 639 570 712 misericordiae
585 661 661 709 non
682 641 834 731 pendeat
853 661 894 708 er
911 638 1038 708 condi·
1092 633 1190 720 ficet,
1223 635 1344 728 itaque
1358 659 1433 708 non
1446 637 1577 730 pendet
1596 637 1796 710 iustificatio
1813 661 1854 709 ex
1866 637 2075 712 conditione

68 747 153 818 tione
165 755 302 814 nostrae
317 741 514 830 dignitatis.
566 737 644 812 lmo
661 735 756 810 nihil
770 739 870 810 aliud
883 737 982 810 venit
999 736 1039 808 in
1090 734 1196 828 legis,
1220 751 1390 830 tanquam
1404 760 1448 807 ex
1462 759 1566 808 causa
1579 751 1614 808 et
1628 740 1759 832 precio.

66 845 290 941 quaestionem
307 844 401 935 apud
415 841 587 926 Paulum,
610 841 681 914 nisi
700 839 762 913 illa
785 839 979 924 exclusiva,
1005 853 1039 912 et
1191 833 1288 908 Haec
1308 851 1391 910 sunt
1419 851 1622 929 argumenta
1645 838 1768 926 Pauli,
1800 838 1907 917 Rom.
1924 839 1959 914 4.
1985 865 2076 936 quae

66 944 126 1018 hoc
143 945 282 1037 proprie
307 941 475 1033 intelligit
497 939 651 1028 Paulus,
683 942 821 1035 quoties
842 941 908 1012 ait:
947 937 1039 1011 Fide
1089 938 1241 1008 defendo
1260 939 1465 1023 essefirma,
1490 954 1525 1011 et
1540 941 1683 1033 propria
1700 936 1932 1015 huiccausae.
1983 941 2076 1014 Nos-

52 1039 291 1120 'iustificamun
343 1042 459 1117 Sentit
475 1043 587 1130 enim,
613 1045 709 1138 quod
724 1042 808 1114 iusti
822 1042 1038 1135 pronuncie-
1090 1062 1158 1132 que
1173 1033 1217 1112 τὸ
1243 1035 1355 1134 ῥητὸν
1374 1039 1614 1128 defendimus,
1640 1056 1681 1118 et,
1695 1046 1904 1116 sententiam
1928 1068 1969 1115 ex
1990 1045 2077 1136 ipsis

65 1173 144 1234 mur,
166 1171 240 1219 non
254 1158 399 1240 propter
413 1159 570 1218 nostram
586 1144 807 1235 dignitatem,
832 1167 951 1238 opera,
969 1167 1038 1214 no-
1088 1136 1194 1212 Pauli
1208 1141 1326 1211 verbis
1343 1136 1545 1228 haurimus,
1570 1167 1792 1236 quamsaepe
1817 1146 1973 1218 inculcat
1980 1145 2077 1219 Pau-

65 1251 213 1336 vitatem,
239 1247 300 1319 sed
316 1247 425 1338 gratis
438 1259 587 1344 propter
598 1241 795 1321 Christum.
1089 1238 1157 1313 lus.
1209 1237 1258 1312 Et
1280 1265 1360 1312 cum
1385 1243 1577 1312 adversarii
1592 1269 1668 1314 non
1684 1247 1875 1318 retinentes
1889 1242 1932 1318 τὸ
1948 1241 2076 1340 ῥητὸν,

151 1348 186 1427 9.
223 1350 390 1421 Defendo
414 1349 459 1418 ad
482 1343 576 1419 hanc
597 1347 808 1418 sententiam
833 1345 979 1439 proprie
1003 1359 1040 1420 et
1089 1341 1237 1431 gignant
1249 1343 1459 1414 sententiam
1472 1344 1738 1420 dissidentcma
1758 1349 1873 1420 verbis
1888 1346 2012 1430 Pauli,
2036 1348 2077 1418 in

64 1463 141 1522 recte
155 1435 329 1545 quadrare
344 1461 568 1540 argumenta,
594 1467 684 1544 quae
698 1447 800 1520 affert
816 1446 962 1520 Paulus.
1090 1465 1159 1536 qua
1178 1443 1290 1514 multa
1306 1444 1431 1517 insunt
1447 1458 1565 1536 aperte
1580 1447 1686 1534 falsa,
1712 1451 1843 1521 rectius
1863 1465 1915 1522 est
1932 1463 2076 1521 senten-

222 1631 224 1636 .
457 1623 466 1640 ι
559 1621 583 1640 ..
701 1623 710 1638 ·
899 1587 902 1596 ·
1090 1543 1175 1614 tiam
1195 1545 1371 1638 retinere,
1396 1548 1662 1640 quamproprie
1680 1549 1904 1621 verbaPauli
1921 1552 2077 1644 pariunt.

222 1617 256 1733 ¹?
297 1623 356 1692 Β)
376 1626 603 1726 mummii
623 1621 858 1710 scrii’mm·
1189 1641 1287 1716 Haec
1309 1648 1495 1738 praeconia
1524 1652 1569 1718 de
1597 1650 1683 1721 fide:
1721 1647 1810 1723 Fide
1835 1653 2079 1738 iustihcamur,

148 1753 310 1827 Credidit
322 1749 506 1826 Abraham
522 1751 621 1839 Deo,
646 1767 680 1826 et
692 1743 984 1845 ¹imputatnm'est
1004 1751 1038 1821 ei
1089 1769 1165 1817 non
1178 1761 1263 1820 aunt
1277 1741 1508 1842 hyperbolae,
1532 1763 1594 1821 ant
1607 1747 1865 1847 synecdochae,
1885 1754 1980 1828 sieut
1996 1756 2078 1849 qui·

67 1856 103 1925 sd
117 1855 301 1926 iusticiam.
350 1853 421 1926 Hie
434 1852 616 1946 Scriptura
632 1854 846 1945 pronunciat
854 1847 1059 1925 Abraham¹
1090 1850 1171 1918 dam
1197 1848 1377 1936 scribunt,
1409 1849 1475 1947 qui
1496 1850 1796 1946 interpretantur,
1825 1853 1979 1926 Paulum
2003 1879 2077 1927 ser-

63 1955 194 2045 iustum,
218 1957 305 2052 qnia
320 1953 523 2027 crediderit.
552 1951 667 2046 Igitur
683 1954 752 2052 fide
767 1953 1009 2026 iustificamur.
1090 1949 1245 2069 rientem
1262 1950 1434 2044 tempori,
1458 1945 1644 2024 rhetoricis
1661 1968 1722 2032 aut
1739 1956 1858 2048 potius
1874 1952 2076 2050 sophisticis

337 2117 389 2196 n.
419 2121 487 2196 o
508 2117 743 2222 asom
838 2209 842 2215 ,
1090 2053 1642 2246 {tesseracoste
1655 2052 2077 2246 {statuetis

145 2257 359 2332 'luctificatio
381 2270 434 2329 est
457 2268 597 2328 tantum
617 2253 779 2328 remissio
804 2269 1038 2349 peccatorum,
1089 2266 1130 2326 ut
1145 2253 1271 2326 durius
1294 2256 1454 2347 castigati
1468 2252 1609 2344 ludaei,
1635 2262 1914 2352 superstitiosam
1934 2283 2077 2354 persua-

65 2361 139 2433 sicut
159 2360 325 2432 Psalmus
349 2357 414 2429 ait:
449 2354 552 2428 Beati
581 2379 734 2452 quorum
760 2358 926 2430 remissae
956 2374 1039 2430 sunt
1091 2355 1283 2426 sionemde
1297 2356 1524 2442 ceremoniis,
1549 2381 1637 2452 quas
1660 2362 1937 2452 pertinacissime
1954 2363 2077 2450 delen-

64 2462 265 2556 iniquitates.
320 2455 435 2550 Igitur
451 2433 574 2530 snmus
591 2457 695 2540 iusti,
721 2481 797 2530 non
810 2474 957 2552 propter
969 2483 1039 2532 no·
1090 2456 1238 2542 debant,
1264 2456 1464 2533 abiicerent.
1516 2453 1570 2528 Ac
1586 2457 1713 2532 Ricina
1730 2463 1811 2554 plus
1830 2463 2077 2558 quam'indai-

64 2578 136 2636 strae
150 2565 320 2646 virtutes,
346 2564 408 2634 sed
432 2558 557 2632 divina
577 2560 836 2654 acceptatione,
861 2585 951 2654 quae
973 2586 1039 2655 ap-
1090 2570 1163 2644 zat,
1189 2557 1253 2649 qui
1269 2554 1373 2628 Pauli
1389 2559 1600 2631 sententiam
1616 2565 1843 2635 transformat
1866 2565 1906 2634 in
1928 2565 2078 2634 durissi-

64 2665 171 2755 prohat
185 2664 372 2754 indignos.
1090 2682 1186 2728 mam
1203 2651 1441 2753 hyberbolen,
1465 2673 1501 2732 et
1515 2662 1716 2750 contendit,
1738 2687 1813 2735 non
1827 2665 1944 2736 solum
1958 2687 2077 2735 mora-

9 2823 11 2834 ,
381 2831 392 2848 ι
1089 2759 1184 2830 libus
1201 2760 1389 2850 operibus,
1414 2761 1597 2835 sedetiam
1621 2766 1831 2840 ceremoniis
1850 2765 2077 2839 tribuendam

115 2829 179 2906 111·
218 2833 283 2903 Ex
304 2825 437 2902 (lidiae
460 2845 665 2901 mm
685 2834 726 2900 ‘i
747 2820 967 2924 ‘imum‘
1079 2882 1162 2936 ,esse
1177 2860 1474 2938 iustificationem.

146 2959 331 3040 Abraham
352 2961 615 3055 pronunciatur
635 2960 750 3033 iustus
770 2973 854 3032 ante
883 2962 1037 3034 circum·
1193 2964 1253 3036 ts.
1281 2959 1365 3042 Non
1380 2954 1646 3038 reddunt'Pauli
1661 2951 1885 3054 sententiam,
1910 2963 2077 3062 'quihanc

65 3067 227 3140 sirionem:
262 3064 373 3155 igitur
397 3060 617 3134 circumcisio
639 3085 715 3132 non
732 3061 907 3138 iustificat.
954 3060 1037 3136 Cir·
1089 3057 1333 3160 synecdochen
1362 3066 1698 3140 comminiscuntur:
1731 3067 1820 3140 Fide
1847 3069 2078 3143 iustificamur

64 3171 209 3240 cumcisio
241 3181 278 3238 et
309 3179 430 3257 postea
452 3165 577 3263 ⁸cultus
599 3163 694 3253 legis'
710 3156 913 3235 habuerunt
934 3157 1037 3257 prae-
1088 3165 1283 3252 incoative,
1303 3167 1388 3261 quia
1403 3168 1489 3239 fides
1502 3183 1686 3259 regenerat
1700 3182 1733 3242 et
1749 3171 1976 3253 affertnovas
1989 3195 2082 3265 qua·
2148 3213 2151 3220 ·

64 3269 233 3360 ceptaDei:
266 3289 348 3356 ergo
364 3264 396 3336 si
411 3289 518 3358 opera
532 3265 781 3351 iustificabant,
802 3288 942 3336 necesse
958 3268 1037 3354 fuit,
1089 3269 1219 3340 litates.
1286 3263 1333 3340 Et
1365 3269 1525 3340 iudicant
1552 3285 1693 3342 renatos
1716 3273 1834 3344 verius
1856 3288 2001 3366 propter
2022 3296 2078 3344 se-

63 3369 142 3441 idem
157 3370 289 3444 sentire
304 3367 409 3438 etiam
426 3369 471 3438 de
486 3361 544 3435 his
559 3365 738 3455 operibus.
782 3361 833 3435 At
847 3380 966 3458 aperte
983 3381 1037 3450 te·
1089 3382 1237 3462 qucntes
1253 3369 1439 3462 qualitates
1454 3369 1566 3442 iustos
1590 3394 1681 3455 esse,
1705 3397 1814 3468 quam
1837 3374 1988 3466 gratuita
2008 3373 2077 3444 im-

63 3487 157 3544 statur
176 3471 382 3563 Scriptura,
408 3461 591 3537 Abraham
615 3478 650 3536 et
664 3461 839 3535 Davidem
862 3489 937 3537 non
963 3491 1036 3538 esse
1089 3468 1284 3566 putatione.

64 3574 157 3645 iustos
179 3585 326 3666 propter
347 3567 463 3640 cultus
486 3567 591 3658 legis,
617 3565 726 3657 igitur
750 3589 866 3658 neque
889 3570 1036 3640 morali·
1191 3569 1251 3642 ts.
1286 3561 1335 3640 Et
1354 3589 1499 3660 prorsus
1520 3573 1715 3664 corrumpit
1735 3571 1839 3646 Pauli
1867 3574 2077 3646 sententiam

63 3673 116 3746 bus
130 3675 297 3770 operibus
315 3684 417 3741 erant
434 3669 532 3744 iusti.
822 3757 825 3762 .
1088 3665 1306 3764 synecdoche
1332 3665 1650 3764 scholasticorum,
1691 3673 1753 3767 qui
1784 3675 2076 3768 interpretantur,

504 3843 513 3860 ·
558 3842 566 3859 ‚
622 3842 630 3859 ,
890 3830 899 3860 ,
1030 3775 1045 3824 '-
1087 3771 1156 3841 fide
1170 3771 1560 3857 iustificamur,‘scilicet
1574 3775 1723 3846 formata
1740 3771 1917 3858 charitate.
1945 3776 2077 3870 Aperte

9 3923 10 3930 ,
81 3843 139 3921 IV·
176 3851 235 3919 Ex
255 3863 373 3950 cam
388 3859 674 3962 Piffmfflimig
695 3841 832 3932 ΜΨ
853 3857 1011 3932 ‘mim‘
1090 3873 1185 3943 enim
1208 3873 1424 3946 transierunt
1448 3874 1731 3948 iustificationem
1752 3878 1796 3948 ad
1818 3893 1937 3952 nostra
1960 3901 2078 3974 opera,

383 3951 500 4014 illim
523 3960 686 4036 'leiim
1088 3998 1169 4046 cum
1183 3973 1403 4047 contrarium
1422 3976 1508 4048 velit
1524 3975 1668 4049 Paulus.
1958 4056 1979 4064 ,,

144 4080 338 4168 Promissio
367 4079 526 4171 pendens
553 4100 594 4146 ex
627 4073 833 4148 conditione
854 4078 961 4168 legis,
998 4077 1037 4149 iit
1109 4169 1112 4176 .
1192 4073 1252 4148 14.
1293 4073 1337 4145 ln
1361 4091 1486 4172 quarto
1510 4094 1736 4170 argumento,
1769 4081 1832 4152 ubi
1853 4084 1957 4154 dicit:
1989 4080 2074 4153 Ideo

63 4184 219 4262 inem,
543 4197 548 4211 ·
1087 4201 1163 4248 non
1194 4179 1349 4270 pendere
1373 4178 1646 4270 promissionem
1668 4205 1710 4252 er
1739 4185 1946 4256 conditione
1977 4185 2075 4272 legis,

145 4285 426 4360 Promissionem
464 4279 763 4352 reconciliationis
792 4293 932 4373 oportet
961 4301 1037 4350 esse
1087 4293 1129 4351 ut
1144 4293 1220 4352 rata
1235 4279 1300 4364 sit,
1323 4303 1398 4350 non
1414 4281 1575 4374 loquitur
1588 4283 1634 4352 de
1647 4285 1988 4375 praedestinatione,
2012 4287 2075 4356 sed

63 4399 158 4460 mam
173 4405 207 4461 et
218 4402 367 4461 tertam,
1088 4382 1132 4452 de
1150 4381 1361 4455 certitudine
1381 4394 1523 4453 nostrae
1537 4385 1665 4455 mentis
1679 4407 1758 4476 erga
1776 4383 1904 4463 Deum.

148 4489 261 4582 lgitur
280 4486 468 4583 promissio
489 4480 788 4554 reconciliationis
808 4505 883 4554 non
905 4483 1036 4574 pendet
1191 4477 1250 4556 15.
1280 4479 1486 4554 Adversarii
1502 4509 1617 4581 neque
1633 4482 1676 4558 τό
1692 4483 1804 4582 ῥητὸν
1825 4489 1862 4558 io
1880 4487 1992 4559 Paulo
2018 4511 2076 4558 re-
2154 4537 2156 4542 .

63 4611 96 4658 er
114 4593 314 4665 conditione
339 4588 447 4680 legis,
480 4588 541 4658 sed
562 4585 736 4677 accipitur
752 4585 827 4656 sola
848 4584 936 4668 fide,
960 4607 1035 4656 non
1087 4585 1220 4672 tinent,
1246 4584 1329 4679 quia
1344 4587 1555 4659 sententiam
1574 4590 1750 4681 quandam
1775 4591 1924 4682 gignunt
1942 4612 1981 4659 ex
2006 4585 2076 4660 hu-

61 4707 192 4786 propter
207 4696 319 4786 legem
336 4707 397 4764 aut
412 4711 559 4784 operum
574 4687 798 4778 dignitatem.
1086 4709 1191 4759 mana
1205 4687 1344 4759 ratione
1366 4702 1490 4760 contra
1513 4690 1620 4761 verba
1636 4683 1859 4783 Scripturas,
1883 4714 1998 4786 neque
2021 4707 2075 4764 tc-
2192 4757 2193 4760 ,

323 4867 330 4882 ⁸
630 4827 634 4840 ·
772 4851 775 4856 .
1087 4803 1175 4860 nent
1195 4781 1483 4888 mereamor,
1525 4791 1607 4886 quia
1637 4791 1678 4860 in
1709 4795 1867 4886 ipsorum
1901 4795 2074 4866 sententia

248 4865 434 4935 Mamm
458 4853 595 4950 imm
615 4851 685 4928 '²⁰⁶
706 4852 830 4930 1110111·
953 4909 957 4921 ·
1085 4893 1198 4963 multa
1231 4892 1355 4963 insunt
1385 4893 1571 4968 manifeste
1602 4893 1709 4981 laisa,
1747 4908 1781 4966 et
1800 4895 1996 4989 pugnantia
2018 4895 2075 4964 in-

148 4994 219 5066 lex
242 5015 379 5087 semper
399 5002 537 5064 accusat
557 5001 592 5060 et
614 4987 829 5059 condemnat
848 4991 1035 5070 conscien·
1085 5006 1140 5065 ter
1159 5017 1206 5066 se.
1242 5074 1246 5084 ¹
1313 5073 1317 5080 ,
1377 5073 1380 5082 ,
1534 5073 1537 5081 λ
1593 5007 1604 5023 “·
2066 5053 2073 5064 .

62 5093 131 5164 tias:
165 5097 274 5187 igitur
289 5092 478 5189 promissio
493 5091 652 5182 pendens
667 5113 710 5194 er
723 5086 930 5162 conditione
948 5093 1034 5186 legia
1189 5096 1248 5172 16.
1281 5093 1372 5168 Nam
1387 5097 1571 5170 manifeste
1585 5099 1714 5170 salsum
1731 5113 1801 5185 est,
1831 5100 2075 5170 remissionem

62 5193 245 5271 fitincerta.
573 5189 577 5200 ’
612 5189 617 5200 ’
1012 5225 1018 5240 ·
1083 5211 1310 5290 peccatorum
1342 5201 1547 5292 contingere
1573 5216 1718 5296 propter
1741 5215 1898 5274 nostram
1922 5195 2075 5290 dignita-

147 5295 245 5371 llinc
267 5300 373 5380 etiam
395 5294 547 5369 sumitur
569 5307 817 5386 argumentum
838 5295 883 5367 de
905 5295 1031 5372 effectu
1082 5313 1176 5370 tems
1196 5323 1381 5396 nunquam
1395 5303 1592 5377 enimcerti
1608 5311 1763 5377 ememus
1785 5307 1832 5376 de
1856 5301 2076 5384 remissione,

61 5394 145 5486 legis.
349 5471 352 5478 ,
791 5471 794 5474 ,
946 5471 950 5480 ,
1082 5401 1112 5472 si
1128 5426 1169 5474 ex
1185 5405 1390 5478 conditione
1406 5418 1550 5484 nostrae
1566 5407 1747 5506 dignitatis
1765 5403 1960 5501 penderet'
1994 5401 2077 5476 Ma·
