4604 5804
63 293 125 373 m
292 337 344 356 2
505 271 562 326 ³
732 279 1106 368 amanuncus
1139 229 1437 364 utrumne¹
1691 286 1694 294 ·
2000 288 2081 370 aas

63 467 116 548 sit,
139 475 170 534 et
191 475 305 536 tamen
328 473 463 536 servata
479 459 674 553 divinitus,
699 477 732 536 et
749 465 929 560 quomodo
944 487 1028 558 pro-
1078 457 1178 532 mille
1200 458 1344 550 triginta
1359 465 1473 532 ‘tres-
1520 449 1575 528 Ae
1596 455 1706 551 periit
1724 455 1987 556 sardanapalus
2018 487 2077 538 re-

63 579 170 660 pagata
184 567 229 638 sit
244 567 407 636 doctrina
419 566 461 634 in
477 561 541 636 bas
555 566 649 657 ipsas
663 567 799 637 vicinas
812 580 943 656 gentes.
1079 563 1265 654 guantein
1281 557 1410 632 Iudaea
1426 551 1555 634 Osis.
2020 577 2023 584 ’

149 661 349 741 Nemred
373 681 455 760 post
475 689 590 740 annos
611 667 752 741 circiter
771 682 915 741 centum
937 667 1030 739 adi·
1169 663 1305 736 Postea
1328 656 1458 732 Phut
1476 651 1731 750 Belocbus,
1764 661 1803 734 id
1826 675 1896 748 en,
1915 662 2073 742 Rvereor

61 770 156 841 luvio.
1078 779 1238 852 vastans,
1270 762 1473 835 Praefectus
1493 761 1751 866 Babyloniens,
1784 765 1901 837 tenuit
1917 763 2072 866 Babylo-

147 868 371 962 Deindcpost
381 872 578 944 annosiore
588 871 759 944 ducentos
772 867 869 945 Nr'n
879 892 929 940 us
943 891 1030 939 con·
1079 867 1176 938 niam
1201 882 1235 939 ct
1253 864 1430 952 Niniven,
1470 880 1505 938 et
1527 865 1689 964 regnavit
1705 887 1819 936 annos
1840 869 2070 963 quadraginta

61 970 141 1042 didit
161 971 310 1042 Niniven
335 972 375 1044 in
392 972 558 1070 Assyria,
583 997 622 1043 ac
644 998 782 1045 summa
806 967 963 1066 potentia
985 972 1031 1041 ad
1079 983 1172 1044 octo.
1224 963 1433 1037 Arbores
1455 990 1538 1038 vero
1554 967 1685 1039 Medus
1705 969 1908 1040 dominatus
1926 973 2070 1046 estme-
2218 1025 2227 1032 -

17 1123 23 1136 .
61 1071 209 1166 Assyrios
229 1074 399 1144 translata
421 1087 492 1161 est,
516 1075 579 1168 qui
598 1088 631 1145 et
646 1073 803 1147 Ninivcu
821 1089 855 1146 et
872 1073 1030 1170 Babylo·
1080 1072 1136 1142 dis
1166 1083 1201 1141 et
1222 1069 1351 1145 Persis.
1409 1066 1479 1141 Sed
1506 1093 1604 1140 nunc
1633 1083 1777 1162 pcrtexo
1798 1072 1926 1142 seriem
1947 1093 2068 1162 regum

61 1187 345 1246 nentenuerunt.
1079 1170 1308 1270 Assyriorum
1358 1195 1472 1264 nsque
1511 1174 1557 1241 ad
1599 1168 1846 1246 mosechim
1885 1172 2068 1250 Persicon.
2177 1205 2180 1212 ¹

146 1270 441 1362 Semiramis,
470 1299 560 1346 uxor
573 1274 679 1361 Nini,
705 1276 1030 1349 condidicmoenta
1078 1273 1170 1346 Nam
1191 1270 1332 1370 Assyrii
1361 1273 1527 1365 deinceps
1556 1274 1678 1344 decem
1706 1276 1821 1347 tribus
1851 1274 2069 1366 lsrae'iitius,
2188 1271 2194 1282 ’

59 1370 255 1467 Babylonis,
287 1389 322 1448 et
346 1378 478 1470 fossam
506 1378 583 1448 fieri
607 1379 761 1466 curavit,
792 1395 826 1453 et
846 1403 1029 1473 progressa
1079 1393 1114 1449 et
1136 1391 1255 1469 postea
1278 1377 1412 1447 tribum
1432 1369 1461 1444 I
1467 1369 1557 1444 uda
1581 1375 1729 1449 adsidue
1750 1377 1974 1450 addixerunt
2028 1379 2069 1450 in
2197 1393 2202 1402 '

59 1475 163 1566 plures
178 1478 548 1570 regionesoccupavit.
690 1567 692 1574 Ι
1077 1479 1171 1550 libro
1187 1475 1222 1549 4.
1237 1474 1379 1567 Regum
1401 1478 1516 1570 capite
1534 1475 1593 1549 15.
1622 1478 1756 1550 dicitur
1780 1471 1839 1550 hie
1853 1476 1949 1552 Phul
1965 1477 2067 1552 Belc-

9 1593 10 1598 ’
143 1571 322 1649 Ninias
347 1580 441 1650 iilius
455 1579 541 1650 Nini
564 1597 599 1655 et
615 1580 869 1654 Semiramidos
889 1583 977 1655 vixit
989 1584 1028 1654 in
1079 1576 1167 1651 chus
1179 1579 1341 1651 intulisse
1361 1579 1494 1650 bellum
1513 1583 1587 1669 regi
1605 1577 1797 1650 israelitico
1812 1577 2020 1657 Menahena.

9 1761 10 1764 Ἴ
59 1674 140 1756 ocio,
165 1681 252 1750 adeo
271 1693 313 1752 ut
333 1681 464 1752 deinde
487 1682 527 1751 in
550 1683 781 1775 scriptoribus
799 1683 1030 1778 Ionicisprn-
1180 1679 1356 1754 Successit
1375 1673 1788 1772 patriPltulAssar,
1814 1683 1936 1769 idest,
1958 1679 2067 1760 Ever-
2184 1723 2192 1733 =

9 1773 10 1784 ’
58 1789 123 1863 pter
149 1779 326 1874 ignaviam
346 1784 584 1872 vituperetur,
617 1799 658 1856 ut
678 1799 801 1856 narrat
823 1782 1029 1858 Athenaeus
1078 1775 1137 1852 sor
1152 1778 1338 1880 Assyrius,
1360 1783 1422 1875 qui
1445 1783 1484 1850 in
1509 1783 1603 1852 libro
1617 1780 1653 1855 A.
1666 1780 1807 1873 Regum
1828 1781 2073 1876 esp.15.n0-

56 1877 137 1948 libro
154 1885 208 1954 2.:
225 1880 399 1976 ’Ἄριστος
413 1879 554 1956 ἐσθίειν
567 1882 632 1957 καὶ
646 1881 785 1958 πίνειν.
811 1884 858 1959 roi
875 1883 917 1961 de
934 1885 1027 1960 ἀλλὰ
1076 1884 1235 1957 minatur
1264 1879 1435 1978 Tigtat
1465 1877 1747 1956 Philassar:
1787 1886 1862 1956 sive
1894 1911 1914 1957 a
1948 1889 2072 1959 trodu-

54 1974 413 2075 aestumandae.
453 1983 533 2059 Hoc
549 1985 912 2078 regnanteAbraham
929 1993 1027 2062 venit
1077 1986 1194 2056 ctione
1210 1986 1449 2058 israelitarum
1472 1985 1510 2055 in
1531 1987 1697 2076 exilium,
1721 1989 1796 2059 sive
1810 1989 1855 2060 ab
1878 1989 1952 2080 ipsa
1969 1986 2073 2064 Gatt-

9 2171 10 2176 ἵ
56 2077 320 2158 iuPalestinam.
1077 2087 1149 2174 lea,
1176 2089 1259 2181 quia
1282 2086 1342 2160 hic
1366 2090 1502 2179 primns,
1523 2086 1664 2159 Galilea
1686 2091 1819 2183 potitus
1842 2105 1914 2171 est,
1946 2105 1980 2164 et
2003 2090 2071 2161 tri-

138 2182 224 2255 Post
246 2179 343 2256 hunc
364 2188 404 2256 in
421 2185 568 2261 historia
584 2189 822 2266 Sodomorum
839 2197 877 2267 fit
893 2197 1026 2267 mentio
1076 2187 1760 2288 bumNephtsliabduxitindwyriam·
1810 2189 1989 2284 Regnavit
2003 2212 2070 2264 tn·
2214 2224 2218 2231 ·

9 2291 11 2344 7
54 2281 131 2370 regis
146 2283 325 2372 sennaar,
358 2290 396 2358 id
412 2305 483 2376 est,
515 2290 729 2386 Babylonis,
755 2291 1027 2393 amraphel,
1077 2304 1227 2363 nostres
1250 2293 1437 2384 etviginti.
1958 2351 1966 2369 „

53 2377 164 2470 idest,
194 2389 318 2458 dicens
339 2391 577 2477 eversionem,
611 2391 762 2468 Genesis
786 2397 845 2471 14.
898 2399 1026 2482 Credi·
1177 2387 1545 2480 salmanassar,
1570 2395 1694 2482 idest,
1718 2393 2069 2493 pacificusAssyriun

9 2571 11 2582 .
53 2481 113 2552 bile
139 2500 190 2558 est
215 2503 354 2575 autem,
385 2492 500 2564 varias
523 2497 737 2568 mutationes
760 2497 799 2568 in
821 2495 876 2572 his
897 2501 1026 2571 vicinis
1075 2493 1254 2584 Regnavit
1275 2519 1389 2566 annos
1411 2499 1544 2572 decem.
1595 2492 1707 2568 Anno
1729 2502 1855 2592 quinto
1871 2499 2069 2572 Samariam

9 2643 10 2660 ,
53 2586 175 2673 regnis,
206 2584 389 2662 Chaldaeo
416 2607 452 2664 et
470 2594 619 2688 Assyrio
642 2599 819 2676 accidisse.
878 2599 933 2672 Ac
957 2628 1025 2673 no·
1074 2597 1263 2667 obsidione
1275 2598 1395 2672 cinxit.
1446 2597 1608 2694 Cumque
1625 2600 1664 2670 in
1685 2613 1760 2671 tota
1781 2601 1925 2690 regione
1947 2605 2071 2672 decern

9 2681 11 2776 J
53 2684 133 2756 nina
149 2711 274 2780 regum
288 2687 518 2787 Assyriorum
530 2713 769 2786 recensentur,
795 2704 856 2772 sed
871 2703 954 2798 quia
970 2727 1025 2775 res
1074 2699 1233 2774 tribuum
1258 2701 1389 2792 oppida
1414 2701 1542 2793 passim
1565 2703 1769 2785 delevisset,
1807 2701 1979 2773 maiorem
2004 2727 2070 2795 po·

9 2785 11 2802 '
51 2793 241 2870 gestae'non
258 2807 344 2864 sunt
355 2797 515 2882 additae,
539 2799 667 2870 omitto
684 2805 990 2876 caeteranomina.
1074 2800 1152 2891 puli
1166 2814 1300 2892 partem
1318 2803 1467 2874 abduxit
1482 2802 1520 2872 in
1538 2799 1695 2878 exilium.
1791 2889 1794 2898 ³

9 2917 10 2924 ¹
135 2887 213 2962 Hoc
245 2895 391 2984 plurimi
422 2898 602 2982 scribunt,
633 2924 675 2972 ex
698 2899 856 3000 Assyriis
881 2893 1024 2995 re‘gibus
1178 2897 1220 2970 in
1245 2905 1358 2994 capite
1374 2903 1512 2974 decimo
1529 2903 1667 2975 Hoseae
1682 2907 1720 2977 fit
1737 2907 1872 2978 mentio
1889 2901 1996 2978 huius
2010 2931 2068 2980 rc·

9 3057 11 3080 ,
50 2985 198 3062 ultimum
224 2994 379 3068 tenuisse
399 2996 663 3086 monarchiam,
702 3006 740 3074 id
765 3011 844 3094 ests
866 3004 1024 3104 Babylo.
1072 2997 1357 3091 gisSalman,
1381 3007 1611 3078 ubidicitur:
1639 3005 2068 3082 SicutvastavitSalman
2183 3057 2186 3063 v

50 3107 116 3158 uem
137 3092 372 3184 ctNiuiven,
406 3094 803 3202 Sardanapalum,
855 3107 925 3180 Hic
946 3111 1024 3182 for..
1072 3104 1221 3174 domum
1242 3101 1375 3176 Arbela
1399 3108 1438 3176 in
1461 3109 1520 3178 die
1541 3109 1664 3198 prelii,
1702 3124 1815 3180 matre
1843 3133 1952 3204 snper
1973 3111 2068 3182 filios

49 3189 132 3260 tastis
153 3205 187 3265 et
199 3210 348 3289 propter
361 3199 471 3289 vicia,
494 3217 531 3273 et
544 3206 627 3297 quia
643 3210 865 3282 distractioni
875 3201 1033 3282 monna
1071 3201 1190 3274 allisa:
1221 3207 1273 3276 sic
1299 3207 1405 3280 saciet
1426 3206 1528 3280 vobis
1549 3205 1696 3292 Betbei,
1724 3226 1868 3304 propter
1888 3213 2068 3302 maliciam

9 3269 11 3360 t
48 3279 131 3360 thiae
153 3296 337 3385 proximus
358 3300 447 3387 fuit,
472 3304 669 3378 celebratus
691 3324 753 3384 ess,
805 3311 945 3384 Nomen
969 3327 1021 3385 est
1069 3298 1242 3377 scelerum
1258 3323 1469 3381 vestrorum.
1512 3307 1585 3382 Ubi
1602 3309 1735 3383 latinns
1750 3313 1924 3406 interpres
1937 3315 2065 3387 lectio·
2215 3337 2220 3346 ·

9 3393 11 3488 y
47 3386 175 3472 plenum
198 3400 436 3488 arrogantiae.
494 3401 587 3475 Cum
611 3408 703 3477 enirn
726 3412 852 3482 ruinae
880 3415 1020 3506 impen-
1070 3431 1152 3477 nem
1168 3410 1287 3500 inepte
1301 3413 1479 3510 corrupit,
1506 3437 1587 3482 curn
1602 3406 1689 3484 haec
1711 3405 1756 3484 sit
1778 3417 1897 3486 nativa
1921 3423 2066 3492 senten·

9 3501 11 3534 ³
47 3487 136 3600 fient,
169 3498 297 3570 crescit
319 3503 508 3594 superbia,
533 3506 622 3580 sicut
645 3509 794 3583 dicitur:
822 3511 1020 3588 Tollantur
1069 3509 1135 3581 tia:
1169 3509 1303 3602 Regem
1320 3511 1464 3584 Saltum
1487 3514 1687 3585 deleturum
1710 3538 1786 3586 ⁰³⁵0
1804 3517 1985 3590 Semefitfl
2006 3543 2065 3588 Ν·

46 3611 77 3656 ro
95 3593 221 3685 altum,
247 3614 287 3672 ut
303 3600 404 3694 lapsu
419 3605 582 3695 graviore
598 3625 715 3682 ruant.
764 3611 878 3705 Sar,
904 3617 1020 3704 idest,
1068 3633 1198 3702 gnum,
1224 3613 1314 3684 sicut
1332 3616 1462 3686 evertit
1487 3615 1613 3685 urbem
1630 3611 1774 3688 Arbela.

47 3687 120 3807 dur:
152 3692 283 3788 Dan,
310 3700 439 3776 ludex:
469 3701 665 3804 Niphit,
687 3707 854 3792 Eversor.
909 3717 970 3798 Sic
985 3733 1019 3792 et
1171 3710 1278 3807 Apnd
1293 3715 1534 3786 Ptolemaeum
1556 3738 1690 3788 nomen
1713 3732 1763 3789 est
1784 3716 1877 3808 regis
1900 3711 2063 3794 Nabo-

9 3881 10 3886 Ἰ
47 3785 199 3884 Grgantes
214 3805 449 3880 nominarunt
465 3807 654 3902 seNiphil.
1067 3835 1260 3904 nassor,
1293 3841 1312 3885 a
1340 3840 1411 3910 qno
1436 3830 1600 3890 numerat
1624 3823 1670 3890 ad
1694 3817 2063 3904 Alexandri'mortem
2122 3895 2124 3909 ,

9 3957 10 3982 1
62 3989 70 4008 υ
127 3895 246 3975 Aiunt
259 3919 397 3988 autem,
422 3901 521 3980 bunc
533 3909 812 4010 Sardanapalum
829 3921 919 3993 ineis
935 3925 1017 4016 pin.
1065 3939 1180 3987 annos
1195 3919 1472 4012 quadringentos
1485 3921 1614 4010 viginti
1637 3936 1803 4016 quatuor.
1858 3919 1968 3998 Hunc
1986 3945 2062 4000 esse

9 4093 10 4096 Ἴ
44 4011 119 4066 nsse
145 4001 294 4091 faciem,
326 4005 366 4076 in
390 4004 569 4103 Gyneceis
595 4019 721 4088 omissa
748 4021 890 4116 imperii
919 4049 1016 4113 cura,
1065 4014 1741 4096 salmanassar-emannorumnumerus
1762 4026 1931 4101 ostendit.
1982 4027 2060 4102 Nos·

43 4089 185 4172 ohscenis
206 4105 452 4198 voluptatibus
474 4114 633 4186 deditum
655 4119 773 4195 fuisse.
825 4123 1015 4214 Propterea
1064 4143 1146 4191 men
1162 4115 1278 4193 antero
1294 4117 1606 4213 Netostgntfleat
1619 4125 1793 4210 divinum,
1820 4125 1903 4220 quia
1920 4127 2060 4201 idolum

40 4191 100 4265 ¹duo
126 4199 329 4298 Principes,
376 4207 578 4284 Praefectus
606 4216 849 4316 Babylonicus
890 4221 1017 4298 Phul
1062 4223 1423 4311 fairrinnandein,
1456 4223 1726 4296 evaticinando
1750 4226 1800 4296 sic
1826 4227 1981 4322 dictum,
2018 4237 2061 4305 nt
2128 4257 2130 4262 ’
2222 4227 2264 4240 ”

10 4367 11 4370 ¹
43 4283 287 4390 Belochus,
317 4322 354 4380 et
380 4305 587 4386 Ardores
620 4319 766 4406 Medus,
793 4327 927 4398 bellum
950 4332 1015 4400 ad.
1064 4321 1194 4394 Graeci
1209 4319 1641 4420 Pythium'nominarunt.
1675 4327 1918 4412 Nebouassar,
1944 4331 1982 4402 id
1996 4347 2060 4420 ese,

44 4416 144 4474 rmus
164 4429 247 4478 eum
264 4426 467 4501 moverunt.
517 4411 673 4494 Narrant
687 4426 855 4520 quidam,
882 4431 927 4500 ab
942 4427 1030 4501 Ar:
1062 4426 1206 4496 divinus
1223 4426 1400 4520 Assyrius.
1858 4470 1862 4487 ·
2047 4483 2051 4494 -

41 4489 109 4570 bace
126 4501 241 4622 bledo
267 4509 493 4586 intersectum
521 4540 615 4604 esse,
646 4527 708 4594 sed
728 4515 838 4599 Duris
862 4533 1014 4624 scripsit,
1164 4522 1488 4599 Sennacherib
1510 4529 1605 4602 fitius
1619 4529 1912 4620 Saimanasssris,
1935 4533 1975 4607 id
1989 4547 2057 4624 est,

41 4613 106 4718 tutu
125 4627 269 4682 incensa
286 4613 380 4702 regia
396 4613 614 4714 Babylonica
629 4647 703 4696 sese
719 4642 754 4698 et
769 4631 953 4715 mulieres,
978 4647 1013 4706 et
1061 4630 1180 4721 biceps
1206 4631 1364 4720 gladium
1404 4634 1566 4722 “imit
1586 4631 1879 4726 ³¹¹³¹⁰⁸·³⁰P¹“i¹s
1918 4637 1983 4730 (Ρῖ
2013 4651 2055 4712 ¹¹2
2170 4641 2174 4648 ¹

40 4698 195 4812 ‘tiquam
218 4713 379 4802 turbam,
404 4743 496 4811 quae
514 4720 565 4792 ibi
590 4725 677 4814 suit,
702 4727 871 4802 incendio
889 4736 1012 4826 perdi·
1059 4731 1260 4804 imitaretur
1278 4747 1435 4827 patrem,
1476 4733 1811 4828 reliquampartem
1839 4737 1966 4830 populi
1987 4735 2055 4814 Dei

39 4793 125 4921 ‘inffe-
174 4805 226 4885 Et
247 4813 392 4910 quidem
414 4821 621 4896 incendium
643 4829 790 4904 durasse
812 4835 1012 4934 diesqm’n.
1059 4834 1177 4904 delere
1199 4850 1347 4906 conatos
1368 4848 1437 4916 est,
1461 4834 1571 4906 cinxit
1586 4837 1775 4908 obsidione
1786 4835 2056 4938 ‘ierosolymam

38 4893 145 4978 itum
1058 4935 1120 5006 ubi
1138 4961 1218 5006 cnm
1232 4937 1331 5008 Deus
1344 4937 1389 5007 ab
1406 4931 1510 5006 Esaia
1527 4948 1562 5006 ct
1577 4931 1730 5008 Ezechias
1748 4939 1936 5026 invocatus
1956 4950 2056 5033 esaei

119 5005 189 5082 Hic
212 5015 324 5090 tristis
344 5021 458 5094 exitus
478 5027 523 5098 ad
544 5029 705 5121 exempla
724 5030 797 5104 irae
813 5035 882 5110 Dei
897 5041 1008 5134 perti·
1057 5033 1187 5129 Angeli
1227 5039 1326 5110 missi
1365 5037 1593 5110 trucidarunt
1627 5040 1821 5111 exercitum
1853 5041 2049 5141 Assyrium
2147 5091 2150 5100 ·

37 5113 98 5222 nst,
121 5119 293 5231 mutantis
315 5119 464 5214 imperia
485 5145 631 5222 propter
646 5131 854 5230 Principum
880 5155 915 5213 et
940 5167 1007 5236 po.
1055 5137 1132 5212 Rex
1148 5140 1287 5230 fugiens
1309 5163 1389 5211 com
1411 5139 1573 5210 rediisset
1596 5138 1635 5208 in
1649 5137 1826 5225 Nioisen,
1855 5145 2047 5242 imtempit

37 5202 98 5310 pub
114 5211 261 5308 delecta,
296 5235 331 5294 ct
352 5222 553 5314 insignibus
576 5237 701 5324 poenis
722 5243 1004 5330 magnitudinem
1054 5243 1180 5312 aiiii-is
1201 5242 1406 5313 interiectus
1431 5253 1494 5317 est.
1558 5234 1696 5312 Harum
1721 5247 1840 5316 rerum
1862 5247 2048 5322 tamnen

35 5317 335 5395 casanatensis
395 5323 489 5399 Sunt
509 5345 627 5404 autem
649 5341 695 5409 ab
718 5340 814 5416 exitu
835 5341 1005 5417 Abrahae
1053 5343 1200 5415 celebris
1221 5343 1307 5429 init,
1336 5358 1376 5416 ut
1399 5339 1464 5417 lib.
1479 5341 1537 5416 2⁶„
1566 5339 1743 5416 Herodoti
1763 5349 1889 5418 earum
1913 5347 2046 5421 mentio

34 5415 65 5468 tt
82 5401 218 5488 Charon
238 5428 414 5519 usquead
438 5427 671 5529 Sardanapali
699 5439 884 5517 interitum
914 5447 1003 5521 anni
1051 5451 1128 5535 fiat,
1158 5465 1364 5541 qrsanquam
1390 5469 1465 5520 non
1484 5441 1850 5538 recitantur'intagre.
1867 5473 1883 5502 ‘¹
1909 5449 2050 5522 Nom
2198 5439 2204 5448 ’
