4706 5818
235 334 333 411 tosa
463 323 690 421 ¹scatent
716 322 794 404 ra.
818 318 936 400 uua
959 316 1029 394 aa
1054 317 1182 396 assa.
1207 312 1353 396 eaor.
1376 311 1446 394 us
1469 314 1660 398 anuos.
1683 273 2031 403 stuc'raurta·¹
2150 335 2252 412 sose

100 575 104 582 .
235 505 350 577 vietus
369 512 444 573 erte
463 522 502 571 se
521 520 644 570 rursus
659 498 787 569 erexit.
829 490 928 564 Pene
942 490 1101 565 &morin
1122 491 1224 565 simi-
1268 487 1374 575 filiis,
1397 499 1433 560 et
1454 488 1665 584 quibusdam
1686 493 1846 586 cognatis
1868 497 1944 570 eins
1965 522 2113 591 mgnum
2137 504 2258 576 tenuit

235 609 301 688 lis,
333 624 483 693 regnum
513 601 554 671 in
574 600 691 670 aliona
723 611 817 669 terra
846 617 932 664 nou.
948 593 1087 684 magnis
1111 593 1223 686 copiis
1269 590 1546 663 Giiimerannos
1561 594 1730 687 quinque.
1764 591 1987 670 llildericum
2002 603 2108 672 etiam
2118 618 2259 696 postre-

236 709 396 798 adeptus.
456 700 634 774 Addictus
668 695 814 770 Arianis
852 693 987 788 expulit
1026 690 1223 788 Episcopos
1268 715 1329 762 mo
1352 713 1447 762 anno
1478 694 1664 768 interfecit.
1716 693 1811 784 Quia
1834 721 1919 769 vern
1942 698 2141 774 iustiniauo
2173 727 2255 774 enm

236 820 330 879 recte
354 805 559 876 sentientes.
1268 791 1452 864 Hilderiw
1471 794 1598 865 foedus
1618 806 1712 880 eret,
1743 797 1898 870 liberare
1919 815 2061 892 captum
2077 807 2257 876 studebat.

728 963 736 981 .
1271 892 1341 964 Sed
1364 917 1446 963 cum
1472 891 1626 966 Gilimer
1646 899 1799 988 superbe
1821 908 2070 993 responderet,
2101 905 2259 976 etmulti

560 968 824 1036 H⁰²¹⁰i⁸⁰¹⁴⁸
849 955 900 1033 ῙῙ·
1269 994 1309 1063 in
1327 990 1448 1064 Africa
1461 995 1701 1066 defensionem
1715 1011 1838 1070 contra
1854 1000 2004 1093 impium
2025 1016 2061 1074 et
2076 1007 2258 1076 crudelem

285 1131 290 1136 ·
339 1098 550 1176 Honoricas
571 1095 736 1170 suecessit
760 1093 953 1166 Genserieo
973 1115 1069 1166 anno
1086 1087 1224 1164 Christi
1271 1117 1387 1186 regem
1411 1109 1587 1187 peterent,
1611 1097 1712 1169 misit
1734 1121 1775 1168 eo
1793 1098 2011 1174 lastinianus
2028 1105 2153 1176 dacem
2170 1103 2258 1174 Bel-

240 1201 587 1303 quadringentesimo
608 1196 822 1288 sexagesimo
846 1210 956 1267 sexto.
1009 1193 1145 1264 Tenuit
1166 1215 1224 1264 re·
1270 1195 1430 1266 licerium
1446 1198 1672 1269 excellentem
1698 1197 1858 1287 iusticia,
1884 1203 2029 1276 scientia
2056 1205 2110 1276 rei
2123 1207 2260 1277 milita-

238 1332 349 1402 gnum
362 1325 475 1376 annos
491 1312 642 1393 septem,
667 1299 768 1370 cuins
783 1311 922 1389 tempus
937 1296 1076 1386 insigne
1097 1307 1149 1363 est
1165 1293 1224 1362 in·
1272 1297 1343 1383 ris,
1366 1296 1597 1379 fortitudine,
1623 1299 1854 1371 beneficentia
1870 1315 1906 1374 et
1922 1295 2105 1378 modestia.
2148 1303 2260 1392 lluic,

240 1409 337 1501 genti
351 1402 558 1478 crudelitate
572 1399 681 1490 regis,
702 1399 796 1470 fame
812 1411 847 1468 et
862 1395 1225 1490 pestilentiaAsrisae,
1271 1397 1482 1489 cumprime
1497 1397 1633 1490 praelio
1651 1399 1790 1472 vicisset
1808 1399 2043 1492 Giliurernm,
2067 1401 2259 1496 Carthagi·
2342 1465 2348 1474 .

240 1524 275 1582 et
303 1520 396 1580 tetro
427 1505 522 1575 exitu
554 1500 709 1597 tyranni.
769 1499 945 1570 Honestas
976 1511 1157 1568 matronas
1188 1507 1226 1566 et
1272 1519 1398 1568 nenses
1414 1500 1509 1569 ultro
1531 1500 1654 1570 urbem
1674 1501 1925 1591 patefecerunt.
1975 1495 2259 1597 Posteaffugien·

239 1609 394 1699 virgines
410 1606 559 1675 nudatas
574 1601 776 1694 suspendit,
801 1600 937 1671 facibus
953 1600 1043 1670 ussit
1064 1619 1226 1690 corpora,
1273 1613 1343 1672 tem
1361 1595 1575 1669 Gilimerum
1589 1623 1632 1670 ex
1647 1601 1726 1670 aliis
1745 1601 1832 1673 locis
1845 1603 1883 1673 in
1900 1605 1969 1674 alia
1985 1619 2018 1677 et
2034 1607 2073 1675 in
2090 1605 2259 1680 solitudi-

240 1697 412 1802 praecidit
433 1704 608 1775 mamillas
623 1715 658 1774 et
676 1698 819 1773 brachia
836 1701 1043 1770 nolentibus
1064 1696 1227 1769 assentiri
1273 1721 1335 1770 nes
1357 1699 1470 1790 coegit
1490 1699 1697 1772 Bellisarius
1715 1701 1825 1788 fame,
1855 1718 1897 1776 ut
1924 1727 1998 1776 sese
2027 1706 2188 1794 dederet,
2220 1721 2259 1778 et

240 1811 395 1882 Arianae
418 1804 603 1896 impietati.
654 1801 699 1872 ln
729 1803 805 1893 ipso
835 1801 1010 1893 supplicio
1030 1795 1226 1892 Dionysia
1274 1799 1376 1872 duxit
1399 1825 1479 1870 eum
1503 1804 1681 1893 captivum
1703 1801 2060 1898 Constantinopolin,
2091 1808 2155 1879 ubi
2176 1831 2260 1877 cum

241 1925 402 1982 matrona
417 1907 551 1978 nobilis
566 1905 679 1975 lilium
693 1897 1227 1991 unicumMnioricumraptnm
1273 1903 1313 1971 in
1344 1896 1528 1994 triumpho
1560 1901 1740 1973 Bellisarii
1769 1907 1916 1998 supplex
1948 1906 1993 1976 ad
2018 1907 2262 1980 lastinianum

242 2015 287 2082 ad
305 2034 427 2081 necem
443 2007 667 2078 confirmavit
682 2003 866 2097 inquiens:
891 2001 1075 2072 Memento
1096 2001 1168 2085 iili,
1193 2013 1227 2070 te
1274 2005 1480 2087 duceretur,
1504 2004 1661 2094 cogitans
1682 2005 1847 2077 [ortunae
1863 2007 1958 2077 vices
1976 2007 2016 2077 in
2029 2004 2097 2080 hae
2112 2008 2262 2081 calami-

243 2114 281 2184 in
299 2111 444 2182 nomine
460 2107 586 2188 Patris,
612 2119 647 2176 et
660 2103 747 2174 Filii
762 2117 797 2174 et
811 2103 968 2195 Spiritus
985 2101 1097 2172 sancti
1110 2099 1229 2193 bapti·
1273 2116 1362 2181 tate,
1388 2103 1429 2171 in
1443 2123 1549 2194 quarn
1565 2125 1670 2173 senex
1685 2103 1878 2191 inciderat,
1901 2101 1987 2177 haec
2001 2111 2108 2180 verba
2129 2107 2263 2180 edidit:

223 2227 359 2296 'mum
377 2234 462 2282 ὅδε,
1023 2253 1026 2258 .
1274 2199 1424 2271 Vanitas
1446 2201 1643 2272 vanitatum
1669 2218 1703 2276 et
1720 2207 1840 2276 omnia
1860 2206 2009 2279 vanitas.
2059 2208 2264 2302 ltapoenas

346 2311 439 2382 Cum
454 2311 586 2382 talibus
603 2305 785 2397 suppliciis
801 2315 835 2374 et
858 2302 973 2371 exiliis
989 2301 1101 2372 multa
1116 2298 1229 2369 millia
1274 2301 1372 2371 dedit
1396 2298 1551 2371 Gilimer
1574 2302 1808 2389 crudelitatis,
1841 2329 1948 2397 quam
1970 2322 2173 2381 exercuerat
2196 2311 2263 2380 ad-

245 2409 434 2483 hominnm
449 2409 645 2480 sustulisset
658 2403 873 2490 Honoricus,
898 2414 1014 2474 secuta
1032 2415 1085 2472 est
1099 2400 1230 2471 sterili·
1274 2423 1395 2471 versus
1410 2397 1632 2474 Hildericum
1651 2416 1687 2473 et
1701 2405 1832 2475 multos
1846 2405 1948 2479 alios.
1995 2403 2045 2478 Et
2056 2410 2165 2480 simul
2180 2433 2262 2480 cum

244 2529 297 2585 tas
317 2527 461 2605 propter
479 2507 688 2596 siccitatem,
716 2505 754 2573 in
781 2516 905 2598 quaet
927 2499 1091 2574 homines
1112 2516 1147 2573 et
1167 2523 1231 2592 pe·
1275 2527 1317 2588 eo
1341 2501 1512 2594 reliquiae
1537 2501 1780 2575 vandalorum
1804 2506 1843 2574 in
1865 2503 1986 2578 Africa
2009 2509 2147 2582 deletae
2167 2523 2263 2594 sunt,

244 2614 350 2684 eudes
366 2611 458 2678 inme
473 2607 676 2700 perierunt,
702 2620 736 2675 et
756 2605 825 2675 late
848 2619 971 2695 vagata
997 2615 1048 2673 est
1062 2601 1231 2694 pestileu-
1276 2625 1383 2698 quam
1398 2614 1595 2696 ⁸tenuerant
1617 2603 1775 2673 Vandali
1797 2629 1911 2676 annos
1935 2611 2129 2700 nonaginta
2153 2612 2262 2704 quin-

243 2715 313 2797 tia,
339 2713 377 2780 in
400 2733 469 2802 qua
492 2721 527 2779 et
550 2700 760 2804 φθειριάσει
781 2706 875 2794 regis
895 2727 1023 2794 corpus
1046 2704 1094 2775 ita
1109 2717 1232 2794 putre·
1276 2727 1356 2797 que.
1407 2703 1460 2773 Ac
1488 2726 1611 2775 rursus
1640 2702 1762 2775 Africa
1799 2705 2046 2780 Romanorum
2075 2711 2262 2802 provincia

243 2817 375 2883 farctum
397 2823 467 2894 est,
497 2823 540 2880 ut
560 2809 630 2877 alia
651 2805 809 2877 membra
833 2817 912 2898 post
934 2806 1002 2875 alia
1025 2801 1231 2878 deciderint.
1275 2807 1368 2876 tacta
1385 2816 1562 2899 estusque
1578 2806 1624 2874 ad
1639 2803 1798 2876 Heraclii
1812 2819 1982 2898 tempora.
2033 2809 2161 2884 Postea
2183 2835 2263 2884 eam

245 2913 343 2986 Uxor
357 2909 518 2980 Eudoxia
534 2910 606 2978 iilia
626 2909 849 3000 imperatoris
864 2905 1128 2990 Valentiniani,
1153 2927 1231 2975 ma·
1277 2904 1443 2976 Saraceni
1466 2906 1682 2978 invaserunt.

244 3028 299 3085 ter
314 3011 489 3082 Hilderici
511 3011 563 3104 pii
587 3009 680 3098 regis
702 3009 895 3078 discessita
918 3007 1046 3076 marito
1061 3021 1231 3100 tanquam
1378 3005 1463 3077 Fuit
1480 3019 1598 3078 autern
1622 3001 1861 3077 lastinianus
1884 3009 2164 3104 beneticns'erga
2179 3013 2265 3086 liii·

246 3115 321 3183 voti
334 3136 437 3184 causa
452 3111 706 3206 lerosolymam
723 3106 959 3202 proficiscens,
983 3108 1046 3178 uhi
1063 3107 1100 3175 in
1117 3108 1231 3199 lacry-
1278 3107 1388 3178 derisi
1412 3107 1502 3177 filios
1525 3118 1558 3177 et
1583 3120 1746 3200 nepotes,
1782 3120 1816 3178 et
1840 3109 1891 3178 eis
1921 3111 1960 3179 in
1983 3108 2135 3186 Thracia
2163 3117 2264 3188 dedit

244 3214 313 3282 mis
329 3228 364 3285 et
380 3213 581 3303 precatione
599 3211 696 3282 vixit.
1277 3205 1420 3297 praedia
1451 3218 1486 3275 et
1509 3207 1655 3277 victum.
1713 3207 1784 3279 Sed
1808 3205 2024 3281 Gilimerum
2054 3214 2195 3306 longius
2222 3217 2263 3286 in

1279 3304 1435 3375 Galliam
1452 3306 1631 3395 relegavit.

646 3371 706 3440 ¹¹¹·
733 3374 830 3440 ¹³⁰¹·
1379 3403 1483 3475 lianc
1503 3405 1629 3476 seriem
1651 3406 1752 3497 regni
1763 3403 1964 3500 Vandalici
1977 3405 2024 3504 {in
2045 3405 2168 3483 Africa
2180 3415 2266 3486 bre-

349 3500 654 3581 Gundamundas
668 3517 772 3576 natus
784 3527 826 3574 ex
842 3503 949 3575 iratre
963 3499 1137 3573 Honorici
1152 3523 1232 3572 suc·
1278 3507 1369 3577 viter
1383 3501 1442 3577 hic
1456 3501 1754 3597 comprehendere
1769 3509 1887 3593 volui,
1911 3523 1952 3581 ut
1965 3523 2040 3582 tota
2060 3511 2100 3581 in
2116 3537 2266 3608 conspe-

248 3612 368 3698 cessit,
394 3612 457 3704 qui
472 3619 620 3700 regnum
637 3606 753 3678 tenuit
771 3627 886 3675 anuos
901 3603 1109 3708 duodecim,
1133 3625 1232 3674 exer·
1279 3622 1337 3678 ctu
1363 3621 1471 3693 esset,
1496 3608 1634 3677 etiamsi
1654 3610 1848 3700 posteriora
1862 3609 1957 3682 bella
1978 3615 2024 3682 ad
2040 3617 2265 3708 sequentium

247 3713 321 3785 cuit
335 3727 369 3786 et
386 3708 444 3783 hir
458 3711 645 3782 saeviciam
663 3711 833 3778 adversus
848 3717 941 3776 recte
956 3703 1155 3776 sentientes.
1280 3710 1533 3801 imperatorum
1550 3722 1707 3801 tempora
1725 3709 1916 3802 pertinent.
1933 3733 1936 3738 ·

650 3875 711 3945 lv·
734 3875 826 3942 ΒΘ*
1330 3907 1438 3982 Anno
1456 3911 1582 3982 mundi
1604 3924 1728 4006 quater
1742 3913 1931 3984 millesimo
1957 3917 2268 4010 quadringentesi-

336 4001 374 4076 Τ
374 3998 642 4076 hrasimundus
652 4003 812 4093 regnavit
825 4003 1072 4094 annosviginti
1089 4015 1232 4093 septem,
1483 4038 1543 4082 mo
1557 4013 1725 4084 vicesimo
1739 4015 1854 4086 tenio.

249 4107 311 4201 qui
326 4129 529 4202 quanquam
546 4120 619 4178 erat
635 4105 803 4190 Ariauus,
827 4117 948 4174 tamen
963 4105 1148 4176 saeviciam
1157 4126 1232 4176 nou
1330 4113 1438 4184 Anno
1447 4111 1585 4185 Romae
1601 4115 1791 4185 millesimo
1806 4116 2045 4189 ducentesimo
2062 4121 2268 4194 undecimo.

249 4209 411 4280 exercuit.
1331 4215 1437 4285 Anno
1483 4211 1619 4286 Christi
1661 4217 2012 4311 quadringentesimo
2054 4223 2266 4312 sexagesimo

658 4375 700 4444 v·
726 4377 820 4442 Ru·
1482 4315 1613 4408 primo.

349 4502 562 4578 Hildericus
581 4517 685 4576 uatus
700 4527 741 4574 ex
755 4501 936 4592 Eudoxio,
962 4519 1055 4578 recte
1069 4507 1233 4593 sentiens,
1620 4466 1659 4537 D
1674 4487 1696 4537 ⁰
1728 4469 1794 4540 ¹⁴⁰
1809 4491 1830 4540 ⁰
1847 4491 1871 4542 θ’
1886 4488 1918 4541 θ·

248 4607 403 4683 restituit
416 4605 591 4681 Ecclesias
607 4607 647 4676 in
663 4605 797 4682 Africa.
849 4606 983 4678 Tenuit
998 4631 1145 4698 regnum
1166 4633 1231 4678 an·
1379 4604 1461 4680 Leo
1480 4624 1584 4683 natus
1604 4611 1644 4682 in
1667 4607 1823 4685 Thracia
1842 4615 1955 4684 iactus
1977 4627 2030 4685 est
2052 4637 2093 4684 ex
2115 4615 2267 4688 tribuno

248 4731 314 4780 nos
346 4721 492 4803 septem.
555 4708 626 4780 Se'd
659 4731 723 4798 per
755 4707 965 4779 seditionem
999 4733 1020 4780 a
1056 4708 1233 4780 Giiimero
1279 4710 1428 4781 militari
1468 4713 1659 4804 imperator
1695 4711 2011 4807 Constantinopoli
2043 4714 2199 4787 Senatus
2235 4733 2270 4788 et

135 4901 139 4910 Ι
249 4823 371 4898 eaptus
386 4824 460 4896 eat,
485 4823 520 4882 et
537 4810 720 4903 aliquanto
737 4825 815 4902 post
831 4822 996 4884 necatus.
1281 4814 1452 4885 exercitus
1482 4814 1745 4904 suffragatione.
1803 4812 2004 4889 Coronatus
2025 4817 2070 4886 ab
2092 4815 2267 4890 Anatolio

1281 4908 1496 4984 Patriarcha.
1548 4913 1668 5010 Atque
1689 4907 1786 4984 hanc
1807 4914 1964 5006 primum
1991 4917 2136 4988 invenio
2162 4919 2268 4992 aPa-

649 4978 709 5052 w·
735 4980 829 5048 ΗΘΚ·
1281 5011 1433 5086 triarcha
1450 5030 1668 5088 coronatum.
1719 5012 1793 5085 Nec
1816 5039 1900 5087 vero
1916 5019 2099 5088 coronatio
2121 5041 2183 5090 seu
2196 5017 2269 5091 Pa-

350 5101 625 5182 Gilimernatus
641 5136 683 5182 ex
698 5113 806 5182 fratre
821 5108 1009 5196 Honorici,
1034 5113 1103 5184 init
1118 5114 1232 5184 audax
1280 5111 1434 5188 triarcha
1457 5117 1556 5188 dedit
1580 5115 1788 5206 imperium,
1813 5117 1875 5188 sed
1896 5117 1997 5190 testis
2017 5119 2086 5189 tua
2100 5143 2182 5190 eum
2203 5123 2267 5214 qni

248 5223 283 5281 et
301 5211 436 5304 peritus
456 5211 509 5278 rei
533 5214 717 5297 militaris,
742 5214 856 5284 movit
878 5211 1088 5286 seditionem
1105 5217 1233 5286 adver·
1280 5217 1412 5289 electus
1437 5232 1529 5303 erat,
1559 5210 1803 5288 Christianum
1828 5239 1922 5303 esse,
1955 5231 1990 5290 et
2012 5219 2169 5294 alienum
2191 5245 2268 5292 esse

248 5331 307 5380 sus
320 5307 561 5396 Hildericnm,
586 5314 649 5400 qui
665 5312 820 5382 Vandali
834 5339 915 5384 eum
931 5317 1080 5385 oderant
1094 5316 1232 5385 dissen-
1281 5341 1300 5387 a
1316 5317 1413 5388 salsis
1427 5317 1661 5408 dogmatibus.
1700 5313 1861 5411 Eamque
1875 5319 1922 5390 ob
1938 5342 2079 5394 causam
2095 5323 2268 5414 professio

248 5409 394 5480 tientem
423 5411 468 5483 ab
490 5405 645 5480 Arianis.
702 5412 815 5505 Capto
846 5414 954 5506 igitur
984 5413 1168 5488 Hilderico
1199 5429 1233 5490 et
1281 5420 1557 5491 doctrinaeante
1577 5420 2060 5513 coronationempetehatur,
2085 5437 2125 5495 ut
2147 5439 2270 5517 postea
