4696 5820
82 337 149 411 tlt
375 395 382 404 .
822 316 1317 401 PROPOSlTlONES.
1937 363 1945 380 .
2002 319 2077 396 414

83 499 267 576 rutPaulns
282 496 567 595 inquitRoman.
580 497 633 568 8.:
660 492 855 586 Accepistis
872 492 1047 588 Spiritum
1097 491 1195 566 Deus
1218 502 1398 586 peccatum
1418 487 1595 584 reliquum
1619 487 1802 582 approbat.
1852 485 1924 560 Sed
1945 483 2080 560 basre-

83 602 273 694 adoptionis
288 601 463 686 liliorum,
487 623 559 694 quo
577 598 784 670 clamamus:
811 591 915 666 Abba
938 607 1048 686 pater.
1098 595 1226 689 liquies
1249 593 1354 664 etiam
1373 591 1485 662 deleri
1508 591 1586 660 vult
1605 591 1646 658 in
1666 603 1780 662 morte
1794 589 1968 682 corporis,
1994 589 2080 661 reii-

83 705 223 796 Spiritns
245 726 389 796 precum
413 702 637 785 nominatur,
665 697 748 792 quia
767 697 886 786 agnita
909 695 1049 765 miseri·
1098 697 1147 766 cit
1167 693 1274 768 etiam
1294 715 1416 764 rursus
1437 715 1623 785 personam
1644 691 1756 782 ipsam
1780 714 1855 760 non
1876 714 2080 784 repugnen-

82 806 189 874 cordia
205 805 245 874 in
264 803 460 874 mediatore
475 801 668 894 proposita,
694 798 864 870 exuscitas
880 798 986 867 corda
1003 795 1048 866 ad
1098 809 1169 866 tem
1186 808 1344 890 peccato:
1371 793 1413 866 si
1428 795 1584 864 actiones
1607 793 1724 864 earnis
1745 792 1871 884 spiritu
1886 793 2079 866 mortifica-

83 906 348 990 iovocationem,
389 916 425 975 et
448 903 499 974 sic
523 901 630 974 simul
652 899 846 970 subiiciunt
875 921 911 967 se
942 898 1049 968 corde
1098 897 1201 983 bitis,
1225 895 1369 980 vivetis,
1392 892 1521 967 Roma.
1534 895 1570 969 8.

81 1005 158 1080 Deo.
1200 996 1257 1072 L:
1269 995 1394 1066 Manet
1411 996 1583 1087 sapientia
1597 993 1663 1066 Dei
1686 1009 1720 1066 et
1746 997 1822 1080 lex,
1847 1015 1983 1086 semper
1998 1016 2080 1086 pee-

145 1101 147 1104 ’
163 1103 302 1181 XLVI.
337 1099 416 1176 Etsi
436 1099 524 1174 haec
545 1099 749 1174 obedientia
772 1097 973 1170 voluntaria
989 1110 1050 1184 est,
1099 1111 1216 1170 cetum
1235 1111 1287 1170 est
1301 1097 1469 1191 quiddam
1486 1099 1709 1182 damnatum,
1734 1109 1769 1168 et
1782 1097 1890 1167 corda
1904 1097 1949 1166 ad
1963 1092 2079 1164 Deum

82 1225 187 1278 nmen
207 1201 276 1276 hae
296 1205 555 1298 propositiones
583 1215 811 1282 vorassem,
838 1199 938 1270 Nova
963 1199 1049 1270 obe-
1100 1221 1291 1284 conversa,
1319 1198 1476 1268 sentiunt
1499 1221 1602 1267 veros
1622 1199 1781 1283 dolores,
1806 1196 1937 1292 quibus
1956 1217 2080 1287 pecca-

83 1307 203 1380 dicntia
222 1328 422 1398 congruens
433 1305 608 1393 Decalogo
631 1317 682 1374 cst
702 1302 881 1381 debitum,
905 1299 997 1371 sicut
1014 1310 1050 1369 et
1100 1314 1176 1373 tum
1192 1300 1379 1374 iudicatur.
1406 1297 1482 1368 lmo
1490 1295 1644 1370 Ecclesia
1657 1294 1890 1370 horribilibus
1902 1298 2080 1368 aerumnis

82 1408 200 1479 Paulus
227 1407 410 1502 loquitur,
450 1403 577 1477 Roma.
606 1407 656 1477 8.:
697 1403 884 1474 Debitores
916 1421 1049 1476 sumus.
1098 1403 1255 1474 subiecta
1276 1413 1329 1472 est
1347 1411 1494 1491 propter
1518 1395 1581 1470 has
1596 1399 1781 1492 reliquias,
1808 1397 1882 1469 Nee
1902 1399 2001 1471 venit
2020 1423 2081 1468 re·

82 1506 175 1578 Item:
199 1505 304 1580 Nova
326 1505 529 1578 obedientia
548 1527 745 1594 congruens
767 1525 848 1572 cum
871 1499 1048 1590 Deealogo
1091 1504 1262 1584 demtor,
1288 1515 1329 1573 ut
1353 1501 1538 1572 confirmet
1560 1513 1758 1592 peccatum,
1792 1501 1853 1570 sed
1874 1513 1914 1571 nt
1936 1523 2081 1591 prorsus

83 1623 127 1678 est
145 1607 348 1678 necessaria.
399 1605 504 1677 ltern:
532 1605 713 1699 Quicquid
730 1615 864 1693 pugnat
878 1625 959 1673 cnm
973 1602 1050 1691 lege
1099 1605 1274 1688 destruat,
1308 1601 1466 1673 restituta
1492 1603 1626 1690 integra
1654 1601 1811 1692 iusticia,
1850 1601 1940 1672 sicut
1965 1600 2082 1674 1.10-

82 1707 154 1794 Dei,
177 1722 443 1800 estpeceatum,
468 1720 503 1778 et
517 1707 685 1800 quiddam
700 1706 905 1776 damnatum
928 1699 1051 1788 aDeo,
1099 1699 1181 1778 han.
1205 1707 1242 1778 δ.
1266 1703 1412 1774 dicitur:
1439 1699 1617 1793 Apparuit
1640 1701 1733 1772 filius
1748 1699 1834 1784 Dei,
1858 1713 1900 1772 nt
1925 1704 2082 1788 destruat

84 1823 187 1879 etnon
203 1822 254 1879 cst
270 1807 428 1892 iusticia,
452 1830 517 1877 nee
535 1805 699 1894 congruit
719 1829 799 1875 cum
815 1802 954 1894 Spiritu
967 1824 1051 1872 san·
1100 1827 1206 1898 opera
1220 1801 1385 1890 Diaboli,
1411 1804 1544 1873 scilicet
1566 1816 1748 1894 peccatum
1771 1816 1804 1873 et
1817 1815 1981 1878 mortem.
2031 1799 2082 1872 Et

83 1924 141 1980 cto.
189 1907 375 1998 Quaedam
396 1920 513 1978 autem
536 1906 622 1977 talia
635 1918 737 1990 sunt,
761 1917 820 1984 ut,
846 1926 1049 1996 quanquam
1099 1905 1173 1998 ipse
1187 1901 1363 1976 Dominus
1380 1905 1498 1998 inquit
1512 1899 1644 1978 Matth.
1661 1901 1715 1980 5.:
1749 1903 1830 1973 Non
1845 1904 1925 1973 veni
1943 1904 2081 1975 solvere

84 2009 205 2101 reliqua
218 2021 306 2079 sunt
320 2008 359 2076 in
372 2006 505 2076 renatis
520 2006 559 2075 in
575 2001 641 2075 hac
656 2005 746 2090 vita,
770 2017 888 2075 tamen
904 2016 1050 2096 propter
1098 2007 1231 2096 legem,
1271 2008 1332 2076 sed
1361 2006 1519 2096 implere.
1571 2003 1698 2094 Implet
1726 2019 1842 2077 autem
1871 2006 1986 2098 primo
2018 2027 2081 2073 sua

83 2111 301 2180 mediatorem
323 2108 590 2191 condonentur,
615 2105 697 2200 quia
720 2105 831 2176 renati
849 2117 882 2174 et
895 2105 1050 2176 retinent
1099 2105 1313 2182 obedientia.
1362 2103 1502 2177 Deinde
1531 2106 1776 2176 satisfaciendo
1808 2129 1874 2198 pro
1907 2105 2011 2174 nobis
2042 2107 2080 2172 in

82 2232 186 2279 veram
210 2210 338 2294 fidem,
371 2221 407 2279 et
429 2220 628 2299 repugnant
649 2207 721 2276 illis
744 2206 915 2296 peccatis,
947 2207 1048 2276 etin
1092 2207 1305 2278 sustinenda
1328 2231 1462 2299 poena,
1502 2232 1607 2302 quam
1630 2230 1696 2276 nos
1717 2208 1895 2277 debemus.
1946 2203 2080 2286 Tertio,

83 2311 197 2380 talibus
211 2305 497 2399 manetSpiritus
512 2319 663 2382 sanctus.
712 2303 796 2376 Alia
810 2329 893 2377 vero
909 2317 1049 2398 peccata
1100 2309 1283 2378 efficiendo
1300 2309 1338 2376 in
1354 2309 1459 2378 nobis
1476 2309 1669 2392 iusticiam,
1695 2331 1772 2378 eam
1794 2308 1927 2398 ipsam,
1953 2308 1996 2376 de
2011 2330 2082 2398 qua

85 2411 280 2482 contristant
293 2423 327 2482 et
342 2409 524 2481 excutiunt
533 2406 706 2499 Spiritum
723 2419 896 2492 sanctum,
912 2420 952 2478 ut
968 2428 1050 2476 cum
1100 2409 1331 2480 concionatur
1345 2411 1412 2482 les.
1464 2409 1614 2497 Quarto,
1640 2409 1829 2478 sanciendo
1846 2409 1970 2496 legem,
1996 2409 2080 2498 qnia

84 2507 117 2578 hi
136 2513 193 2604 qui
212 2513 361 2583 fuerunt
382 2509 498 2580 renati
514 2509 682 2580 amittunt
701 2509 991 2592 fundamentum,
1016 2518 1051 2577 et
1100 2523 1135 2580 et
1151 2512 1322 2603 approbat
1338 2524 1371 2580 et
1388 2509 1540 2581 illustrat
1556 2534 1645 2582 earn.
1696 2507 1900 2578 Damnandi
1914 2522 1997 2578 sunt
2011 2508 2082 2602 igi-

87 2626 181 2683 mnnt
207 2624 333 2684 contra
359 2609 622 2684 conscientiam.
680 2607 786 2678 Tales
816 2621 959 2702 propter
988 2606 1050 2676 illa
1099 2624 1214 2684 toret
1235 2605 1497 2682 Monaehorum
1526 2625 1560 2682 et
1586 2607 1902 2699 Anabaptistarum
1931 2631 2080 2690 errores,

26 2707 27 2716 ’
85 2728 206 2800 peccata
226 2713 358 2783 iterum
385 2711 477 2782 liunt
496 2709 548 2778 rei
577 2723 740 2782 aeternae
768 2733 913 2800 poenae.
965 2707 1050 2778 ldeo
1100 2712 1243 2805 utrique
1266 2713 1360 2781 enim
1382 2712 1541 2803 fingunt,
1571 2713 1609 2780 in
1631 2713 1762 2781 renatis
1777 2735 1851 2780 nou
1866 2732 1941 2781 esse
1956 2733 2080 2801 pecca-

85 2809 200 2885 Paulus
214 2834 377 2906 expresse
390 2811 478 2882 dicit
497 2811 532 2882 1.
548 2805 710 2880 Corinth.
725 2811 779 2881 dn
813 2807 932 2880 Nolite
954 2830 1051 2882 erra·
1100 2826 1198 2898 tum,
1237 2813 1303 2883 etsi
1331 2809 1642 2904 Anabaptistarum
1672 2811 1808 2882 insania
1839 2811 1991 2882 atrocior
2018 2825 2081 2892 est,

26 2925 27 2934 ’
87 2935 134 2996 re,
156 2927 364 2986 scortatores
377 2925 412 2983 et
427 2911 600 2996 adulteri,
625 2904 844 2995 homicidae,
868 2909 1051 2996 idolatrae,
1101 2912 1185 3006 qnia
1200 2914 1289 2986 lacta
1306 2925 1427 2983 contra
1443 2915 1553 3004 legem
1566 2927 1695 3001 negant
1710 2936 1783 2982 esse
1803 2925 1942 3004 peecata
1965 2925 2030 2984 etc.

87 3035 146 3082 non
175 3013 408 3107 possidebunt
434 3035 582 3102 regnum
603 3007 685 3085 Dei.
737 3009 826 3082 Item
847 3008 1048 3084 Coloss.8.:
1201 3011 1262 3084 Ll.
1295 3011 1432 3084 Interea
1448 3030 1564 3087 tamen
1581 3016 1668 3082 scire
1691 3037 1830 3083 necesse
1852 3027 1920 3098 est,
1945 3011 2078 3082 doctri·

27 3181 30 3204 ,
86 3109 218 3206 Propter
246 3112 335 3184 haec
363 3113 463 3187 venit
491 3114 545 3183 ira
569 3108 640 3182 Dei
663 3133 768 3204 super
795 3110 1051 3186 inobedientes.
1100 3137 1184 3184 nam
1214 3116 1258 3184 de
1283 3116 1493 3187 liberatione
1522 3140 1542 3185 a
1573 3116 1666 3202 lege,
1699 3116 1794 3186 iuxta
1819 3115 1952 3185 dictum
1975 3109 2081 3190 illud,

27 3209 28 3212 ¹
87 3205 125 3282 El
137 3213 304 3288 Matthaei
327 3215 386 3289 12.
411 3214 559 3297 dicitur,
583 3210 716 3284 Redire
732 3213 877 3304 spiritus
892 3212 1050 3282 immun·
1099 3213 1298 3288 Roma.6.:
1332 3214 1700 3306 Nonestissublcge‚
1725 3213 2079 3301 sedsnbgratia,‘id

87 3315 138 3384 dos
150 3316 184 3386 in
199 3321 346 3390 domum
362 3339 520 3400 vacuam,
545 3337 634 3408 qnae
647 3314 761 3384 luerat
775 3327 878 3382 antea
891 3327 1050 3404 purgata.
1100 3329 1172 3397 est,
1195 3317 1353 3386 conversi
1371 3318 1441 3386 iam
1457 3317 1582 3388 fiducia
1598 3318 1800 3386 mediatoris
1821 3318 1863 3384 ad
1881 3313 2016 3397 Deum,
2042 3313 2081 3384 id

88 3409 124 3483 ln
145 3423 178 3490 2.
200 3417 298 3488 Petri
318 3419 370 3490 2.:
411 3414 502 3488 Cum
526 3409 585 3499 hi,
624 3415 685 3508 qni
707 3415 907 3501 ellegerunt
927 3436 1050 3485 rursus
1100 3430 1170 3501 est,
1196 3439 1277 3486 vere
1289 3418 1415 3498 renati,
1441 3441 1514 3489 non
1529 3431 1613 3487 sunt
1630 3418 1788 3487 damnati
1803 3430 1842 3487 ut
1858 3430 1976 3487 antea:
2002 3413 2081 3504 pla·

87 3518 357 3589 contaminantur
371 3517 497 3588 iisdem
512 3515 672 3608 peccatis,
684 3515 776 3585 liunt
790 3513 840 3584 eis
855 3515 1050 3604 posteriora
1100 3532 1180 3588 cent
1198 3517 1294 3589 enim
1315 3531 1460 3610 propter
1480 3520 1729 3602 mediatorem,
1754 3517 1816 3609 qui
1839 3530 1873 3586 et
1892 3516 1960 3604 legi
1977 3513 2079 3583 satis-
2109 3589 2114 3608 .

86 3633 208 3702 peecata
228 3619 407 3688 deteriora
425 3618 616 3710 prioribus.
1100 3618 1183 3690 lacit
1197 3643 1263 3711 pro
1280 3621 1397 3704 nobis,
1413 3634 1447 3690 et
1462 3644 1539 3690 eam
1555 3620 1593 3688 in
1608 3619 1712 3688 nobis
1725 3617 1888 3695 restitnit,
1916 3629 1950 3685 et
1965 3637 2080 3708 quan·

167 3717 316 3792 XLVll.
349 3718 434 3790 ldeo
457 3717 643 3788 execrandi
660 3731 745 3788 sunt
763 3715 930 3788 diabolici
950 3718 1051 3790 luro-
1100 3741 1206 3812 qnnm
1231 3716 1346 3790 adhue
1371 3715 1519 3792 haerent
1541 3723 1578 3790 in
1604 3719 1708 3789 nobis
1740 3718 1911 3811 reliquiae
1935 3715 2079 3806 peccati,
2114 3797 2119 3818 .

88 3837 132 3886 res
153 3817 481 3912 Anabaptistarum,
505 3818 567 3914 qni
590 3819 731 3903 dicunt,
755 3818 796 3887 in
819 3819 951 3890 renatis
973 3842 1049 3890 non
1100 3833 1218 3890 tamen
1232 3844 1289 3890 eas
1310 3822 1394 3912 tegit
1418 3824 1588 3913 imputata
1612 3821 1785 3894 iusticia
1817 3817 1870 3888 Ac
1890 3819 2078 3908 diligenter

89 3937 147 3988 esse
169 3923 345 4016 reliquum
370 3934 571 4011 peccatum,
598 3933 632 3990 et
647 3921 697 3990 sic
713 3941 778 3990 nos
793 3943 814 3989 a
828 3921 903 4008 lege
916 3920 1049 3990 libera·
1100 3920 1359 3992 observandnm
1375 3937 1443 4005 est,
1469 3926 1564 4017 quod
1589 3923 1750 3990 nominat
1770 3921 1936 4010 gratiam,
1960 3932 1995 3990 et
2014 3941 2081 3987 nos

87 4029 227 4103 tosesse,
253 4024 386 4094 utiam
410 4016 502 4090 nihil
520 4021 567 4092 sit
583 4022 658 4105 lex,
682 4022 753 4092 sint
770 4043 930 4092 concessa
946 4022 1049 4092 adul-
1099 4023 1210 4112 gratia
1236 4025 1371 4114 placere
1394 4025 1571 4108 adfirmat,
1594 4025 1689 4116 quod
1714 4023 1887 4112 significat
1905 4021 2080 4090 iusticiam

88 4120 159 4190 teria
187 4136 220 4192 et
250 4117 462 4208 homicidia,
493 4135 527 4194 et
552 4122 619 4192 alia
641 4124 834 4214 pugnantia
862 4147 940 4192 cnm
962 4124 1048 4214 lege.
1099 4122 1308 4214 gratuitam,
1346 4151 1415 4218 qua
1440 4141 1584 4218 propter
1604 4125 1833 4192 mediatorem
1853 4145 1992 4214 passum
2015 4144 2078 4210 pro

88 4211 354 4294 Hosdiabolicos
374 4224 513 4293 fartores
536 4223 674 4294 erudite
696 4227 848 4294 refutare
863 4225 1049 4300 discamus.
1100 4225 1222 4309 nobis,
1249 4239 1283 4296 et
1305 4227 1375 4294 iam
1400 4229 1643 4317 deprecantem
1668 4226 1871 4315 pronubis,
1894 4223 2080 4313 placemus,

170 4321 336 4398 XLVlll.
369 4322 471 4398 Sicut
494 4323 665 4416 sapientia
681 4338 716 4396 et
730 4326 893 4396 voluntas
908 4322 976 4394 Dei
998 4337 1050 4396 eet
1098 4327 1188 4396 sicut
1199 4327 1327 4396 etalibi
1342 4331 1488 4415 gratiam
1505 4327 1678 4408 nominat,
1691 4327 1856 4419 inquiens
1864 4318 2079 4394 nomana:

88 4432 208 4491 aeterna
231 4437 266 4495 et
287 4424 453 4512 immota,
478 4425 526 4496 ita
543 4440 578 4496 et
593 4426 647 4496 lex
667 4428 813 4497 moralis
830 4439 882 4496 est
896 4440 1048 4512 aeterna,
1099 4425 1243 4516 Quanto
1265 4429 1376 4516 magis
1398 4428 1509 4517 gratia
1525 4425 1593 4496 Dei
1619 4442 1652 4498 et
1677 4429 1812 4496 donum
1839 4447 1901 4515 per
1921 4422 2081 4514 gratiam,

89 4520 157 4608 quia
169 4519 262 4595 Deus
286 4539 338 4597 est
358 4527 460 4611 talis,
492 4527 633 4620 qualem
656 4549 692 4596 se
709 4526 747 4596 in
772 4527 849 4612 lege
871 4527 1049 4614 describit,
1101 4543 1245 4620 propter
1257 4551 1369 4598 unum
1384 4523 1568 4598 hominem
1583 4528 1698 4599 lesum
1716 4523 1897 4597 Christum
1914 4525 2082 4594 exuberat

89 4611 129 4689 Et
146 4639 258 4696 manet
272 4629 362 4696 ordo
377 4627 564 4713 immotus,
589 4641 628 4698 ut
642 4641 801 4700 creature
817 4621 894 4697 Deo
908 4628 1047 4697 obtem·
1098 4630 1136 4697 in
1154 4631 1296 4699 multos.
1353 4625 1405 4699 Ac
1422 4631 1611 4721 diligenter
1626 4628 1822 4700 consideret
1843 4627 1953 4696 lector
1974 4645 2081 4693 voea-

88 4737 178 4806 peret.
232 4723 286 4796 De
310 4721 377 4798 hoc
398 4729 523 4798 ordine
547 4729 698 4800 dicimus
718 4753 799 4799 cnm
822 4727 1047 4798 nominamus
1098 4731 1223 4800 bulum
1247 4729 1378 4818 gratiae
1401 4733 1438 4799 in
1461 4733 1592 4802 talibus
1616 4730 1720 4812 locis,
1753 4740 1794 4798 ut
1817 4723 1909 4796 banc
1923 4747 2082 4796 necessa-

90 4825 240 4897 vocabula
264 4828 375 4900 debiti
396 4842 431 4900 et
455 4829 679 4905 necessitatis.
727 4828 827 4902 Nova
845 4829 1046 4902 obedientia
1098 4831 1189 4901 riam
1202 4831 1479 4902 consolationem
1499 4849 1690 4915 teneamus,
1716 4831 1811 4924 qnod
1828 4829 1865 4896 in
1883 4849 2008 4917 magna
2024 4828 2083 4895 in-

90 4935 131 4990 est
148 4926 313 5000 debitum.
363 4926 453 5000 ltem
475 4943 527 5001 est
548 4930 763 5015 necessaria,
787 4953 861 5000 non
884 4933 979 5024 quod
1001 4931 1045 5004 sit
1095 4933 1260 5002 firmitate
1276 4935 1450 5016 conversi,
1473 4947 1592 5004 tamen
1608 4937 1767 5025 placeant
1786 4941 1931 5023 propter
1947 4930 2083 4999 m'edia-

90 5026 419 5114 casertanensem,
443 5033 505 5102 scd
520 5032 604 5126 quia
620 5025 679 5103 hic
692 5035 781 5105 ordo
799 5033 967 5104 immotus
982 5046 1047 5120 est,
1094 5048 1226 5113 torem,
1252 5031 1368 5104 Deum
1380 5049 1417 5105 et
1432 5030 1625 5106 hominem.

90 5132 121 5187 ιιι
134 5142 282 5202 creatura
301 5127 377 5204 Deo
392 5131 623 5224 obtemperet,
1195 5133 1274 5209 Lll.
1317 5134 1433 5226 Magis
1457 5138 1637 5226 perspicue
1654 5135 1867 5224 intelligitur
1880 5132 2045 5202 liberatio
2060 5155 2081 5200 a

172 5225 297 5303 XLlX.
336 5231 550 5326 Quanquam
574 5233 684 5324 igitur
704 5257 852 5326 persona
876 5238 1046 5329 recipitur
1094 5237 1189 5326 lege,
1212 5237 1356 5330 quando
1373 5239 1548 5324 integrum
1566 5237 1772 5306 heneficium
1789 5237 2082 5316 intuemur,tunc

89 5339 212 5414 propter
227 5331 334 5400 lilium
349 5329 434 5414 Dei,
459 5347 493 5403 et
508 5355 571 5425 per
585 5357 666 5404 eum
688 5351 856 5431 tanquam
872 5342 1044 5410 mediato·
1094 5361 1175 5408 cum
1216 5337 1411 5408 resuscitati
1444 5337 1658 5408 habebimus
1691 5339 1865 5408 iusticiam
1902 5348 1936 5404 et
1969 5332 2076 5404 vitam

91 5441 151 5492 rem
165 5441 196 5499 et
210 5433 452 5506 umbraculum
465 5435 610 5525 tegitur:
636 5449 754 5508 tamen
771 5463 845 5510 non
859 5454 1042 5534 propterea
1094 5452 1295 5524 aeternam,
1320 5438 1397 5508 sine
1420 5452 1562 5533 peccato
1587 5453 1619 5514 et
1644 5440 1720 5514 sine
1735 5452 1869 5516 morte,
1895 5433 2080 5504 manifeste
