4726 5828
10 387 11 392 Ἰ
85 299 135 370 77
533 295 696 372 nect.
736 293 812 372 DE
847 295 1126 374 GEORGIO
1158 297 1405 372 rnlncte.
1441 298 1693 376 ANH‘ALT.
1746 325 1756 346 ·
2076 305 2126 380 78

87 485 121 542 ει
141 469 248 540 ιιιίΙεε
270 469 627 540 commonefactiones
645 470 684 538 in
707 469 830 540 multis
851 471 1078 542 deliberatio·
1133 467 1222 540 rum'
1243 493 1327 540 suae
1355 469 1502 542 ditionis
1524 473 1568 542 ad
1599 498 1738 544 annuos
1767 475 1928 548 redditus
1954 477 2126 550 frumenti

87 572 207 640 nibus.
243 568 338 658 Quia
355 595 438 640 vcro
454 569 633 642 Siracidae
648 571 753 642 lectio
767 573 896 663 passim
913 586 1078 662 corrupta
1132 573 1331 642 medimnos
1350 575 1546 646 duodenos.

88 687 156 756 est,
181 671 250 742 fuit
266 667 427 742 hortator
443 671 635 757 loachimo,
659 688 698 743 ut
712 675 830 744 ederet
846 676 1077 748 emendatam.
1235 688 1398 761 Tandem
1429 715 1516 761 vero
1545 693 1800 782 tangugffflam
1830 708 1994 766 mmmm
2019 719 2125 787 supe,

87 773 200 864 Saepe
220 775 314 843 etde
330 775 512 844 sententiis
528 774 688 845 obscuris
710 799 790 846 cum
807 799 848 844 eo
864 777 1079 870 disputabat,
1132 804 1233 861 rante
1258 794 1385 863 morbo
1408 817 1528 863 mense
1547 789 1720 876 Octobri,
1752 797 1870 866 anima
1891 797 1966 876 eius
1991 821 2032 866 cx
2057 795 2124 868 hac

86 891 127 946 ¹¹1
155 899 238 944 ⁰⁰¹⁰
272 876 310 943 5¹¹
345 875 458 966 ⁰³Pll⁸
488 877 757 970 quadradellffl
786 878 902 968 Ρῐῑῑῐι0
931 878 1078 948 dicim*
1132 893 1275 964 mortali
1291 893 1363 963 vita
1385 896 1428 964 sd
1452 895 1612 966 coelestis
1627 893 1806 967 Ecclesiae
1821 898 2021 969 societatem
2037 923 2124 969 svo-

87 969 258 1074 φῦλαξθν
283 971 358 1048 ἀπὸ
388 981 643 1071 σκορακισμοῦ
669 971 813 1072 λήψεως
838 975 902 1051 καὶ
928 973 1077 1063 δόσεως,
1133 1009 1208 1064 cata
1232 1009 1303 1078 est,
1333 1019 1411 1066 curn
1436 997 1581 1089 quidem
1601 1022 1675 1067 sese
1698 1000 1837 1084 virens,
1867 1001 2026 1093 quotidie
2046 1001 2123 1073 fflio

85 1079 284 1167 aenigmata
309 1077 429 1170 inquil
448 1081 549 1170 lego,
582 1093 616 1150 el
640 1082 781 1171 petebat
806 1083 1078 1153 θῦὃῐῐὸῑῑῡῡθῐῐι·
1133 1095 1198 1167 Dei
1213 1100 1510 1183 commendasset,
1536 1113 1569 1168 et
1584 1102 1730 1170 adsidue
1746 1117 2051 1174 commemorasset
2066 1103 2124 1170 di-

86 1179 159 1249 Hic
175 1174 378 1248 loachimns
401 1181 451 1248 ait
473 1184 602 1252 factum
621 1206 694 1252 esse
710 1184 855 1254 verbum
879 1187 925 1253 ah
939 1179 1079 1270 Adagio
1133 1198 1234 1269 vina,
1253 1200 1518 1290 promissiones:
1550 1199 1610 1272 sic
1625 1201 1721 1272 Deus
1737 1202 1861 1273 dilexit
1874 1206 2060 1287 mundum,
2084 1216 2125 1276 ut

87 1281 122 1361 ἒς
135 1278 320 1374 adportas,
348 1295 380 1349 ⁰¹
396 1281 520 1351 lubere
537 1286 728 1353 cavendam
745 1309 819 1356 0⁵8²
835 1286 1078 1376 expulsionem
1134 1301 1246 1370 tilium
1263 1301 1487 1390 unigenitum
1504 1303 1657 1388 dederit,
1684 1317 1723 1373 ut
1738 1305 1855 1374 omnis
1873 1307 1936 1397 qui
1958 1307 2070 1375 credit
2084 1306 2123 1373 in

87 1407 149 1452 SOU
162 1383 379 1456 delellonem
395 1383 469 1450 dail
486 1399 518 1454 el
533 1386 686 1476 accepll,
713 1386 751 1454 ld
767 1402 828 1470 GSl,
853 1389 966 1458 lllsslile
983 1411 1080 1456 COssl·
1134 1427 1232 1486 eum,
1258 1427 1332 1472 non
1349 1417 1480 1494 pereat·
1532 1403 1638 1473 Item:
1667 1405 1778 1475 Nemo
1798 1407 1910 1500 rapiet
1924 1430 2007 1476 ovpg
2027 1430 2122 1478 meas

85 1485 307 1574 pensallollls
324 1485 361 1550 ln
377 1487 614 1555 contractibus
641 1501 675 1558 el
698 1487 736 1556 ln
759 1489 941 1559 reserenda
958 1490 1081 1577 grdlld,
1133 1528 1175 1572 eg
1188 1505 1355 1574 manibus
1369 1506 1468 1579 meis·
1499 1503 1602 1577 hem:
1632 1505 1759 1577 Venite
1774 1510 1817 1577 ad
1832 1533 1889 1578 me
1904 1533 2039 1593 omnes,
2061 1509 2124 1605 qui

86 1586 177 1653 velle
206 1582 323 1654 Deum
353 1581 442 1653 hane
473 1589 795 1677 ιῒῡῐῐηΜῖῐιδιῑῐθῐῑιῐῐι
831 1615 905 1660 ¹1⁰ss
935 1591 1081 1673 ³b⁰l⁸rb
1133 1606 1302 1676 laboratis
1318 1621 1351 1678 ει
1370 1608 1507 1677 onerati
1523 1609 1618 1694 estis,
1644 1631 1706 1698 ego
1723 1609 1877 1682 reficiam
1893 1633 1966 1694 vos,
1993 1625 2027 1680 et
2041 1625 2123 1680 tan-

85 1710 176 1779 quae
195 1701 230 1756 et
245 1689 335 1755 ordo
354 1699 403 1756 est
427 1687 617 1778 sapientiae
635 1704 670 1759 et
689 1691 849 1762 iustitiae
873 1693 911 1760 in
925 1691 1021 1776 Deo,
1047 1705 1082 1762 et

85 1811 218 1856 nervus
241 1783 418 1856 humanae
440 1791 730 1875 consociationis,
757 1806 789 1861 et
815 1794 988 1882 significat
1004 1791 1081 1862 Deo

86 1913 153 1958 nos
167 1889 422 1979 gratitudinem
438 1881 577 1962 debere.
629 1887 706 1960 Etsi
724 1894 785 1962 alii
801 1896 888 1964 alias
906 1895 1082 1984 interpre-

85 1991 240 2060 tationes
255 1989 489 2081 quaerebant,
518 2006 634 2060 tamen
651 1991 826 2064 Ascanius
841 2019 962 2066 amans
978 1995 1081 2066 iusti-

86 2093 177 2160 ciam
199 2103 233 2158 ει
255 2091 530 2180 gratitudinem,
563 2087 654 2161 hanc
678 2091 848 2166 loachimi
869 2099 1081 2188 interpreta-

87 2195 223 2262 tionem
247 2191 477 2261 anteferebat.

190 2323 262 2394 Sed
299 2323 425 2392 omitto
457 2325 654 2414 longiorem
688 2331 929 2398 narrationem
955 2329 1081 2400 talium

87 2425 363 2519 colloquiorum.
415 2419 547 2495 Extant
570 2428 664 2495 enim
685 2429 796 2520 ipsius
820 2433 965 2522 scripta,
991 2455 1080 2522 qnae

87 2545 121 2598 et
147 2527 384 2596 eruditionem
406 2525 516 2615 ipsius
540 2541 573 2596 et
599 2529 856 2601 confessionem
877 2535 1082 2617 ostendunt,

84 2652 177 2722 quae
193 2652 274 2697 cum
288 2627 467 2694 communi
478 2625 715 2700 Ecclesiarum
725 2631 980 2704 Saxonicarum
996 2658 1081 2702 con·

85 2730 242 2798 fassione
258 2728 442 2816 congruit,
469 2753 573 2821 quam
590 2731 651 2820 pio
668 2748 702 2802 et
724 2736 932 2822 gravissimo
948 2736 1082 2803 iudicio

85 2830 274 2920 amplexus
303 2853 489 2920 nunquam
512 2832 558 2900 ab
584 2855 623 2900 ea
646 2835 823 2919 discessit,
858 2850 893 2905 ει
921 2837 1082 2905 fanaticis

86 2930 317 3020 dogmatibus
339 2931 579 3020 pugnantibus
596 2957 676 3004 cum
695 2959 734 3005 ea
751 2937 971 3012 confessione
985 2960 1082 3006 acer-

86 3035 178 3101 rime
191 3033 399 3102 adversatus
414 3045 477 3104 est.

190 3164 386 3234 Laudanda
404 3178 503 3235 estet
520 3159 606 3236 haec
632 3168 706 3237 eius
729 3171 919 3259 prudentia
943 3185 976 3240 et
997 3174 1081 3242 dili-

84 3267 220 3358 gentia,
246 3269 343 3358 quod
358 3289 486 3354 genere
497 3269 670 3338 sermonis
686 3272 830 3360 proprio
847 3286 881 3339 et
897 3275 1081 3365 perspicuo

83 3393 173 3438 usus
199 3381 271 3446 est,
304 3391 350 3436 ne
372 3369 601 3457 ambiguitas,
635 3386 674 3440 nt
704 3396 805 3460 saepe
834 3374 891 3458 fit,
923 3376 1082 3464 gigneret

82 3471 246 3538 diversas
268 3469 455 3560 opiniones
477 3482 513 3538 et
528 3470 686 3542 dissidia.
737 3470 827 3543 Erat
853 3489 970 3544 antem
996 3503 1082 3546 con-

83 3573 217 3640 stantia
240 3572 334 3640 vitae
356 3582 391 3639 et
416 3594 557 3639 morum
582 3572 682 3657 talis,
713 3589 754 3644 ut
776 3599 857 3644 vere
878 3580 922 3644 de
946 3603 986 3646 eo
1009 3581 1080 3649 dici

82 3673 220 3764 possit,
254 3674 349 3764 quod
382 3672 426 3738 de
455 3671 684 3760 integerrimo
718 3673 933 3766 Imperatore
955 3677 1081 3750 Marco

82 3773 278 3845 Antonino
295 3773 435 3862 scripsit
451 3770 565 3842 Dion:
592 3771 718 3866 ὅμοιος
740 3772 804 3848 διὰ
826 3771 982 3851 πάντων)
1004 3779 1080 3880 i'ya'-

83 3900 174 3948 νετο
195 3869 262 3944 καὶ
284 3871 324 3944 ἐν
347 3869 474 3945 οὐδενὶ
495 3870 708 3967 ἠλλοιώθει,
735 3874 883 3977 ἀγαθὸς
899 3875 940 3951 δὲ
954 3873 1003 3975 ἦν
1018 3880 1081 3954 καὶ

86 3969 204 4046 οὐδὲν
218 3968 473 4066 προσποίκτον
493 3971 601 4066 εἶχεν.
636 3976 732 4050 Haec
749 3995 880 4073 quanta
898 3984 992 4054 hona
1010 3987 1082 4054 sint

84 4076 174 4145 etin
188 4073 419 4167 Principibus
433 4091 467 4146 et
483 4077 522 4146 in
540 4080 685 4169 privatis
706 4079 932 4170 hominibus,
958 4111 1080 4157 omnes

84 4177 166 4246 sani
184 4176 404 4266 intelligunt.

190 4310 397 4381 Postremus
419 4312 523 4383 etiam
547 4327 645 4384 actus
659 4315 750 4386 vitae
768 4316 947 4410 Principis
963 4317 1080 4391 Geor-

83 4415 153 4504 gii,
189 4415 356 4504 pietatem
386 4415 461 4483 eius
493 4429 527 4484 et
555 4412 622 4486 Dei
653 4421 884 4507 praesentiam
915 4423 1080 4494 ostendit.

10 4577 12 4586 .
84 4514 182 4588 Cum
202 4529 278 4584 toto
297 4516 454 4583 semestri
476 4517 740 4589 conflictaretur
760 4545 840 4590 curn
857 4525 983 4592 morbo
1002 4549 1081 4594 mo-

84 4617 300 4700 lestissimo,
329 4632 448 4686 tamen
464 4618 629 4709 quotidie
639 4621 705 4710 piis
720 4623 882 4712 precibus
898 4647 987 4708 sese,
1010 4621 1081 4694 Ec·

85 4719 252 4796 clesiam,
279 4717 455 4808 optimum
476 4719 638 4804 fratrem,
665 4736 698 4791 et
720 4738 874 4795 caeteros
895 4724 1080 4818 Principes

83 4816 321 4903 Anhaltinos,
348 4821 495 4910 patriam
512 4834 546 4889 et
563 4817 793 4894 Germaniam
810 4826 884 4897 Deo
900 4852 1080 4897 commen·

84 4922 208 5005 davit,
240 4921 369 4989 deinde
392 4921 577 4991 lectionem
602 4925 768 4997 audiebat
795 4953 836 4998 ex
865 4925 1079 5022 propheticis

85 5040 121 5092 et
146 5021 352 5114 apostolicis
373 5019 492 5107 libris,
523 5039 697 5116 quantum
722 5031 836 5119 potuit
864 5033 969 5103 etiam
994 5057 1080 5102 con-

85 5125 168 5192 silia
204 5123 473 5214 gubernationis
502 5121 619 5196 adhuc
654 5131 754 5204 rexit.
813 5131 1078 5206 Testamentum

85 5227 146 5318 pie
163 5226 343 5312 condidit,
369 5225 406 5294 in
424 5251 495 5320 quo
512 5243 546 5298 ει
564 5231 818 5304 confessionem
834 5259 932 5321 suam
949 5238 1078 5328 repeti-

84 5327 151 5412 vit,
176 5341 211 5396 et
226 5323 464 5398 Ecclesiamm
480 5330 720 5404 defensionem
736 5337 838 5406 fratri
854 5341 1078 5408 commenda-

83 5429 150 5503 vit.
204 5425 358 5502 Addidit
380 5429 485 5500 etiam
507 5431 657 5522 siugulis
677 5439 878 5526 pastoribus
901 5435 1078 5512 Ecclesia-

1134 1723 1209 1778 tum
1226 1709 1337 1776 animi
1354 1711 1466 1780 robur
1480 1710 1567 1795 fuit,
1591 1725 1632 1780 ut
1650 1712 1733 1779 satis
1749 1714 1932 1802 adpareret
1955 1713 1993 1779 in
2008 1737 2049 1781 eo
2066 1711 2123 1782 lu-

1133 1833 1211 1878 cere
1241 1810 1343 1878 fidem
1368 1835 1408 1880 ac
1432 1811 1596 1882 fiduciam
1625 1811 1690 1882 filii
1711 1809 1777 1882 Dei
1801 1813 1972 1882 divinitus
1999 1817 2124 1882 accen-

1134 1934 1226 1994 sam,
1255 1911 1415 2002 qootidie
1436 1911 1532 1981 enirn
1553 1937 1633 1984 cum
1655 1914 1762 1984 fratre
1778 1929 1812 1985 et
1827 1916 1906 1984 aliis
1922 1915 1967 1983 de
1989 1915 2124 1983 benefi-

1133 2011 1196 2080 ciis
1218 2011 1280 2078 filii
1302 2011 1387 2095 Dei,
1422 2015 1466 2081 de
1486 2037 1546 2102 spe
1567 2016 1659 2084 vitae
1681 2029 1860 2100 aeternae,
1894 2019 1938 2084 de
1960 2016 2122 2084 miranda

1133 2114 1340 2183 collectione
1361 2111 1539 2184 Ecclesiae
1565 2140 1605 2186 ειι
1631 2138 1759 2205 genere
1781 2111 1958 2203 humano,
1991 2118 2123 2187 dulcis-

1134 2215 1220 2282 sime
1239 2216 1435 2296 collocutus,
1453 2229 1515 2285 est.

1236 2346 1312 2418 Etsi
1326 2362 1441 2418 autem
1459 2348 1592 2418 orbitas
1608 2349 1738 2433 fratris,
1765 2348 1953 2435 Ecclesiae,
1981 2352 2124 2438 patriae,

1132 2464 1273 2522 nostrae
1291 2451 1451 2519 dolorem
1469 2450 1574 2518 uobis
1590 2452 1720 2534 adfert,
1746 2465 1864 2520 tamen
1888 2453 1957 2543 ipsi
1980 2453 2122 2545 quidem
2138 2529 2141 2536 ι

1131 2552 1290 2642 Principi
1306 2549 1461 2639 Georgio
1484 2551 1646 2640 migratio
1663 2554 1707 2619 ad
1730 2555 2020 2624 consuetudinem
2044 2579 2124 2624 εοε-

1132 2656 1229 2724 lestis
1251 2651 1430 2722 Ecclesiae
1460 2653 1665 2740 gratulanda
1690 2667 1759 2734 est,
1795 2668 1828 2724 et
1858 2656 2044 2726 retinenda
2072 2670 2123 2726 est

1133 2755 1303 2824 memoria
1317 2755 1548 2824 confessionis
1567 2767 1601 2823 ει
1616 2755 1789 2827 virtutum
1811 2757 1940 2846 ipsius,
1966 2757 2121 2847 primum

1131 2870 1173 2926 ut
1186 2854 1263 2925 Deo
1289 2856 1418 2943 gratias
1441 2876 1583 2942 agamus
1604 2859 1648 2924 de
1668 2858 1790 2942 donis,
1815 2881 1905 2952 quae
1924 2857 1994 2947 ipsi
2010 2871 2044 2926 et
2060 2883 2123 2946 per

1132 2981 1214 3028 eum
1230 2957 1310 3024 aliis
1325 2955 1465 3028 tribuit.
1516 2953 1651 3026 Verum
1667 2971 1719 3027 est
1736 2960 1831 3027 enim
1848 2953 1939 3028 hanc
1954 2959 1992 3026 in
2008 2981 2049 3027 eo
2064 2961 2123 3030 lu-

1133 3083 1205 3128 cem
1225 3057 1399 3141 veritatis,
1426 3071 1461 3126 et
1483 3057 1642 3126 flammas
1665 3061 1796 3128 amoris
1818 3081 1898 3150 erga
1923 3058 2060 3144 Deum,
2087 3075 2122 3132 et

1132 3175 1283 3231 caeteras
1299 3160 1449 3228 virtutes
1465 3160 1558 3228 dona
1574 3155 1643 3227 Dei
1666 3185 1758 3246 esse,
1783 3163 1956 3236 transfusa
1972 3161 2012 3230 in
2029 3185 2123 3242 eum,

1132 3277 1172 3332 ot
1189 3274 1222 3329 et
1237 3261 1306 3352 ipsi
1321 3273 1356 3330 et
1371 3261 1450 3329 aliis
1466 3261 1630 3332 salutaria
1645 3277 1778 3346 essent,
1805 3278 1838 3333 et
1855 3263 1892 3332 in
1910 3259 1976 3332 hac
1991 3263 2121 3350 gratia-

1131 3387 1211 3432 rum
1233 3363 1372 3431 actione
1395 3363 1657 3432 consideremus
1673 3365 1745 3433 duo
1771 3361 1958 3433 hominum
1983 3387 2121 3453 genera

1133 3462 1224 3533 Vasa
1248 3464 1322 3532 irae
1344 3475 1379 3532 et
1400 3487 1480 3532 vasa
1497 3464 1777 3549 misericordiae,
1802 3478 1843 3534 ut
1856 3463 1988 3534 Paulus
2002 3467 2120 3534 nomi-

1130 3580 1204 3635 nat.
1258 3563 1357 3652 Quid
1370 3566 1505 3635 tristius
1519 3577 1589 3648 est,
1614 3590 1719 3658 quam
1737 3589 1810 3635 esse
1828 3580 1958 3658 pestem
1982 3568 2120 3655 generis

1131 3663 1277 3737 humani
1295 3691 1356 3735 scu
1369 3661 1583 3758 ciloiompo?
1603 3681 1642 3737 nt
1657 3668 1801 3736 fuerunt
1817 3665 2033 3747 Alcibiades,
2050 3665 2121 3737 Ca-

1130 3769 1255 3854 tilina,
1280 3765 1373 3838 Nero
1392 3783 1426 3838 et
1440 3768 1585 3840 similes.
1636 3765 1776 3838 Rursus
1790 3782 1962 3862 quantum
1985 3771 2119 3839 bonum

1131 3882 1183 3940 εει
1205 3894 1277 3939 εεεε
1300 3892 1473 3958 organum
1489 3867 1566 3940 Deo
1590 3868 1749 3961 placens,
1776 3886 1813 3941 et·
1831 3869 1917 3939 utile
1932 3867 2120 3950 Ecclesiae,

1130 3984 1170 4041 ut
1185 3973 1330 4042 fuerunt
1345 3967 1483 4063 loseph,
1509 3969 1665 4058 Samuel,
1689 3969 1871 4057 Ezechias,
1893 3971 2016 4057 etalii,
2039 3973 2121 4066 qni-

1130 4076 1197 4144 bus
1211 4071 1453 4163 etPrincipem
1470 4069 1666 4163 Georgium
1682 4098 1968 4161 annumeramus,
1992 4077 2030 4144 in
2048 4099 2119 4170 quo

1131 4175 1328 4268 praesentia
1341 4171 1428 4259 Dei,
1453 4189 1529 4244 tum
1547 4176 1584 4242 in
1603 4175 1711 4264 ipsius
1724 4177 1943 4246 confessione
1958 4190 1992 4246 et
2008 4177 2121 4247 virtu-

1131 4277 1246 4362 tibus,
1279 4290 1354 4345 tum
1385 4275 1533 4344 veroin
1565 4276 1823 4365 gubernatione
1849 4291 2032 4366 conspecta
2058 4291 2120 4356 εει,

1131 4402 1236 4472 qnam
1251 4375 1349 4446 Dens
1364 4377 1414 4446 sic
1429 4377 1584 4462 adiuvit,
1610 4392 1651 4447 ut
1667 4379 1778 4468 patria
1802 4380 1991 4471 tranquilla
2014 4379 2121 4448 fuerit

1130 4493 1182 4551 tot
1196 4481 1266 4549 iarn
1285 4504 1416 4564 annos,
1431 4479 1572 4571 quibus
1588 4479 1718 4550 vicinia
1734 4481 1836 4550 bellis
1851 4481 2010 4572 undique
2024 4481 2119 4553 arsit.

1228 4613 1326 4684 Haec
1343 4615 1409 4684 Dei
1427 4615 1593 4684 beneficia
1610 4617 1771 4710 undique
1794 4615 2011 4705 agnoscenda
2026 4631 2120 4704 sunt,

1130 4732 1164 4786 et
1178 4718 1285 4806 gratis
1304 4717 1484 4786 mentibus
1503 4715 1732 4798 celebranda,
1758 4719 1886 4786 deinde
1909 4717 2041 4807 singuli
2061 4743 2118 4788 ar-

1130 4817 1297 4888 dentibus
1311 4818 1404 4888 votis
1420 4832 1599 4910 petamus,
1626 4836 1665 4889 nt
1685 4819 1778 4888 lilius
1792 4814 1860 4885 Dei
1877 4841 1942 4888 nos
1958 4820 2026 4890 sibi
2041 4823 2120 4912 pal·

1129 4920 1232 4990 mites
1246 4921 1362 5006 faciat,
1389 4919 1478 4990 sicut
1494 4921 1628 5014 inquit:
1655 4917 1730 5008 Ego
1748 4941 1826 4988 sum
1843 4920 1939 5007 vitis,
1964 4947 2025 4992 vos
2042 4922 2120 5016 pal-

1129 5022 1253 5113 mites,
1287 5047 1326 5090 ac
1354 5022 1457 5094 faciat
1486 5046 1555 5094 nos
1581 5045 1712 5110 organa
1741 5020 2022 5110 misericordiae,
2053 5050 2119 5114 gu-

1129 5126 1253 5195 bernet
1283 5125 1430 5196 consilia
1465 5141 1499 5198 et
1533 5124 1670 5194 labores
1703 5137 1866 5212 nostros,
1910 5138 1949 5194 ut
1981 5127 2119 5218 prosint

1127 5223 1316 5298 Ecclesiae.

1229 5341 1368 5414 Deinde
1383 5357 1418 5414 et
1431 5342 1652 5414 confessione
1670 5342 1848 5436 Principis
1866 5343 2013 5432 Georgii
2033 5367 2114 5410 con-

1129 5444 1330 5529 firmemur,
1358 5459 1392 5514 ει
1417 5445 1585 5538 exemplis
1603 5449 1679 5518 eius
1696 5448 1888 5522 excitemur
1907 5449 1950 5519 ad
1975 5447 2118 5524 invoca·

1486 5751 1594 5798 A
