4706 5818
2146 204 2168 278 Ι
2317 149 2328 162 .

119 299 209 373 1013
666 292 698 373 1.
745 290 1044 374 mnontcou
1068 288 1317 370 matonis.
1366 291 1497 377 rans
1523 295 1572 381 n.
1721 233 1755 342 Ϊ
2030 317 2129 392 1014

115 469 316 554 voluerunt,
340 463 403 564 qsai
417 479 538 541 tamen
558 465 618 536 vix
639 464 950 558 exigusmpartem
963 466 1088 540 Italiac
1140 479 1235 538 teras
1259 463 1466 556 enimdnm
1488 465 1557 546 bae
1571 493 1630 546 res
1651 495 1798 570 magnae
1813 479 1859 552 ab
1873 476 1979 558 Ae'tio
1994 507 2125 578 gerun-

115 566 320 644 habuerunt.
371 567 509 640 Poenas
525 581 643 640 antem
657 567 887 640 cumularunt
905 581 940 640 et
954 567 1089 642 Valen·
1138 581 1216 654 tur,
1242 562 1514 642 Valentinianus
1528 571 1666 646 Rornae
1679 579 1853 653 adulteria
1873 601 2021 658 exercet.

116 670 237 742 tiniani
261 690 397 755 mores,
425 669 490 763 qui
511 663 698 752 moechus,
731 688 873 758 magus,
900 680 936 742 et
955 670 1087 741 ducum
1240 661 1325 737 Fuit
1342 666 1768 768 interpraecipuossiros
1785 683 2025 759 toncl’somae
2038 686 2122 766 Ma,-

115 761 418 842 benemeritorum
442 769 614 862 parricida
629 768 711 842 fnit.
1137 766 1275 851 simos,
1297 787 1340 836 es
1363 767 1438 840 eius
1452 769 1602 844 Maximi
1621 777 1749 872 stirpe,
1773 805 1877 876 quem
1895 782 2121 862 Theodosia.

206 867 288 945 Doo
309 884 394 942 tnnc
418 869 599 960 praecipui
621 871 728 940 duces
742 866 782 940 iss
798 862 994 942 Occidente
1008 870 1087 942 fne-
1132 881 1221 940 ante
1245 889 1359 938 annos
1390 871 1527 964 aliquot
1549 875 1649 960 bello
1686 879 1783 957 vicit.
1833 883 1929 956 Huic
1958 885 2120 963 Maximo

114 985 207 1044 rusrt:
232 965 479 1068 Bonisasius,
504 994 609 1062 quem
630 969 792 1042 scribunt
806 964 981 1042 Thracem
996 972 1086 1042 fuis-
1136 991 1217 1040 cnm
1242 966 1283 1038 in
1303 965 1394 1040 luds
1412 975 1586 1044 annulum
1609 979 1815 1056 detraxisset
1828 981 2118 1077 Valentinianus,

100 1096 162 1153 ae,
186 1072 248 1166 qui
272 1073 363 1144 rexit
379 1071 556 1157 Africam,
581 1083 618 1142 et
630 1064 760 1142 Ai'tius
777 1083 881 1142 natus
895 1071 934 1141 in
951 1070 1087 1144 VVala⁴
1136 1067 1247 1142 mittit
1267 1091 1349 1138 eum
1370 1071 1416 1140 sd
1432 1069 1583 1146 Maximi
1599 1080 1805 1172 coniugem,
1830 1099 1864 1159 et
1879 1094 1980 1174 eam,
2005 1089 2118 1163 simu.

111 1168 202 1259 cbia,
224 1171 288 1267 qui
311 1171 402 1244 rasit
421 1169 690 1242 Narbonensem
707 1166 885 1258 Galliam,
909 1171 1003 1246 inter
1019 1166 1085 1242 bos
1134 1169 1214 1240 lans
1225 1169 1394 1240 maritum
1407 1167 1494 1244 bsec
1510 1197 1630 1264 agere,
1656 1196 1758 1254 vocat
1775 1185 1820 1256 ad
1844 1187 2028 1280 coniugem
2045 1191 2119 1262 irn-
2138 1203 2145 1216 '

110 1297 186 1344 cum
211 1273 370 1344 simultas
391 1286 497 1356 essct,
521 1267 728 1344 Bonifatius
740 1284 837 1343 metu
860 1271 1085 1364 imperatoris
1134 1268 1319 1362 peratoris.
1367 1269 1596 1348 Haefallacia
1613 1279 1799 1352 adductam
1813 1283 1853 1354 in
1868 1287 1984 1358 aulam
1995 1287 2115 1362 Mari-

109 1375 233 1444 dicitnr
258 1373 438 1444 attraxisse
458 1369 692 1466 Censericum
723 1372 762 1441 in
786 1372 976 1447 Africam·
1007 1373 1083 1444 Alii
1133 1371 1185 1440 mi
1203 1369 1390 1460 coniugem
1409 1371 1446 1441 vi
1466 1378 1679 1470 comprimit.
1729 1379 1785 1453 De
1806 1381 2018 1460 haeiniuri.
2032 1413 2114 1462 mm

107 1475 211 1562 magis
232 1473 431 1564 significant
456 1469 687 1544 Gensericum
708 1471 928 1562 possessione
948 1471 1082 1566 Hispa·
1132 1471 1227 1562 apud
1242 1472 1411 1544 maritum
1424 1472 1485 1544 ills
1500 1480 1678 1570 queritur,
1701 1483 1818 1576 coepit
1841 1485 1873 1555 is
1887 1500 1923 1558 et
1936 1490 1981 1559 de
2000 1489 2115 1583 impe-

106 1574 181 1646 niae
195 1573 335 1664 pulsum
349 1597 370 1644 a
386 1571 527 1644 Wallia
542 1595 623 1662 rege
639 1569 782 1645 Gottico
798 1573 1011 1666 quaesivisse
1026 1598 1082 1644 se·
1132 1571 1188 1643 rio
1203 1571 1394 1662 rapiendo,
1419 1585 1456 1645 et
1475 1577 1519 1644 de
1535 1575 1789 1668 Valentiniano
1803 1589 1965 1658 necando
1979 1591 2114 1680 eogita-

93 1676 162 1752 ¹des
176 1674 213 1743 in
232 1673 365 1745 Africa.
415 1671 780 1766 Quaecunquecausa
793 1673 861 1744 fuit
878 1673 1026 1766 ingrcssi
1041 1675 1079 1744 in
1130 1695 1182 1746 re.
1231 1667 1377 1744 Alieuat
1398 1673 1475 1746 eius
1494 1678 1654 1749 animum
1676 1683 1722 1753 ab
1741 1684 1865 1772 Aetio,
1889 1689 2113 1782 quemfingit

92 1771 257 1854 ,Africam
265 1771 421 1870 Vandali
431 1773 592 1845 vicerunt
606 1771 831 1844 Bonifatium
849 1787 885 1846 ct
899 1773 988 1846 alios
1002 1771 1080 1846 llo-
1130 1785 1294 1864 appetere
1310 1771 1511 1865 imperinm.
1560 1777 1662 1851 Falsa
1683 1782 1793 1874 igitur
1810 1787 2010 1878 suspicione
2029 1811 2112 1862 mo·

104 1897 224 1950 manos
264 1875 452 1957 exercitus,
500 1885 534 1942 et
568 1869 816 1962 Carthaginem
850 1888 1080 1968 occuparunt.
1130 1884 1187 1942 tus
1210 1871 1500 1955 Valentinianus,
1525 1876 1623 1949 iubet
1645 1882 1795 1955 interfici
1812 1885 1955 1958 Aetium
1977 1891 2112 1982 optime

103 1975 206 2044 Anno
221 1970 416 2046 Theodosii
438 1973 584 2044 secundi
606 1971 784 2046 tricesimo
807 1988 955 2067 quarto,
982 1997 1079 2046 anno
1129 1971 1316 2052 meritum,
1339 1987 1382 2046 nt
1401 1976 1604 2050 Alexander
1625 1979 1899 2056 Parmenionem
1922 1987 2109 2074 interfecit.

103 2073 344 2145 Valentiniani
373 2075 469 2147 tertii
493 2073 631 2144 decimo
656 2072 825 2162 septimo,
854 2097 950 2146 anno
973 2069 1079 2148 Chri·
1128 2071 1253 2142 Postea
1273 2096 1354 2143 cnm
1375 2074 1605 2167 interrogaret
1622 2079 1893 2158 Valentinianus
1914 2091 2108 2184 quendam:

101 2174 142 2246 sti
156 2175 501 2270 quadringentesimo
521 2175 786 2268 quadragesimo
802 2175 940 2268 quinto.
1072 2177 1075 2184 '
1128 2172 1188 2242 An
1197 2172 1412 2246 existimaret
1427 2175 1518 2248 iuste
1531 2179 1838 2256 interfectnmesse
1846 2184 2014 2258 aarum?
2035 2187 2108 2260 Ne-

197 2272 289 2346 Cnm
310 2291 426 2346 autem
443 2272 658 2346 Censorieus
680 2274 843 2344 defensor
866 2287 955 2346 esset
971 2272 1077 2344 Aria-
1127 2273 1221 2352 scio,
1246 2272 1363 2365 inquit
1381 2275 1459 2362 ille,
1492 2301 1539 2346 an
1560 2280 1651 2350 iuste
1673 2305 1755 2354 eum
1780 2285 2014 2374 interfeceris,
2038 2285 2108 2361 hoc

85 2397 160 2462 ,nae
177 2375 379 2465 impietatis,
399 2394 561 2462 magnam
578 2374 818 2446 crudelitatem
833 2375 872 2443 in
887 2369 1076 2466 piosexer-
1127 2373 1220 2455 scio,
1243 2385 1278 2443 te
1298 2375 1454 2444 dextram
1476 2391 1573 2446 tuam
1597 2378 1740 2454 sinistra
1762 2387 1984 2476 praecidisse.
2033 2385 2109 2460 Nec

85 2476 176 2564 cuit.
231 2473 397 2545 Metuens
418 2474 527 2564 igitur
547 2475 629 2544 odia
652 2495 795 2544 suorum
812 2499 892 2544 enm
913 2471 1076 2546 Valenti·
1125 2473 1240 2541 multo
1252 2487 1331 2562 post
1345 2473 1469 2545 incitat
1483 2469 1662 2548 Maximus
1673 2482 1763 2553 duos
1778 2486 1909 2555 milites
1923 2487 2043 2571 aaut,
2066 2501 2107 2561 ut

84 2578 203 2656 ‚niano
224 2598 343 2666 pacem
367 2575 465 2658 fecit,
490 2571 553 2662 qni
575 2573 745 2644 concessit
764 2573 796 2642 ei
819 2587 953 2666 partem
975 2573 1075 2646 Afri·
1126 2570 1418 2644 Valentinianum
1465 2575 1711 2668 imperatorem
1752 2581 1976 2658 interficiant.
2052 2587 2108 2660 lta

97 2699 171 2756 cae,
198 2699 305 2768 quam
319 2697 431 2768 nsque
446 2675 490 2743 ad
505 2669 669 2742 Belisarii
691 2687 829 2764 tempus
849 2671 1075 2746 retinuemnt
1124 2695 1256 2758 poenas
1271 2675 1332 2743 dat
1347 2673 1557 2758 libidinum,
1580 2678 1713 2768 magiae
1727 2693 1763 2753 et
1776 2683 1873 2754 neris
1888 2681 2008 2772 Attii,
2031 2683 2105 2760 Va.-

72 2776 503 2862 'annosnonagintasem
555 2770 709 2846 Attraxit
726 2787 841 2845 autent
859 2773 1075 2846 Gensericus
1124 2773 1341 2844 lentinisuns
1358 2775 1495 2850 tertius.

80 2875 243 2960 ¹Attilam
268 2889 302 2944 et
324 2871 476 2946 Hormos
498 2885 620 2944 contra
638 2873 828 2945 Gottos'in
850 2871 1073 2967 Hispaniam.
1225 2871 1363 2942 Deinde
1385 2873 1564 2946 Maximus
1586 2878 1680 2970 rapit
1708 2881 1919 2976 imperinm,
1948 2899 1982 2958 et
2005 2887 2105 2960 ducit

92 2975 301 3066 Progressus
322 2975 430 3064 igitur
451 2970 562 3044 Attila
591 2996 631 3042 ex
652 2974 838 3045 Pannonia
859 2999 939 3046 cum
963 2976 1073 3070 qnin-
1122 2992 1267 3044 uxorem
1290 2971 1489 3045 Eudoxiam
1510 2981 1720 3068 secundem,
1752 3007 1842 3077 qme
1872 2988 1987 3059 fuerat
2012 3011 2105 3072 ¹epra.

77 3078 205 3166 ‚gentis
220 3075 380 3164 millibus
398 3075 435 3144 in
455 3071 683 3144 Germaniam
701 3087 734 3144 et
755 3068 891 3147 ltaliam
908 3075 1073 3168 parvenit
1122 3074 1210 3144 iuna
1234 3071 1477 3146 Valentiniani
1500 3077 1607 3151 tertii.
1658 3081 1767 3174 Apud
1791 3081 1976 3158 banorum
1993 3087 2104 3160 iacta·
2199 3095 2202 3106 '

89 3181 131 3248 ad
150 3175 318 3246 Tolosam
335 3199 466 3268 usqne,
499 3173 550 3242 ihi
565 3170 692 3246 Aiitins
706 3175 842 3267 optimo
857 3177 1006 3249 consilio
1025 3179 1071 3248 ad
1122 3188 1179 3245 ret
1190 3173 1386 3260 Maximus,
1410 3199 1446 3246 se
1467 3199 1586 3248 amore
1601 3177 1710 3271 ipsius
1725 3196 1760 3254 et
1773 3205 1833 3278 spe
1856 3181 1962 3258 huius
1977 3186 2103 3258 conin-

88 3275 289 3347 societatem
320 3276 401 3345 belli
432 3273 592 3346 adiunxit
622 3271 796 3358 Francos,
827 3300 978 3369 quornm
1008 3301 1071 3346 rex
1121 3275 1172 3361 gii
1192 3288 1327 3345 motum
1353 3276 1568 3350 interfecisse
1589 3281 1744 3372 priorem
1758 3285 1925 3356 maritum
1940 3285 2103 3359 Valenti-

75 3367 175 3448 'tunc
197 3373 264 3442 fuit
287 3371 472 3444 Meroveus
497 3394 607 3462 nepos
630 3369 898 3454 Waramnndi,
923 3387 959 3444 et
978 3372 1071 3444 Got·
1119 3369 1289 3455 niannm,
1324 3374 1413 3442 irata
1450 3376 1579 3446 moliar
1613 3384 1759 3452 accersit
1795 3381 2102 3458 Gensericurs·es

88 3489 162 3559 tos,
187 3495 340 3565 quorum
363 3497 424 3543 rex
447 3474 513 3544 fuit
536 3467 795 3556 Theodericus,
820 3473 882 3567 qui
906 3471 1069 3542 VValliaa
1121 3469 1241 3539 Africa
1255 3469 1427 3554 Romam,
1451 3468 1519 3542 hoc
1533 3476 1697 3548 veniente
1709 3479 1888 3552 Maximus
1905 3507 1984 3554 cum
1998 3486 2100 3575 fuge·

68 3587 311 3677 ‚successerat
345 3572 535 3667 Nunquam
551 3574 642 3642 dssos
657 3572 807 3642 maiores
823 3572 995 3656 exercitus
1010 3571 1070 3642 in·
1119 3583 1379 3654 coronaretur,
1411 3571 1621 3646 interficitur
1639 3573 1840 3651 allomano
1860 3580 2102 3661 militeUrsa.

89 3691 139 3747 ter
160 3697 237 3768 sese
255 3674 438 3764 oppositos
468 3675 575 3742 fuisse
601 3671 778 3742 scribitur.
828 3670 952 3762 Pugna
976 3673 1067 3750 facta
1120 3667 1503 3744 Gensericnsllomam
1524 3673 1802 3766 ingressns‘cnm
1817 3682 1951 3772 ingenti
1968 3687 2100 3756 exerci-

87 3799 182 3848 anno
203 3775 358 3846 secundo
374 3773 564 3856 Martiani,
595 3795 691 3842 anno
709 3769 950 3843 Valentiniani
972 3773 1069 3845 tertii
1120 3784 1179 3851 to,
1208 3770 1361 3843 flectitur
1389 3795 1411 3840 a
1438 3771 1558 3844 Leone
1574 3771 1757 3872 Episcopo
1780 3796 1814 3852 et
1836 3777 2020 3869 Eudoxio,
2051 3807 2101 3854 ne

91 3875 257 3948 vicesimo
288 3874 436 3964 septimo
463 3898 571 3964 prope
592 3869 760 3942 Tolosam
780 3872 826 3946 ab
857 3867 946 3944 bora
972 3896 1068 3944 nona
1117 3872 1243 3942 urbem
1265 3870 1451 3953 incendat,
1483 3874 1561 3945 dies
1593 3889 1711 3950 tamen
1741 3884 2010 3978 quatuordecim
2038 3885 2099 3955 di-

88 3976 157 4047 dici
173 3987 244 4045 tota
269 3985 497 4066 noctemque
519 3976 563 4042 ad
579 3985 782 4066 sequentem
799 3971 912 4054 diem,
937 3985 972 4042 et
991 3985 1065 4046 tru·
1118 3970 1273 4061 captioni
1289 3984 1321 4041 et
1337 3976 1558 4064 quaerendae
1572 3981 1723 4069 praedae
1739 3983 1875 4069 tribuit,
1900 3981 2100 4056 Eudoxiam

88 4077 199 4146 cidata
218 4085 456 4144 suntcentum
478 4085 513 4142 et
531 4073 706 4161 octoginta
730 4071 842 4142 millia
866 4064 1065 4144 hominum.
1117 4070 1233 4141 avexit
1260 4095 1340 4140 cum
1372 4073 1444 4144 lilia
1477 4071 1639 4148 Eudoxia
1669 4084 1790 4162 tertia,
1820 4097 1968 4154 matrem
1996 4085 2098 4154 duxit

85 4175 196 4248 Attila
218 4177 348 4244 fractus
371 4167 437 4241 hac
463 4173 561 4241 clade
583 4185 618 4242 et
640 4185 799 4242 metuens
816 4172 928 4242 lilium
944 4167 1065 4246 Tbeo·
1119 4168 1351 4257 Gensericus,
1379 4171 1458 4244 filio
1487 4189 1603 4246 autem
1633 4179 1732 4252 dedit
1760 4179 1869 4252 liliam
1897 4178 2096 4253 Eudoxiana

72 4259 195 4347 ¹dorici
212 4273 302 4366 regis
320 4271 472 4358 Gottici,
496 4269 663 4364 reliquias
688 4267 859 4343 exercitus
882 4270 1065 4347 suiabdu-
1116 4272 1278 4361 tertiam,
1301 4288 1341 4342 ut
1357 4288 1474 4364 postea
1491 4277 1639 4351 dicetur.

72 4377 150 4462 ¹nit,
176 4375 230 4446 lta
245 4361 395 4444 victores
411 4370 599 4443 existimati
620 4384 702 4441 ssrnt
715 4371 860 4456 Aiitius,
886 4367 1015 4445 Franci
1031 4387 1064 4444 st
1215 4368 1497 4443 Consideremus
1523 4389 1639 4446 autem
1669 4369 1727 4446 hic
1754 4375 1906 4468 iusignia
1936 4383 2096 4474 exempla

86 4473 200 4550 Gotti.
228 4469 281 4545 Et
293 4476 384 4564 regis
400 4471 532 4544 Gottici
549 4465 763 4542 Theoderici
780 4471 953 4558 interfecti
969 4473 1064 4544 filius
1115 4469 1249 4540 iudicii·
1262 4472 1375 4542 divini
1398 4472 1438 4540 in
1462 4471 1715 4547 Valentiniano
1737 4489 1772 4548 et
1793 4476 1971 4565 Maximo,
1997 4481 2096 4553 iuxta
2197 4545 2201 4556 ,

82 4571 347 4646 Dorismundua
364 4576 492 4645 ardens
513 4572 603 4642 insta
628 4573 678 4640 ira
704 4571 895 4660 fugientem
912 4565 1062 4646 Attilam
1112 4572 1286 4659 regulam:
1318 4568 1451 4642 Omnis
1479 4574 1542 4667 qui
1567 4575 1723 4664 gladium
1751 4581 1942 4671 acceperit,
1973 4582 2094 4671 gladio

83 4678 300 4770 sequendum
321 4673 556 4748 esserensnit.
605 4669 685 4744 Etsi
698 4685 813 4743 autem
828 4667 954 4744 Adtius
971 4674 1062 4744 vidit
1112 4672 1255 4764 peribit.
1306 4671 1483 4763 Tempora
1505 4673 1610 4744 etiam
1632 4677 1877 4760 conferantur,
1900 4695 1942 4752 nt
1962 4682 2094 4768 videas,

83 4777 169 4846 utile
183 4791 257 4846 esse
272 4776 441 4868 reliquias
455 4773 626 4846 exercitus
641 4771 770 4856 deleri,
792 4792 839 4842 ne
852 4771 965 4842 Attila
989 4771 1062 4844 lta-
1111 4772 1334 4864 quambrevi
1355 4773 1474 4860 spacio
1497 4796 1631 4860 poenae
1647 4776 1740 4846 aliae
1756 4777 1842 4849 alias
1856 4793 1995 4852 secutae
2010 4795 2094 4854 sunt

82 4877 162 4946 liam
193 4877 392 4948 invaderet:
425 4889 543 4946 tamen
563 4871 662 4968 sequi
685 4896 764 4942 eum
791 4871 925 4958 noluit,
958 4872 1060 4946 estius
1111 4872 1151 4942 in
1175 4870 1315 4962 imperii
1329 4871 1460 4942 ruinis:
1485 4871 1548 4945 Bis
1561 4887 1662 4967 capta
1674 4889 1725 4948 est
1738 4875 1852 4950 Roma
1867 4877 1961 4952 intra
1977 4904 2095 4954 annos

83 4976 217 5048 consilii
236 4998 342 5069 quam
359 4969 521 5049 habuerit
537 4995 763 5050 causamnon
779 4971 934 5063 disputo.
952 5013 954 5018 ·
969 4971 1061 5044 For·
1110 4973 1341 5066 quadraginta
1356 4985 1518 5066 quatuor.
1567 4972 1728 5046 Primum
1742 4976 1794 5046 ab
1809 4973 1956 5053 Alarico
1970 4979 2090 5054 Gotti-

83 5077 179 5150 tassia
197 5089 237 5148 ut
259 5075 433 5168 sapientes
455 5075 589 5150 dicunt.
636 5072 740 5146 Hosti
761 5072 911 5163 fugienti
932 5094 1074 5164 argeum
1109 5095 1151 5142 co
1181 5095 1263 5162 rege
1290 5096 1385 5144 anno
1415 5069 1546 5146 Christi
1574 5077 1920 5168 quadringentesimo
1954 5083 2092 5152 decimo

83 5189 173 5249 tcum
196 5189 340 5268 pontem
365 5176 565 5246 faciendum
588 5195 679 5259 esse,
705 5173 869 5262 rogitavit
889 5195 966 5245 non
980 5173 1059 5244 sine
1106 5185 1235 5264 quarto
1264 5185 1421 5263 tempore
1454 5171 1623 5250 Honorii.
1682 5175 1821 5248 Deinde
1848 5203 1868 5250 a
1896 5179 2104 5271 Genserico

71 5278 210 5358 ¹maiore
233 5275 392 5367 periculo
417 5297 540 5348 rursus
559 5272 786 5346 dimicaturos
815 5296 853 5346 se
876 5295 972 5360 esse,
994 5284 1057 5346 aut
1093 5295 1186 5361 ¹rege
1202 5271 1401 5346 Vandalico
1421 5297 1518 5345 anno
1541 5275 1886 5370 quadringentesimo
1909 5279 2088 5376 quinqua·

71 5373 368 5450 Valentinianum
398 5389 543 5472 propter
569 5374 683 5444 malos
709 5397 826 5446 mores
855 5365 942 5452 odit·
992 5371 1055 5446 ΙΙ-
1104 5371 1237 5464 gesimo
1250 5397 1366 5462 nono,
1390 5395 1486 5448 suno
1501 5373 1673 5448 Martisni
1686 5372 1797 5452 sesto·
