4696 5820
269 347 345 426 εστ
610 299 623 320 ’
841 329 1002 411 naon
1035 335 1110 412 nn
1141 333 1432 418 accnnsra
1461 339 1719 421 cuntsct.
2219 349 2302 426 aas

271 519 421 594 fessione
443 523 584 580 externa
609 530 732 578 vocem
758 507 941 580 doctrinae
960 511 1111 581 eandem
1124 533 1258 584 sonan·
1308 514 1339 584 si
1362 513 1544 588 distinctio
1566 537 1682 609 neque
1704 514 1816 586 oculis
1837 537 1954 611 neque
1968 518 2116 590 auribus
2129 520 2300 609 agnosci·

273 640 326 697 aas
349 637 426 687 eum
443 611 584 682 sanctis.
1307 616 1391 688 tur?
1420 613 1514 688 Cum
1537 629 1727 707 regnarent
1747 617 1787 686 in
1804 617 1933 689 Iudaea
1954 617 2133 702 Herodes,
2159 616 2301 692 Phari-

253 769 256 777 .
372 713 534 807 Cumque
559 714 709 783 nomino
731 711 981 806 amplectentes
1011 709 1256 806 incorruptam
1307 717 1379 788 saei
1402 731 1437 790 et
1455 715 1651 804 sadducei,
1672 717 1737 812 qui
1762 719 1981 791 ordinariam
1997 722 2301 811 gubernationem

275 815 457 908 Evangelii
491 815 710 900 doctrinam,
745 814 961 904 complector
990 823 1026 882 et
1059 812 1256 903 legitimum
1308 819 1496 906 tenebant,
1529 813 1659 891 horum
1684 833 1776 891 certe
1798 821 2108 914 conspiciebantur
2125 824 2301 894 satellitis

276 942 375 1000 asum
392 939 516 988 eorum
531 917 666 987 rituum
691 939 780 1008 quos
797 913 893 986 Deus
914 915 1076 1009 quolibet
1099 928 1258 1008 tempore
1307 933 1341 990 et
1356 920 1477 1010 gladii.
1525 917 1599 998 Nec
1615 921 1800 992 distinctio
1817 923 1917 993 ncilla
1932 924 2027 996 inter
2039 918 2103 994 hos
2121 939 2154 996 et
2169 949 2300 996 veram

269 1020 443 1104 institnit,
475 1030 511 1088 et
532 1017 680 1088 excludo
703 1018 798 1088 idola
820 1030 855 1089 et
879 1014 1111 1109 pertinaciam
1134 1019 1258 1088 deien-
1305 1017 1500 1092 Ecclesiam
1515 1023 1676 1092 sensibus
1701 1023 1948 1113 accipiebatur.

205 1139 208 1155 '
269 1123 381 1201 sionis
395 1120 588 1194 idolorum.
1409 1117 1524 1192 Erant
1553 1145 1634 1192 vera
1655 1119 1724 1194 Dei
1746 1120 1904 1196 Ecclesia
1923 1123 2133 1215 Zacharias,
2168 1121 2300 1198 Elisa·

354 1223 432 1296 Nec
447 1219 670 1292 cavillatione
686 1219 871 1291 turbemur
884 1218 928 1289 de
944 1220 1117 1292 vocabulo
1131 1213 1256 1291 Evan-
1306 1217 1411 1302 beth,
1443 1221 1570 1307 Anna,
1598 1219 1742 1315 loseph,
1775 1223 1910 1307 Maria,
1943 1251 2047 1301 soror
2067 1227 2227 1314 Mariae,
2262 1243 2299 1301 ct

270 1327 371 1424 gelii:
396 1321 623 1416 Complector
648 1315 716 1391 hoc
738 1320 886 1391 nomine
910 1322 1109 1392 doctrinam
1130 1320 1258 1413 poeni·
1307 1324 1369 1394 alii
1385 1323 1501 1407 multi,
1515 1324 1577 1417 qui
1592 1318 1721 1395 horum
1739 1326 1939 1397 doctrinam
1954 1331 2156 1416 audiebant,
2180 1351 2299 1422 quam

271 1429 404 1505 tentiae
422 1440 454 1498 et
469 1438 630 1496 aeternae
646 1421 911 1515 promissionis,
935 1423 1009 1494 imo
1028 1437 1062 1495 et
1081 1418 1205 1514 capita
1216 1423 1256 1491 in
1306 1449 1386 1496 cum
1395 1420 1577 1494 Pharisaei
1590 1439 1623 1496 et
1634 1424 1808 1495 Sadducei
1824 1428 2010 1500 dissentire
2025 1455 2044 1502 a
2060 1433 2133 1503 suis
2146 1431 2299 1524 opinio·

272 1529 447 1630 symbolis
489 1525 652 1609 collecta,
675 1525 783 1608 ,sicut
816 1520 981 1614 Apostoli
1021 1524 1257 1616 appellatione
1307 1528 1413 1598 nibus
1426 1527 1683 1616 intelligerent,
1708 1524 1916 1598 Zachariam
1931 1531 2166 1618 interficiunt,
2192 1535 2299 1625 quod

271 1629 459 1721 Evangelii
473 1642 637 1712 utuntur,
663 1625 707 1695 de
724 1638 795 1696 tota
808 1625 997 1698 ministerii
1013 1627 1068 1697 sui
1082 1626 1256 1697 doctrina.
1306 1631 1419 1697 iacere
1436 1651 1509 1696 uon
1523 1629 1734 1717 potuissent,
1761 1630 1791 1697 si
1807 1630 1989 1703 distinctio
2013 1634 2112 1704 nulla
2128 1636 2298 1704 sensibus

273 1735 370 1828 Quia
393 1732 424 1802 si
445 1731 531 1820 legis
555 1725 828 1820 adpellationem
845 1729 1033 1797 insererem
1048 1728 1185 1819 prolixa
1199 1727 1255 1796 di·
1307 1731 1534 1820 acciperetur.
1586 1727 1668 1798 Non
1684 1742 1830 1819 vagatur
1844 1727 2000 1802 Ecclesia
2013 1733 2296 1806 interAndaba·

273 1835 417 1909 stinctio
437 1832 593 1924 partium
617 1829 703 1920 legis
725 1830 888 1900 addenda
910 1843 1010 1900 esset.
1070 1829 1257 1919 Sapienter
1307 1847 1359 1903 tas
1375 1830 1597 1914 intenebris,
1623 1833 1682 1899 sed
1700 1843 1747 1901 est
1766 1843 1808 1902 ut
1822 1829 1956 1904 Paulus
1969 1835 2099 1929 inquit,
2123 1832 2296 1928 θέατρον

274 1940 399 2010 dicunt
416 1931 674 2016 Iurisconsulti,
698 1930 915 2024 periculosas
932 1953 1006 2000 esse
1023 1931 1256 2014 definitiones,
1308 1927 1375 2002 hoc
1399 1944 1450 2000 est
1475 1931 1710 2023 spectaculum
1733 1933 1889 2016 mundo,
1920 1937 2054 2025 angelis
2074 1950 2109 2008 et
2130 1931 2296 2007 homini·

153 2104 155 2117 ,
273 2040 357 2137 quia
373 2060 448 2108 non
465 2049 516 2106 est
532 2032 728 2104 remedium
753 2046 876 2102 contra
897 2027 1134 2128 sycophantae
1159 2055 1256 2100 mor·
1308 2036 1392 2118 bus,
1418 2055 1479 2102 seu
1503 2047 1543 2103 ut
1563 2033 1733 2102 Salomon
1756 2032 1887 2126 inquit:
1919 2033 2026 2107 Acies
2042 2039 2086 2107 ad
2109 2038 2294 2129 praelian-

275 2165 376 2225 sum,
406 2135 570 2210 invenire
591 2135 693 2204 iacile
715 2148 864 2226 possunt
885 2147 1123 2218 monstrosae,
1154 2132 1254 2202 vir'u-
1308 2137 1393 2205 dum
1410 2134 1598 2215 instructa,
1624 2129 1756 2202 habens
1771 2157 1833 2203 sna
1857 2138 2028 2228 quaedam
2045 2137 2164 2229 signa,
2190 2163 2295 2209 arma

276 2243 393 2312 lentae
417 2252 450 2308 et
474 2235 756 2307 calumniatrices
778 2248 941 2321 naturae,
965 2236 1258 2328 qnodarrodant.
1306 2235 1510 2308 etclassica.
1558 2232 1789 2304 Manifestum
1807 2249 1858 2304 est
1879 2238 1950 2305 dici
1970 2238 2068 2327 signa
2085 2253 2296 2310 monstran-

274 2343 349 2416 Nee
374 2335 528 2410 ablusis
551 2335 610 2408 illa
642 2336 933 2427 depravationum
960 2336 1126 2421 artificia,
1154 2337 1257 2406 seda
1309 2338 1358 2409 tia
1383 2333 1596 2406 Ecclesiam:
1629 2333 1760 2426 Vpcem
1790 2336 1980 2408 ministerii
2010 2341 2204 2429 evangelici
2234 2341 2296 2410 in-

275 2438 437 2536 Sphinge
454 2439 631 2510 oriuntur.
680 2437 736 2510 Sit
752 2441 887 2508 candor
903 2439 941 2508 in
957 2437 1258 2529 interpretatione,
1308 2450 1521 2526 corruptam,
1547 2447 1580 2504 et
1599 2437 1686 2507 ritus
1703 2435 1877 2507 divinitus
1891 2439 2049 2527 traditos,
2074 2439 2188 2535 quiin
2205 2467 2295 2513 ocu-

275 2544 339 2618 ubi
359 2565 440 2612 vere
463 2540 647 2633 explicatio
669 2539 835 2610 adiuncta
859 2553 928 2624 est,
953 2562 1042 2632 quae
1064 2538 1259 2608 calumnias
1310 2541 1363 2609 los
1389 2539 1596 2616 incurrunt,
1632 2538 1889 2607 consessionem
1925 2555 1959 2613 et
1979 2542 2242 2612 invocationem
2272 2568 2294 2614 a

277 2644 462 2741 perspicue
484 2643 635 2725 refutat,
667 2653 702 2711 et
717 2641 826 2710 simus
856 2663 1030 2708 memores
1052 2635 1260 2709 honestissi·
1309 2639 1453 2710 caeteris
1477 2639 1639 2726 gentibus
1666 2639 1879 2713 distinctam.
1937 2637 2018 2729 An,
2050 2653 2130 2713 cuin
2156 2640 2293 2712 loliani

277 2771 356 2818 mae
376 2743 472 2815 vocis
494 2738 764 2836 Thucydideae:
791 2735 972 2834 διαβολὰς
992 2734 1082 2833 μὲν,
1113 2737 1157 2812 οὐ
1182 2745 1257 2811 oni-
1309 2743 1438 2811 milites
1453 2740 1514 2808 alii
1531 2739 1898 2820 sacrificarentidolis,
1920 2743 1982 2810 alii
1997 2744 2189 2813 sacrificare
2208 2745 2294 2812 nol-

276 2869 378 2945 cppost
400 2842 484 2918 ntiae
505 2839 621 2942 λέγειν
643 2866 747 2923 τινας
774 2839 810 2922 ἐς
838 2836 1032 2937 ἀλλήλους,
1065 2840 1149 2914 oti'se
1171 2837 1260 2922 τοὺς
1311 2845 1404 2928 lent,
1430 2841 1610 2912 distinctio
1626 2841 1724 2911 nulla
1745 2841 2051 2932 conspiciebatur?
2075 2844 2145 2915 Sed
2173 2846 2292 2915 nube·

277 2941 485 3027 ἀκούοντας
499 2937 763 3035 ἀποδέχεσθαι.
795 2940 849 3014 Ac
863 2944 967 3035 plane
983 2941 1152 3028 adfirmo,
1180 2956 1259 3013 tan·
1310 2946 1445 3027 culam,
1477 2942 1535 3014 cui
1557 2942 1748 3012 involvunt
1772 2939 1984 3030 Ecclesiam,
2023 2945 2198 3016 obiiciunt
2222 2969 2290 3036 po·

276 3073 384 3148 quam
398 3044 750 3130 demonstrationem,
768 3045 1022 3138 quaeiudicari
1040 3045 1177 3113 ratione
1196 3067 1259 3133 po·
1311 3044 1396 3136 pulo
1414 3042 1471 3112 isti
1487 3041 1675 3119 Platonici.
1726 3041 1833 3133 Quod
1849 3045 2005 3118 creditur
2017 3045 2197 3141 inquiunt,
2213 3071 2291 3116 non

276 3163 358 3235 test,
375 3149 563 3219 tenendam
579 3167 651 3214 esse
666 3139 757 3212 hanc
772 3145 1001 3213 sententiam:
1027 3141 1259 3237 Nequaquam
1311 3147 1468 3216 videtur:
1492 3139 1686 3215 Ecclesiam
1703 3167 1776 3214 esse
1792 3145 1957 3221 creditur.
2006 3145 2090 3218 Non
2111 3147 2219 3238 igitur
2232 3149 2292 3216 vi·

278 3273 353 3334 csse
375 3245 444 3318 Dei
469 3240 663 3316 Ecclesiam
694 3266 753 3312 eos
782 3255 920 3329 coetus,
954 3243 1015 3335 qni
1047 3245 1260 3314 contrariam
1312 3250 1426 3319 detur.
1450 3242 1530 3315 Hoc
1545 3247 1684 3315 vafrum
1702 3245 1927 3317 involucrum
1944 3249 2158 3320 evolvamus.
2189 3245 2293 3320 Mul-

277 3349 476 3424 doctrinam
492 3345 561 3435 legi
576 3342 704 3414 morali
720 3345 926 3415 detendunt.
966 3343 1016 3416 Ut
1029 3341 1176 3416 Ethnici
1192 3347 1261 3414 iin-
1311 3363 1367 3421 tae
1392 3360 1476 3417 sunt
1501 3346 1781 3439 propositiones,
1821 3371 1970 3440 quarum
2000 3353 2064 3428 etsi
2096 3363 2292 3422 cernuntur

278 3454 409 3546 gebant
431 3447 570 3520 turbam
585 3442 759 3516 Deorum:
793 3446 898 3516 multi
921 3447 1066 3516 fanatici
1087 3448 1260 3538 probave-
1310 3447 1483 3530 subiecta,
1507 3461 1623 3518 tamen
1641 3448 1838 3538 praedicata
1854 3448 1922 3518 fide
1941 3450 2059 3521 addus.
2121 3463 2290 3534 ,utcum

279 3565 366 3626 runt
388 3549 582 3621 libidinum
604 3546 848 3616 contusiones:
874 3544 1052 3622 Pontificii
1076 3561 1110 3618 et
1127 3535 1260 3617 Malao·
1312 3551 1479 3621 dicimus:
1505 3546 1569 3628 Sol
1583 3545 1758 3618 estaDeo
1776 3560 1932 3631 creatus,
1959 3545 2045 3621 haec
2067 3564 2187 3622 nostra
2211 3577 2291 3622 cor-

280 3652 404 3728 metici
426 3652 519 3739 leges
540 3645 697 3736 coniugii
720 3646 850 3721 delent.
900 3643 1172 3738 Comprehendo
1195 3649 1262 3738 igi·
1312 3676 1398 3744 pora
1418 3649 1680 3720 revocabuntur
1699 3649 1738 3718 in
1764 3649 1883 3723 vitam.
1934 3647 2006 3721 Hic
2028 3651 2114 3723 fides
2136 3654 2289 3724 assensio

281 3769 342 3828 tur
361 3755 400 3822 in
418 3749 626 3821 delinitione
640 3743 819 3818 Ecclesiae
844 3761 879 3819 et
895 3749 1006 3840 legem
1020 3751 1189 3820 moralem
1205 3773 1262 3819 re·
1312 3767 1381 3831 est,
1424 3775 1493 3843 qua
1520 3750 1694 3840 integram
1725 3749 2004 3841 propositionem
2036 3753 2291 3842 amplectimur.

282 3842 579 3928 steintunam:
628 3845 706 3920 Etsi
732 3861 848 3918 autem
865 3844 1022 3921 Ecclesia
1047 3877 1121 3922 non
1145 3852 1261 3921 cerni·
1315 3852 1365 3924 lta
1381 3851 1535 3922 subiecta
1551 3849 1590 3920 in
1604 3845 1662 3920 his
1674 3850 1979 3942 propositionibus
1997 3853 2109 3946 accipi
2131 3855 2290 3924 sensibus

281 3970 342 4044 tut
364 3967 405 4026 ut
425 3973 574 4041 regnum
597 3947 838 4040 pontificium,
858 3949 897 4021 in
919 3976 990 4046 quo
1011 3954 1199 4024 incurrunt
1222 3954 1261 4022 in
1313 3955 1479 4024 dicimus:
1506 3949 1682 4022 Homines
1694 3965 1859 4021 sonantes
1872 3976 1993 4023 vocem
2008 3947 2192 4045 Evangelii
2209 3972 2289 4026 sunt

281 4033 425 4140 olidos,
446 4050 661 4123 Pontificum
677 4049 867 4143 splendor,
893 4053 1103 4143 dignitatum
1120 4055 1261 4145 gradus,
1312 4053 1469 4126 Ecclesia
1485 4052 1569 4134 Dei,
1590 4075 1652 4122 seu
1670 4064 1806 4136 coetus,
1829 4053 1868 4122 in
1885 4077 1957 4148 quo
1973 4067 2057 4127 sunt
2080 4056 2193 4128 electi.
2241 4053 2290 4128 Et

279 4180 389 4251 opum
416 4153 624 4233 ostentatio,
663 4175 860 4243 purpurae,
891 4155 1074 4238 satellitis,
1108 4156 1261 4249 denique
1312 4170 1430 4228 tamen
1443 4153 1512 4224 fide
1527 4153 1764 4245 praedicatum
1785 4154 1942 4226 additur.
1994 4155 2184 4228 Distinctio
2199 4158 2290 4230 inter

279 4257 402 4332 omnia
418 4256 482 4324 illa
494 4278 583 4349 qasae
591 4252 720 4325 Daniel
734 4254 990 4345 complectitur,
1005 4281 1085 4328 cum
1099 4260 1163 4330 ait:
1190 4256 1261 4330 Co·
1312 4280 1438 4349 agmen
1455 4269 1650 4349 martyrum
1674 4268 1709 4326 et
1729 4255 1901 4349 ty'rannos
1921 4255 2034 4328 oculis
2057 4258 2206 4330 iudicari
2225 4284 2288 4352 po-

279 4364 356 4436 lent
378 4355 494 4428 Deum
523 4354 697 4443 Manaim,
738 4379 826 4427 auro
855 4369 891 4430 et
917 4372 1074 4448 argento.
1123 4359 1261 4430 Tamen
1312 4374 1393 4431 test:
1427 4356 1593 4428 audimus
1615 4356 1870 4427 confessionem
1884 4371 1918 4428 et
1941 4357 2199 4431 invocationem
2213 4361 2289 4454 pio·

281 4457 500 4553 conspicitur
518 4451 695 4543 Ecclesia,
715 4470 756 4528 ut
770 4451 917 4530 honesta
941 4460 1176 4545 aristocratia,
1201 4483 1263 4530 seu
1314 4481 1413 4545 rum,
1433 4459 1595 4530 videmus
1619 4481 1742 4528 eorum
1762 4481 1910 4551 corpora
1932 4460 2079 4531 lacerari
2101 4463 2210 4548 terro,
2234 4463 2288 4534 uri

281 4563 496 4657 piuscoetus
512 4559 715 4632 docentium
738 4572 772 4630 et
794 4559 1005 4634 discentium
1021 4555 1261 4633 Christianam
1313 4561 1465 4633 flammis
1479 4575 1514 4632 et
1531 4559 1653 4631 multis
1667 4559 1784 4630 modis
1798 4559 1958 4635 cruciari.
2010 4559 2080 4632 Hic
2094 4563 2180 4632 fides
2193 4565 2288 4634 addit

280 4654 493 4756 κατήχησιν,
522 4659 583 4755 qui
599 4660 737 4731 tametsi
760 4684 835 4732 non
856 4661 981 4734 iisdem
996 4663 1189 4756 parietibus
1205 4663 1264 4734 in·
1315 4662 1533 4758 praedicata:
1556 4657 1663 4731 Tales
1678 4662 1818 4752 placent
1826 4653 1916 4747 Deo,
1933 4662 2019 4733 tales
2034 4678 2208 4754 praestant
2216 4663 2287 4736 Deo

281 4766 400 4838 clusus
414 4776 478 4848 est,
503 4764 563 4832 sed
580 4762 768 4854 dispersus,
783 4765 930 4835 eandem
945 4777 1064 4836 tamen
1080 4788 1182 4856 verae
1197 4766 1263 4836 do·
1313 4776 1430 4857 gratos
1444 4762 1580 4847 cultus,
1604 4763 1691 4834 tales
1706 4774 1792 4835 sunt
1811 4757 1978 4834 haeredes
1999 4763 2158 4836 coelestis
2171 4761 2288 4836 Eccle-

281 4865 415 4940 ctrinae
436 4877 472 4936 et
494 4865 572 4956 piae
593 4863 828 4936 invocationis
848 4887 971 4935 vocem
994 4882 1105 4940 sonat.
1154 4864 1262 4938 Hunc
1314 4867 1397 4940 siae.
1447 4860 1526 4934 Hac
1546 4863 1778 4956 responsione
1797 4863 1983 4958 perspicue
2003 4865 2144 4939 evoluta
2164 4880 2214 4936 est
2228 4867 2288 4938 ob-

281 4981 419 5040 coetum
436 4967 550 5036 oculis
566 4979 601 5037 et
614 4965 762 5036 auribus
777 4965 948 5058 distingui
968 4991 1070 5061 posse
1084 4968 1130 5039 ab
1145 4969 1264 5039 omni·
1314 4965 1417 5039 iectio
1440 4965 1608 5051 illorum,
1633 4964 1697 5060 qui
1710 4960 1905 5037 Ecclesiam
1926 4965 2065 5058 lingunt
2087 4989 2162 5040 esse
2175 4967 2287 5040 Plato-

280 5073 367 5152 bus,
400 5065 463 5161 qui
489 5067 594 5138 aliam
616 5089 738 5137 vocem
762 5080 910 5154 sonant,
950 5070 1178 5142 manifestum
1202 5083 1263 5141 est.
1313 5069 1431 5142 nicam
1445 5067 1576 5137 ideam.

280 5169 414 5244 Paulos
455 5167 588 5261 inquit:
640 5162 697 5239 ὅτι
734 5163 899 5265 θέατρον
940 5163 1172 5269 ἐγενήθημεν
1207 5175 1263 5268 τῷ
1412 5164 1605 5263 Postquam
1627 5187 1712 5236 vero
1733 5163 1966 5239 constitutum
1996 5180 2109 5241 estet
2140 5171 2285 5263 conspici

281 5269 413 5365 κόσμῳ
425 5264 491 5342 καὶ
506 5263 674 5368 ἀγγέλοις
687 5264 751 5341 καὶ
764 5263 994 5367 ἀνθρώποις.
1046 5272 1163 5361 Quale
1184 5294 1263 5366 spe-
1315 5269 1509 5344 Ecclesiam
1527 5269 1567 5338 in
1581 5261 1752 5353 haesita,
1775 5281 1812 5340 et
1827 5290 1917 5364 quae
1930 5267 2003 5341 sint
2017 5269 2116 5359 signa
2139 5295 2211 5342 non
2227 5274 2286 5343 lat-

282 5373 456 5446 cuculum
478 5365 637 5442 Ecclesia
660 5391 734 5440 esse
755 5384 889 5463 potest,
931 5373 962 5442 si
985 5395 1060 5443 non
1081 5375 1264 5447 cernitur?
1315 5371 1441 5445 lentia:
1459 5370 1767 5442 iamaddeodaest
1780 5369 2163 5444 neeessariadoctrina.
2188 5371 2286 5444 Man-

284 5473 475 5566 Quomodo
495 5466 691 5567 praebendi
710 5494 861 5566 corpora
881 5487 917 5547 et
938 5473 1090 5548 interfici
1105 5489 1278 5571 possunt,
1315 5475 1438 5550 datum
1452 5468 1523 5549 Dei
1534 5495 1607 5546 esse
1621 5469 1728 5554 scias,
1751 5483 1791 5546 ut
1806 5493 1909 5542 verae
1924 5465 2104 5544 Ecclesiae
2120 5485 2153 5546 te
2168 5477 2285 5548 adiun-
